{"host":"90jl2h70xtuoeg0i","time":1608030953,"event":{"mods":["AchievementEnabler","BaseMod","Colored Map","Colored Powertips","Minty Spire (QoL Compilation)","Relic Stats","ojb\u0027s Better Paths Mod","ojb\u0027s Info Mod"],"gold_per_floor":[115,127,127,143,143,143,157,157,157,168,179,179,179,193,193,264,264,275,275,288,299,7,7,26,54,54,54,54,54,82,98,98,175,175,190,209,209,222,222,255,255,274,352,352,382,79,94,124,124,124,124,124,35,67,67],"floor_reached":56,"playtime":9024,"items_purged":["Strike_G","Strike_G"],"score":2185,"play_id":"5f467aa7-3e55-483d-9b4a-e83be153a547","local_time":"20201215061553","is_ascension_mode":true,"campfire_choices":[{"data":"Finisher","floor":6.0,"key":"SMITH"},{"data":"Phantasmal Killer","floor":15.0,"key":"SMITH"},{"data":"Adrenaline","floor":23.0,"key":"SMITH"},{"data":"Leg Sweep","floor":27.0,"key":"SMITH"},{"data":"Neutralize","floor":32.0,"key":"SMITH"},{"data":"Finisher","floor":41,"key":"SMITH"},{"floor":44,"key":"RECALL"},{"data":"Burst","floor":49,"key":"SMITH"},{"data":"After Image","floor":52,"key":"SMITH"}],"circlet_count":0,"master_deck":["AscendersBane","Strike_G","Defend_G","Defend_G","Defend_G","Defend_G","Survivor","Neutralize+1","CurseOfTheBell","Leg Sweep+1","Dagger Throw","Finisher+1","Burst+1","Slice","Corpse Explosion+1","Poisoned Stab","Phantasmal Killer+1","Endless Agony","Infinite Blades","After Image+1","Riddle With Holes+1","Distraction+1","Footwork+1","Slice+1","Adrenaline+1","Masterful Stab","Blade Dance+1","Footwork+1","Wraith Form v2+1","Finisher+1","Deflect+1","Backstab+1","PiercingWail+1","Acrobatics+1","Outmaneuver","Backflip+1","Burst+1","PiercingWail+1","Infinite Blades+1","Accuracy+1","Blade Dance","Accuracy+1","Acrobatics+1"],"relics":["Calling Bell","Tiny Chest","White Beast Statue","Prayer Wheel","Meat on the Bone","InkBottle","Ninja Scroll","Matryoshka","WristBlade","HornCleat","Smiling Mask","War Paint","Pocketwatch","Centennial Puzzle","CaptainsWheel","Frozen Egg 2","Mummified Hand","Runic Dome","Gremlin Horn","Molten Egg 2","Art of War","Nunchaku","Du-Vu Doll","Orichalcum"],"acts_visited":["Exordium","TheCity","TheBeyond","TheEnding"],"potions_floor_usage":[35,38,47,48,48,55],"damage_taken":[{"damage":9.0,"enemies":"Cultist","floor":1.0,"turns":6.0},{"damage":9.0,"enemies":"Jaw Worm","floor":2.0,"turns":6.0},{"damage":1.0,"enemies":"Small Slimes","floor":4.0,"turns":4.0},{"damage":10.0,"enemies":"Blue Slaver","floor":7.0,"turns":6.0},{"damage":4.0,"enemies":"Exordium Thugs","floor":10.0,"turns":4.0},{"damage":0.0,"enemies":"Lots of Slimes","floor":11.0,"turns":4.0},{"damage":0.0,"enemies":"Gremlin Gang","floor":14.0,"turns":1.0},{"damage":1.0,"enemies":"Slime Boss","floor":16.0,"turns":6.0},{"damage":0.0,"enemies":"Chosen","floor":18.0,"turns":3.0},{"damage":0.0,"enemies":"3 Byrds","floor":20.0,"turns":2.0},{"damage":0.0,"enemies":"3 Cultists","floor":21.0,"turns":2.0},{"damage":0.0,"enemies":"Snecko","floor":24.0,"turns":3.0},{"damage":0.0,"enemies":"Book of Stabbing","floor":25.0,"turns":2.0},{"damage":9.0,"enemies":"Gremlin Leader","floor":30.0,"turns":5.0},{"damage":0.0,"enemies":"Centurion and Healer","floor":31.0,"turns":2.0},{"damage":27,"enemies":"Champ","floor":33,"turns":9},{"damage":2,"enemies":"3 Shapes","floor":35,"turns":2},{"damage":0,"enemies":"3 Darklings","floor":36,"turns":3},{"damage":13,"enemies":"Maw","floor":38,"turns":5},{"damage":3,"enemies":"Nemesis","floor":40,"turns":3},{"damage":0,"enemies":"Spire Growth","floor":42,"turns":2},{"damage":0,"enemies":"Reptomancer","floor":45,"turns":3},{"damage":2,"enemies":"Jaw Worm Horde","floor":47,"turns":2},{"damage":10,"enemies":"Nemesis","floor":48,"turns":5},{"damage":19,"enemies":"Awakened One","floor":50,"turns":6},{"damage":12,"enemies":"Shield and Spear","floor":54,"turns":3},{"damage":16,"enemies":"The Heart","floor":55,"turns":8}],"seed_played":"9134324181571137474","potions_obtained":[{"floor":1.0,"key":"SpeedPotion"},{"floor":2.0,"key":"ColorlessPotion"},{"floor":4.0,"key":"Block Potion"},{"floor":10.0,"key":"AttackPotion"},{"floor":11.0,"key":"Swift Potion"},{"floor":14.0,"key":"GhostInAJar"},{"floor":16.0,"key":"LiquidBronze"},{"floor":20.0,"key":"SteroidPotion"},{"floor":21.0,"key":"CunningPotion"},{"floor":24.0,"key":"ColorlessPotion"},{"floor":25.0,"key":"SteroidPotion"},{"floor":30.0,"key":"Regen Potion"},{"floor":31.0,"key":"GamblersBrew"},{"floor":33,"key":"Explosive Potion"},{"floor":35,"key":"Block Potion"},{"floor":38,"key":"BlessingOfTheForge"},{"floor":40,"key":"Fire Potion"},{"floor":42,"key":"LiquidMemories"},{"floor":45,"key":"SteroidPotion"},{"floor":47,"key":"Regen Potion"},{"floor":48,"key":"BlessingOfTheForge"},{"floor":54,"key":"SkillPotion"}],"is_trial":false,"path_per_floor":["M","M","?","M","T","R","M","T","T","M","M","?","T","M","R","B",null,"M","T","M","M","$","R","M","E","T","R","T","?","E","M","R","B",null,"M","M","?","M","T","E","R","M","T","R","E","$","M","E","R","B",null,"R","$","E","B",null],"character_chosen":"THE_SILENT","items_purchased":["Masterful Stab","War Paint","Nunchaku","Infinite Blades+1","Accuracy+1"],"campfire_rested":0,"item_purchase_floors":[22,22,46,46,53],"current_hp_per_floor":[50,41,41,40,40,40,42,42,42,38,38,31,31,43,43,42,60,60,60,60,60,60,60,60,60,60,60,60,60,51,51,51,36,59,57,57,57,44,44,41,41,41,41,41,41,41,39,63,63,44,61,61,61,49,45],"gold":67,"neow_bonus":"BOSS_RELIC","is_daily":false,"chose_seed":false,"campfire_upgraded":8,"win_rate":0.0,"timestamp":1608030953,"path_taken":["M","M","?","?","?","R","M","?","T","?","M","?","?","M","R","BOSS","M","?","?","?","?","R","M","E","T","R","?","?","E","M","R","BOSS","M","?","?","M","?","E","R","M","T","R","E","$","?","E","R","BOSS","R","$","E","BOSS"],"items_purchased_type":["Card","Relic","Relic","Card","Card"],"build_version":"2020-12-13","purchased_purges":2,"victory":true,"max_hp_per_floor":[66,66,66,66,66,66,66,66,66,66,66,66,66,66,66,66,66,66,66,66,66,66,66,66,66,66,66,66,66,66,66,66,66,66,66,66,66,66,66,66,66,66,66,66,66,66,66,66,66,66,66,66,66,66,66],"relic_stats":{"Gremlin Horn":[10,10],"counters":[27,107],"War Paint":["Corpse Explosion","Burst"],"Orichalcum":[18],"Smiling Mask":75,"Centennial Puzzle":[29],"Nunchaku":[13],"Mummified Hand":[53],"Tiny Chest":4,"Prayer Wheel":17,"Art of War":[0],"obtain_stats":[{"Gremlin Horn":39,"Smiling Mask":19,"Centennial Puzzle":26,"Nunchaku":46,"Matryoshka":13,"HornCleat":19,"WristBlade":17,"Ninja Scroll":9,"Mummified Hand":30,"Tiny Chest":0,"Prayer Wheel":0,"InkBottle":8,"Ring of the Snake":0,"War Paint":22,"Frozen Egg 2":28,"Orichalcum":54,"White Beast Statue":0,"Calling Bell":0,"Du-Vu Doll":48,"Runic Dome":34,"CaptainsWheel":26,"Molten Egg 2":40,"Art of War":45,"Meat on the Bone":5,"Pocketwatch":25},{"Gremlin Horn":19,"Smiling Mask":9,"Centennial Puzzle":13,"Nunchaku":22,"Matryoshka":6,"HornCleat":9,"WristBlade":8,"Ninja Scroll":4,"Mummified Hand":14,"Tiny Chest":0,"Prayer Wheel":0,"InkBottle":4,"Ring of the Snake":0,"War Paint":11,"Frozen Egg 2":13,"Orichalcum":26,"White Beast Statue":0,"Calling Bell":0,"Du-Vu Doll":24,"Runic Dome":16,"CaptainsWheel":13,"Molten Egg 2":20,"Art of War":22,"Meat on the Bone":3,"Pocketwatch":13},{"Gremlin Horn":75,"Smiling Mask":40,"Centennial Puzzle":49,"Nunchaku":83,"Matryoshka":30,"HornCleat":40,"WristBlade":37,"Ninja Scroll":22,"Mummified Hand":54,"Tiny Chest":0,"Prayer Wheel":0,"InkBottle":22,"Ring of the Snake":0,"War Paint":44,"Frozen Egg 2":49,"Orichalcum":99,"White Beast Statue":0,"Calling Bell":0,"Du-Vu Doll":90,"Runic Dome":65,"CaptainsWheel":49,"Molten Egg 2":78,"Art of War":83,"Meat on the Bone":16,"Pocketwatch":49}],"InkBottle":[66],"Meat on the Bone":48,"Pocketwatch":[8]},"card_choices":[{"not_picked":["Deadly Poison","Poisoned Stab"],"picked":"Leg Sweep","floor":1.0},{"not_picked":["Dodge and Roll","Deadly Poison"],"picked":"Dagger Throw","floor":1.0},{"not_picked":["Dodge and Roll","Expertise"],"picked":"Finisher","floor":2.0},{"not_picked":["Distraction","Cloak And Dagger","Backflip"],"picked":"SKIP","floor":2.0},{"not_picked":["Dodge and Roll","Leg Sweep"],"picked":"Slice","floor":4.0},{"not_picked":["Deflect","Skewer","Outmaneuver"],"picked":"SKIP","floor":4.0},{"not_picked":["Expertise","Slice"],"picked":"Corpse Explosion","floor":7.0},{"not_picked":["Prepared","Backflip","Catalyst"],"picked":"SKIP","floor":7.0},{"not_picked":["Bane","Expertise"],"picked":"Poisoned Stab","floor":10.0},{"not_picked":["Deadly Poison","Dagger Spray"],"picked":"Phantasmal Killer","floor":10.0},{"not_picked":["Predator","Flying Knee"],"picked":"Endless Agony","floor":11.0},{"not_picked":["Cloak And Dagger","Bane","Backflip"],"picked":"SKIP","floor":11.0},{"not_picked":["Backflip","Dodge and Roll"],"picked":"Infinite Blades","floor":14.0},{"not_picked":["Slice","Dagger Throw","Doppelganger"],"picked":"SKIP","floor":14.0},{"not_picked":["Die Die Die","Doppelganger"],"picked":"After Image","floor":16.0},{"not_picked":["Flying Knee","Sucker Punch"],"picked":"Riddle With Holes+1","floor":18.0},{"not_picked":["Dagger Throw","Flying Knee"],"picked":"Distraction+1","floor":18.0},{"not_picked":["Backflip+1","Expertise+1"],"picked":"Footwork+1","floor":20.0},{"not_picked":["Footwork","Flying Knee+1"],"picked":"Slice+1","floor":20.0},{"not_picked":["Deadly Poison","Accuracy"],"picked":"Adrenaline","floor":21.0},{"not_picked":["Deadly Poison","Bane","Dodge and Roll"],"picked":"SKIP","floor":21.0},{"not_picked":["Flying Knee","Eviscerate","Catalyst"],"picked":"SKIP","floor":24.0},{"not_picked":["Slice","Poisoned Stab","Dagger Throw+1"],"picked":"SKIP","floor":24.0},{"not_picked":["Doppelganger","Escape Plan","Poisoned Stab"],"picked":"SKIP","floor":25.0},{"not_picked":["PiercingWail","Footwork+1"],"picked":"Blade Dance+1","floor":30.0},{"not_picked":["Crippling Poison","Cloak And Dagger"],"picked":"Footwork+1","floor":31.0},{"not_picked":["All Out Attack","Poisoned Stab","Underhanded Strike"],"picked":"SKIP","floor":31.0},{"not_picked":["All Out Attack","Poisoned Stab","Underhanded Strike"],"picked":"SKIP","floor":31.0},{"not_picked":["Venomology","Grand Finale"],"picked":"Wraith Form v2+1","floor":33},{"not_picked":["Footwork+1","Prepared"],"picked":"Finisher","floor":35},{"not_picked":["Catalyst","Quick Slash+1"],"picked":"Deflect+1","floor":35},{"not_picked":["Flying Knee+1","PiercingWail"],"picked":"Backstab+1","floor":36},{"not_picked":["Flechettes","Prepared","Dodge and Roll"],"picked":"SKIP","floor":36},{"not_picked":["Poisoned Stab","Flying Knee"],"picked":"PiercingWail+1","floor":38},{"not_picked":["All Out Attack","Outmaneuver"],"picked":"Acrobatics+1","floor":38},{"not_picked":["Prepared+1","Cloak And Dagger"],"picked":"Outmaneuver","floor":40},{"not_picked":["Dagger Throw+1","Underhanded Strike+1"],"picked":"Backflip+1","floor":42},{"not_picked":["Choke+1","Eviscerate+1"],"picked":"Burst","floor":42},{"not_picked":["Dagger Spray+1","Slice+1"],"picked":"PiercingWail+1","floor":45},{"not_picked":["Dodge and Roll","Underhanded Strike+1"],"picked":"Accuracy+1","floor":47},{"not_picked":["All Out Attack+1","PiercingWail+1"],"picked":"Blade Dance","floor":47},{"not_picked":["Expertise","Poisoned Stab+1","Unload+1"],"picked":"SKIP","floor":48},{"not_picked":["Cloak And Dagger+1","Dagger Throw+1"],"picked":"Acrobatics+1","floor":54}],"player_experience":1278074,"relics_obtained":[{"floor":0.0,"key":"Tiny Chest"},{"floor":0.0,"key":"White Beast Statue"},{"floor":0.0,"key":"Prayer Wheel"},{"floor":5.0,"key":"Meat on the Bone"},{"floor":8.0,"key":"InkBottle"},{"floor":9.0,"key":"Ninja Scroll"},{"floor":13.0,"key":"Matryoshka"},{"floor":19.0,"key":"HornCleat"},{"floor":19.0,"key":"Smiling Mask"},{"floor":25.0,"key":"Pocketwatch"},{"floor":26.0,"key":"Centennial Puzzle"},{"floor":26.0,"key":"CaptainsWheel"},{"floor":28.0,"key":"Frozen Egg 2"},{"floor":30.0,"key":"Mummified Hand"},{"floor":39,"key":"Gremlin Horn"},{"floor":40,"key":"Molten Egg 2"},{"floor":45,"key":"Art of War"},{"floor":48,"key":"Du-Vu Doll"},{"floor":54,"key":"Orichalcum"}],"event_choices":[{"damage_healed":0.0,"max_hp_gain":0.0,"max_hp_loss":0.0,"gold_gain":0.0,"cards_transformed":["Defend_G"],"event_name":"Transmorgrifier","player_choice":"Transformed","floor":3.0,"gold_loss":0.0,"damage_taken":0.0,"cards_obtained":["Burst"]},{"cards_removed":["Strike_G"],"damage_healed":0.0,"max_hp_gain":0.0,"max_hp_loss":0.0,"gold_gain":0.0,"event_name":"Golden Wing","player_choice":"Card Removal","floor":12.0,"gold_loss":0.0,"damage_taken":7.0},{"cards_removed":["Strike_G"],"damage_healed":0.0,"max_hp_gain":0.0,"max_hp_loss":0.0,"gold_gain":0.0,"event_name":"Purifier","player_choice":"Purged","floor":29.0,"gold_loss":0.0,"damage_taken":0.0},{"damage_healed":0,"gold_gain":0,"player_choice":"Ignored","damage_taken":0,"max_hp_gain":0,"max_hp_loss":0,"event_name":"Tomb of Lord Red Mask","floor":37,"gold_loss":0}],"is_beta":false,"boss_relics":[{"not_picked":["Sozu","Empty Cage"],"picked":"WristBlade"},{"not_picked":["Busted Crown","Velvet Choker"],"picked":"Runic Dome"}],"items_purged_floors":[22,46],"is_endless":false,"potions_floor_spawned":[1,2,4,7,10,11,14,16,18,20,21,24,25,30,31,33,35,36,38,40,42,45,47,48,54],"ascension_level":17}}