{"host":"h5acbxt0wmjo1kpm","time":1608037561,"event":{"mods":["2.2 Compatiblity","Act Like it!","AlwaysNeverKeys","Aspiration","Bartender","BaseMod","Better Third Choice","Colored Map","Downfall","Elementarium","Gensokyo","GifTheSpireLib","Hallownest","Marisa????????","Minty Spire (QoL Compilation)","Permanent Neow","Potionbrewer","Relic Filter","Replay The Spire","Robot Space Explorer","RumiaBox-????????","Shade Mod","Spicy Shops","StSLib","The Blackbeard","The Dragon Tamer","The Forsaken","The Gatherer","The Problem Sleuth","The Servant 0.9.4","Wandering Minibosses","vexMod"],"gold_per_floor":[99,130,130,130,130,164,189,189,189,217,270,270,350,368,382,458,458,458,476,476,81,81,81,81,6,16,16,16],"floor_reached":27,"playtime":1180,"items_purged":["Delirium"],"score":405,"play_id":"3fca6c9c-dede-4452-beab-4789289fbd8c","local_time":"20201215050601","is_ascension_mode":true,"campfire_choices":[{"data":"hexamod:Sear","floor":1.0,"key":"SMITH"},{"data":"hexamod:RainOfEmbers","floor":4.0,"key":"SMITH"},{"data":"hexamod:SearingWound","floor":8.0,"key":"SMITH"},{"data":"theSleuth:MortholDryax","floor":18,"key":"PURGE"},{"data":"Injury","floor":23,"key":"PURGE"},{"data":"hexamod:UnlimitedPower","floor":25,"key":"PURGE"}],"circlet_count":0,"master_deck":["AscendersBane","hexamod:NecessarySacrifice","hexamod:RainOfEmbers+1","hexamod:SearingWound+1","hexamod:RadiantFlame","hexamod:HeatShield","hexamod:FirstSeal","hexamod:SkipABeat","hexamod:FifthSeal","hexamod:TimeOfNeed+1","hexamod:CrushingStance+1","hexamod:FifthSeal","hexamod:GiftsFromTheDead","hexamod:UnleashSpirits","hexamod:GiftsFromTheDead","hexamod:VolcanoVisage","hexamod:TurnItUp","ReplayTheSpireMod:IOU","hexamod:Firestarter+1","hexamod:ThirdSeal","hexamod:FourthSeal","hexamod:FastForward","hexamod:FastForward"],"relics":["hexamod:SpiritBrand","downfall:HeartsMalice","Tiny Chest","vexMod:MemoryStick","LastBattle","Centennial Puzzle","Replay:Ancient Bell","Simple Rune","SumBook","Peace Pipe","TungstenRod","downfall:HeartBlessingBlue"],"acts_visited":["Exordium","TheCity"],"potions_floor_usage":[15,16,19,21,27],"damage_taken":[{"damage":0.0,"enemies":"Gremlin Nob","floor":2.0,"turns":1.0},{"damage":0.0,"enemies":"Cultist","floor":3.0,"turns":1.0},{"damage":0.0,"enemies":"Jaw Worm","floor":5.0,"turns":1.0},{"damage":9.0,"enemies":"Lagavulin","floor":10.0,"turns":4.0},{"damage":0,"enemies":"2 Louse","floor":14,"turns":3},{"damage":0,"enemies":"Blue Slaver","floor":15,"turns":3},{"damage":10,"enemies":"downfall:Watcher","floor":16,"turns":7},{"damage":0,"enemies":"Chosen","floor":19,"turns":4},{"damage":16,"enemies":"downfall:FleeingMerchant","floor":21,"turns":7},{"damage":22,"enemies":"3 Byrds","floor":26,"turns":4},{"damage":27,"enemies":"Slavers","floor":27,"turns":4}],"seed_played":"-938816015750986403","potions_obtained":[{"floor":2.0,"key":"FearPotion"},{"floor":6.0,"key":"LifebloodPotion"},{"floor":6.0,"key":"Flashbang"},{"floor":15,"key":"BlessingOfTheForge"},{"floor":16,"key":"ColorlessPotion"},{"floor":19,"key":"potionbrewer:FireTonic"},{"floor":26,"key":"DistilledChaos"}],"is_trial":false,"path_per_floor":["R","E","M","R","M","?","T","R","?","E","T","?","?","M","M","B",null,"R","M","?","$","T","R","T","R","M","E"],"character_chosen":"THE_SPIRIT","items_purchased":["TungstenRod"],"campfire_rested":0,"item_purchase_floors":[21],"current_hp_per_floor":[57,57,57,57,57,42,42,42,42,33,33,33,33,33,33,23,53,53,53,53,44,44,44,44,54,39,12,12],"gold":16,"neow_bonus":"THREE_ENEMY_KILL","is_daily":false,"chose_seed":false,"campfire_upgraded":3,"win_rate":0.0,"timestamp":1608037561,"path_taken":["R","E","M","R","?","?","T","R","?","E","?","?","?","M","M","BOSS","R","M","?","$","?","R","T","R","?","E"],"items_purchased_type":["Relic"],"build_version":"2020-12-13","purchased_purges":1,"victory":false,"max_hp_per_floor":[63,63,63,63,63,63,63,63,63,63,63,63,63,63,63,63,63,63,63,63,63,63,63,63,73,73,73,73],"card_choices":[{"not_picked":["hexamod:ChargedBarrage","hexamod:ApocalypticArmor"],"picked":"hexamod:NecessarySacrifice","floor":2.0},{"not_picked":["hexamod:SwordOfDarkness","hexamod:GhostLash"],"picked":"hexamod:RainOfEmbers","floor":3.0},{"not_picked":["hexamod:Again","hexamod:GhostLash"],"picked":"hexamod:SearingWound","floor":5.0},{"not_picked":["hexamod:BacktrackSmack","hexamod:SoulSteal"],"picked":"hexamod:RadiantFlame","floor":6.0},{"not_picked":["hexamod:Again","hexamod:PhantomCloak"],"picked":"hexamod:HeatShield","floor":10.0},{"not_picked":["hexamod:GhostShield","hexamod:NightmareStrike"],"picked":"hexamod:FirstSeal","floor":14},{"not_picked":["hexamod:GhostLash","hexamod:BacktrackSmack"],"picked":"hexamod:SkipABeat","floor":15},{"not_picked":["hexamod:SixthSeal","hexamod:TimeOfNeed"],"picked":"hexamod:FifthSeal","floor":16},{"not_picked":["Guardian:Aged","Shame"],"picked":"ReplayTheSpireMod:IOU","floor":17},{"not_picked":["Guardian:Aged","Hallownest:curseDreamersLament"],"picked":"Injury","floor":17},{"not_picked":["Shame","ReplayTheSpireMod:Restless Dread"],"picked":"theSleuth:MortholDryax","floor":17},{"not_picked":["hexamod:NightmareGuise","hexamod:UnleashSpirits"],"picked":"hexamod:Firestarter+1","floor":19},{"not_picked":["hexamod:FourthSeal","hexamod:FirstSeal"],"picked":"hexamod:ThirdSeal","floor":21},{"not_picked":["hexamod:FirstSeal","hexamod:FifthSeal"],"picked":"hexamod:FourthSeal","floor":21},{"not_picked":["hexamod:HauntingEcho","hexamod:Incineration"],"picked":"hexamod:FastForward","floor":21},{"not_picked":["hexamod:GhostShield","hexamod:FirstSeal"],"picked":"hexamod:FastForward","floor":26},{"not_picked":["hexamod:SwordOfDarkness","hexamod:NightmareStrike+1","hexamod:NecessarySacrifice"],"picked":"SKIP","floor":26}],"player_experience":2258994,"relics_obtained":[{"floor":2.0,"key":"Tiny Chest"},{"floor":7.0,"key":"vexMod:MemoryStick"},{"floor":10.0,"key":"LastBattle"},{"floor":11.0,"key":"Centennial Puzzle"}],"event_choices":[],"is_beta":false,"boss_relics":[{"not_picked":["ChewingGum","Fusion Hammer"],"picked":"Replay:Ancient Bell"},{"not_picked":["potionbrewer:Torch","Dream Catcher"],"picked":"Simple Rune"},{"not_picked":["Replay:Accelerometer","Sundial"],"picked":"SumBook"},{"not_picked":["Girya","hexamod:SoulOfChaos"],"picked":"Peace Pipe"}],"items_purged_floors":[21],"is_endless":false,"potions_floor_spawned":[2,14,15,16,19],"killed_by":"Slavers","ascension_level":14}}