{"host":"28p8ce41sjwa6lzf","time":1608073795,"event":{"mods":["BaseMod","Colored Map","Colored Powertips","Highlight Path","Minty Spire (QoL Compilation)","Permanent Neow","Quick Restart","Random Character Button","Rare Cards Sparkle","Relic Stats","StSLib","Unceasing Turn Reminder"],"gold_per_floor":[118,43,59,70,70,100,100,134,134,134,134,134,6,21,21,95,95,111,123,138,150,150,150,180,180,252,252,26,54,54,82,82,155,155,172,185,185,199,37,70,70,104,104,150,150,175,175,186,186,231,231,231,231,9,36,36],"floor_reached":57,"playtime":5560,"items_purged":["Strike_B"],"score":3048,"play_id":"9c7b282f-b12b-4721-b130-7f062cddd218","local_time":"20201215170955","is_ascension_mode":true,"campfire_choices":[{"floor":7.0,"key":"REST"},{"floor":10.0,"key":"REST"},{"data":"Defragment","floor":15.0,"key":"SMITH"},{"floor":23.0,"key":"REST"},{"floor":27.0,"key":"REST"},{"floor":30.0,"key":"REST"},{"data":"Apotheosis","floor":32.0,"key":"SMITH"},{"data":"Meteor Strike","floor":41.0,"key":"SMITH"},{"data":"Capacitor","floor":45.0,"key":"SMITH"},{"floor":47.0,"key":"REST"},{"floor":49.0,"key":"RECALL"},{"floor":53.0,"key":"REST"}],"circlet_count":0,"master_deck":["AscendersBane","Strike_B","Strike_B","Defend_B","Defend_B","Defend_B","Defend_B","Zap+1","Dualcast","Apotheosis+1","Capacitor","Chaos+1","Loop","Force Field","Meteor Strike+1","Defragment+1","Capacitor+1","White Noise","Echo Form","Reinforced Body","Cold Snap","BootSequence","Auto Shields","Writhe","Doubt","Reinforced Body","Heatsinks","Hologram","Hologram","Coolheaded","Undo+1","Biased Cognition+1","CurseOfTheBell","Barrage+1","Hologram","Madness","Hologram","Buffer+1","Reboot+1","Pain","Chill+1","Compile Driver","White Noise+1","Defragment+1","Turbo+1","Reinforced Body+1"],"relics":["Cracked Core","Happy Flower","Mercury Hourglass","Mummified Hand","Bag of Preparation","Cursed Key","Dream Catcher","Bottled Tornado","Letter Opener","Frozen Egg 2","Art of War","Calling Bell","War Paint","Symbiotic Virus","Ginger","Lee\u0027s Waffle","Torii","Toxic Egg 2","Unceasing Top","Ice Cream","Runic Capacitor","Akabeko"],"acts_visited":["Exordium","TheCity","TheBeyond","TheEnding"],"potions_floor_usage":[56],"damage_taken":[{"damage":1.0,"enemies":"Small Slimes","floor":1.0,"turns":3.0},{"damage":4.0,"enemies":"Jaw Worm","floor":3.0,"turns":4.0},{"damage":7.0,"enemies":"2 Louse","floor":4.0,"turns":2.0},{"damage":29.0,"enemies":"Gremlin Nob","floor":6.0,"turns":4.0},{"damage":12.0,"enemies":"Lagavulin","floor":8.0,"turns":5.0},{"damage":1.0,"enemies":"Lots of Slimes","floor":14.0,"turns":3.0},{"damage":0.0,"enemies":"Slime Boss","floor":16.0,"turns":6.0},{"damage":13.0,"enemies":"Shell Parasite","floor":18.0,"turns":3.0},{"damage":33.0,"enemies":"3 Byrds","floor":19.0,"turns":4.0},{"damage":1.0,"enemies":"Centurion and Healer","floor":20.0,"turns":7.0},{"damage":10.0,"enemies":"Snecko","floor":21.0,"turns":4.0},{"damage":32.0,"enemies":"Slavers","floor":24.0,"turns":5.0},{"damage":1.0,"enemies":"Gremlin Leader","floor":29.0,"turns":5.0},{"damage":3.0,"enemies":"Slavers","floor":31.0,"turns":5.0},{"damage":0.0,"enemies":"Automaton","floor":33.0,"turns":14.0},{"damage":0.0,"enemies":"Orb Walker","floor":35.0,"turns":5.0},{"damage":10.0,"enemies":"3 Shapes","floor":36.0,"turns":4.0},{"damage":3.0,"enemies":"Transient","floor":38.0,"turns":6.0},{"damage":12.0,"enemies":"Reptomancer","floor":40.0,"turns":5.0},{"damage":1.0,"enemies":"Giant Head","floor":42.0,"turns":9.0},{"damage":30.0,"enemies":"2 Orb Walkers","floor":44.0,"turns":5.0},{"damage":3.0,"enemies":"Mind Bloom Boss Battle","floor":46.0,"turns":7.0},{"damage":4.0,"enemies":"Jaw Worm Horde","floor":48.0,"turns":5.0},{"damage":30.0,"enemies":"Awakened One","floor":50.0,"turns":19.0},{"damage":8.0,"enemies":"Donu and Deca","floor":51.0,"turns":6.0},{"damage":28.0,"enemies":"Shield and Spear","floor":55.0,"turns":6.0},{"damage":34,"enemies":"The Heart","floor":56,"turns":7}],"seed_played":"-6751389949519148225","potions_obtained":[{"floor":3.0,"key":"CultistPotion"},{"floor":4.0,"key":"EssenceOfSteel"},{"floor":6.0,"key":"EssenceOfSteel"},{"floor":16.0,"key":"FocusPotion"},{"floor":31.0,"key":"DuplicationPotion"},{"floor":33.0,"key":"AttackPotion"},{"floor":35.0,"key":"DuplicationPotion"},{"floor":44.0,"key":"Fire Potion"},{"floor":48.0,"key":"ColorlessPotion"},{"floor":55.0,"key":"AttackPotion"}],"is_trial":false,"path_per_floor":["M","$","M","M","?","E","R","E","T","R","?","?","$","M","R","B",null,"M","M","M","M","?","R","E","T","T","R","$","E","R","E","R","B",null,"M","M","?","M","$","E","R","E","T","?","R","?","R","M","R","B","B",null,"R","$","E","B",null],"character_chosen":"DEFECT","items_purchased":["Chaos","Capacitor","SkillPotion","Heatsinks","Weak Potion","Hologram","Lee\u0027s Waffle","Runic Capacitor","PowerPotion"],"campfire_rested":7,"item_purchase_floors":[2,13,13,28,28,28,39,54,54],"current_hp_per_floor":[63,63,59,52,41,12,31,19,19,38,43,43,43,42,42,42,62,49,16,15,5,19,39,7,7,7,27,27,26,46,43,43,43,63,63,53,53,50,76,64,64,63,63,33,33,30,52,48,48,18,10,60,76,76,48,14],"gold":36,"neow_bonus":"RANDOM_COLORLESS_2","is_daily":false,"chose_seed":false,"campfire_upgraded":4,"win_rate":0.0,"timestamp":1608073795,"path_taken":["M","$","M","M","?","E","R","E","T","R","?","?","$","M","R","BOSS","M","M","M","?","?","R","E","?","T","R","?","E","R","E","R","BOSS","M","M","?","M","$","E","R","E","T","?","R","?","R","M","R","BOSS","BOSS","R","$","E","BOSS"],"items_purchased_type":["Card","Card","Potion","Card","Potion","Card","Relic","Relic","Potion"],"build_version":"2020-12-13","purchased_purges":1,"victory":true,"max_hp_per_floor":[64,64,64,64,64,64,64,64,64,64,69,69,69,69,69,69,69,69,69,69,69,69,69,69,69,69,69,69,69,69,69,69,69,69,69,69,69,69,76,76,76,76,76,76,76,76,76,76,76,76,76,76,76,76,76,76],"relic_stats":{"Lee\u0027s Waffle":26,"Happy Flower":[49],"Torii":37,"counters":[27,155],"Bag of Preparation":[44],"Letter Opener":[514],"Ginger":[16],"War Paint":["Chaos","Zap"],"Cursed Key":3,"Mercury Hourglass":[611],"Dream Catcher":4,"Mummified Hand":[274],"Art of War":[35],"obtain_stats":[{"Ice Cream":46,"Lee\u0027s Waffle":39,"Happy Flower":5,"Torii":40,"Bag of Preparation":9,"Runic Capacitor":54,"Letter Opener":26,"Ginger":34,"Bottled Tornado":25,"Frozen Egg 2":29,"War Paint":34,"Cursed Key":17,"Akabeko":55,"Mercury Hourglass":6,"Calling Bell":34,"Dream Catcher":24,"Mummified Hand":8,"Art of War":31,"Toxic Egg 2":42,"Cracked Core":0,"Symbiotic Virus":34,"Unceasing Top":44},{"Ice Cream":22,"Lee\u0027s Waffle":18,"Happy Flower":3,"Torii":19,"Bag of Preparation":5,"Runic Capacitor":25,"Letter Opener":12,"Ginger":15,"Bottled Tornado":12,"Frozen Egg 2":13,"War Paint":15,"Cursed Key":7,"Akabeko":26,"Mercury Hourglass":4,"Calling Bell":15,"Dream Catcher":12,"Mummified Hand":5,"Art of War":14,"Toxic Egg 2":20,"Cracked Core":0,"Symbiotic Virus":15,"Unceasing Top":21},{"Ice Cream":113,"Lee\u0027s Waffle":87,"Happy Flower":9,"Torii":92,"Bag of Preparation":18,"Runic Capacitor":142,"Letter Opener":49,"Ginger":72,"Bottled Tornado":49,"Frozen Egg 2":54,"War Paint":72,"Cursed Key":26,"Akabeko":148,"Mercury Hourglass":13,"Calling Bell":72,"Dream Catcher":49,"Mummified Hand":18,"Art of War":58,"Toxic Egg 2":101,"Cracked Core":0,"Symbiotic Virus":72,"Unceasing Top":106}],"Unceasing Top":[7]},"card_choices":[{"not_picked":["Secret Technique","Master of Strategy"],"picked":"Apotheosis","floor":0.0},{"not_picked":["Coolheaded","Gash"],"picked":"Capacitor","floor":1.0},{"not_picked":["Steam","Beam Cell"],"picked":"Loop","floor":3.0},{"not_picked":["Barrage","Go for the Eyes"],"picked":"Force Field","floor":4.0},{"not_picked":["Barrage","Redo"],"picked":"Meteor Strike","floor":6.0},{"not_picked":["Sweeping Beam","Conserve Battery"],"picked":"Defragment","floor":8.0},{"not_picked":["Conserve Battery","Gash"],"picked":"White Noise","floor":14.0},{"not_picked":["Core Surge","Hyperbeam"],"picked":"Echo Form","floor":16.0},{"not_picked":["Hologram","Blizzard+1"],"picked":"Reinforced Body","floor":18.0},{"not_picked":["Storm","Sweeping Beam"],"picked":"Cold Snap","floor":19.0},{"not_picked":["Go for the Eyes","Scrape","Redo"],"picked":"SKIP","floor":20.0},{"not_picked":["Fusion","Sweeping Beam+1"],"picked":"BootSequence","floor":21.0},{"not_picked":["Reboot","Beam Cell"],"picked":"Auto Shields","floor":24.0},{"not_picked":["Gash","Undo"],"picked":"Reinforced Body","floor":27.0},{"not_picked":["FTL","Blizzard"],"picked":"Hologram","floor":29.0},{"not_picked":["Beam Cell","Redo+1"],"picked":"Coolheaded","floor":30.0},{"not_picked":["Redo","Blizzard"],"picked":"Undo+1","floor":31.0},{"not_picked":["All For One","Fission"],"picked":"Biased Cognition+1","floor":33.0},{"not_picked":["Ball Lightning+1","Go for the Eyes"],"picked":"Barrage+1","floor":35.0},{"not_picked":["Doom and Gloom","Leap"],"picked":"Hologram","floor":36.0},{"not_picked":["Mind Blast","Good Instincts"],"picked":"Madness","floor":37.0},{"not_picked":["Chaos","Genetic Algorithm"],"picked":"Hologram","floor":38.0},{"not_picked":["Storm+1","Redo"],"picked":"Buffer+1","floor":40.0},{"not_picked":["Force Field+1","Melter"],"picked":"Reboot+1","floor":42.0},{"not_picked":["Hello World+1","Ball Lightning"],"picked":"Chill+1","floor":44.0},{"not_picked":["Redo+1","Aggregate+1"],"picked":"Compile Driver","floor":46.0},{"not_picked":["Coolheaded+1","Chaos+1"],"picked":"White Noise+1","floor":47.0},{"not_picked":["Stack+1","Capacitor+1"],"picked":"Defragment+1","floor":48.0},{"not_picked":["Genetic Algorithm+1","Barrage"],"picked":"Turbo+1","floor":53.0},{"not_picked":["Stack+1","Ball Lightning"],"picked":"Reinforced Body+1","floor":55.0}],"player_experience":998295,"relics_obtained":[{"floor":6.0,"key":"Mercury Hourglass"},{"floor":8.0,"key":"Mummified Hand"},{"floor":9.0,"key":"Bag of Preparation"},{"floor":24.0,"key":"Dream Catcher"},{"floor":25.0,"key":"Bottled Tornado"},{"floor":26.0,"key":"Letter Opener"},{"floor":29.0,"key":"Frozen Egg 2"},{"floor":31.0,"key":"Art of War"},{"floor":34.0,"key":"War Paint"},{"floor":34.0,"key":"Symbiotic Virus"},{"floor":34.0,"key":"Ginger"},{"floor":40.0,"key":"Torii"},{"floor":42.0,"key":"Toxic Egg 2"},{"floor":44.0,"key":"Unceasing Top"},{"floor":46.0,"key":"Ice Cream"},{"floor":55.0,"key":"Akabeko"}],"event_choices":[{"damage_healed":0.0,"max_hp_gain":0.0,"max_hp_loss":0.0,"gold_gain":0.0,"event_name":"Scrap Ooze","player_choice":"Success","floor":5.0,"gold_loss":0.0,"damage_taken":11.0,"relics_obtained":["Happy Flower"]},{"damage_healed":0.0,"max_hp_gain":5.0,"max_hp_loss":0.0,"gold_gain":0.0,"event_name":"Big Fish","player_choice":"Donut","floor":11.0,"gold_loss":0.0,"damage_taken":0.0},{"cards_removed":["Strike_B"],"damage_healed":0.0,"max_hp_gain":0.0,"max_hp_loss":0.0,"gold_gain":0.0,"event_name":"Purifier","player_choice":"Purged","floor":12.0,"gold_loss":0.0,"damage_taken":0.0},{"damage_healed":14.0,"max_hp_gain":0.0,"max_hp_loss":0.0,"gold_gain":0.0,"event_name":"The Library","player_choice":"Heal","floor":22.0,"gold_loss":0.0,"damage_taken":0.0},{"damage_healed":0.0,"max_hp_gain":0.0,"max_hp_loss":0.0,"gold_gain":0.0,"event_name":"SensoryStone","player_choice":"Memory 1","floor":37.0,"gold_loss":0.0,"damage_taken":0.0},{"damage_healed":0.0,"max_hp_gain":0.0,"max_hp_loss":0.0,"gold_gain":0.0,"event_name":"Mysterious Sphere","player_choice":"Fight","floor":44.0,"gold_loss":0.0,"damage_taken":0.0},{"damage_healed":0.0,"max_hp_gain":0.0,"max_hp_loss":0.0,"gold_gain":0.0,"event_name":"MindBloom","player_choice":"Fight","floor":46.0,"gold_loss":0.0,"damage_taken":0.0}],"is_beta":false,"boss_relics":[{"not_picked":["Runic Pyramid","Empty Cage"],"picked":"Cursed Key"},{"not_picked":["Astrolabe","Tiny House"],"picked":"Calling Bell"}],"items_purged_floors":[28],"is_endless":false,"potions_floor_spawned":[3,4,6,16,21,31,33,35,44,48,55],"ascension_level":20}}