{"host":"Justin","time":1608030244,"event":{"mods":["BaseMod","BetterRewards","Colored Map","Colored Powertips","DeckTracker","Duelist Mod","Hermit","Highlight Path","Hubris","Infinite Spire","Minty Spire (QoL Compilation)","Replay The Spire","Shop Mod","StSLib","The Animator","The Jungle","The Necromancer"],"gold_per_floor":[111,111,111,126,76,110,110,123,203,220,255,267,301,301,301,301,301],"floor_reached":16,"playtime":1201,"items_purged":[],"score":145,"play_id":"06d99530-2f8d-414c-9150-7ccc8a519f87","local_time":"20201215120404","is_ascension_mode":false,"campfire_choices":[{"floor":15,"key":"REST"}],"circlet_count":0,"master_deck":["Strike_G","Strike_G+1","Strike_G","Strike_G+1","Defend_G","Defend_G","Defend_G","Defend_G","Survivor","Neutralize","Backflip","Night Terror","Blade Dance+1","Backflip","Blade Dance","Heel Hook","Choke","Sucker Punch"],"relics":["theDuelist:CardPoolRelic","NeowsBlessing","infinitespire:Cubic Diamond","Boot","Eternal Feather","Whetstone","hubris:Icosahedron"],"acts_visited":["Exordium"],"potions_floor_usage":[10,10,11,12],"damage_taken":[{"damage":0,"enemies":"Cultist","floor":1,"turns":1},{"damage":0,"enemies":"Small Slimes","floor":4,"turns":2},{"damage":0,"enemies":"3 Sentries","floor":6,"turns":1},{"damage":0,"enemies":"2 Louse","floor":8,"turns":2},{"damage":16,"enemies":"Exordium Thugs","floor":10,"turns":4},{"damage":16,"enemies":"Lagavulin","floor":11,"turns":8},{"damage":0,"enemies":"Looter","floor":12,"turns":2},{"damage":14,"enemies":"3 Sentries","floor":13,"turns":9},{"damage":54,"enemies":"Hexaghost","floor":16,"turns":11}],"seed_played":"-7967682787441863057","potions_obtained":[{"floor":1,"key":"Swift Potion"},{"floor":6,"key":"ColorlessPotion"},{"floor":10,"key":"Weak Potion"},{"floor":11,"key":"AttackPotion"}],"is_trial":false,"path_per_floor":["M","?","?","M","?","E","?","M","T","M","E","M","E","?","R","B"],"character_chosen":"THE_SILENT","items_purchased":[],"campfire_rested":1,"item_purchase_floors":[],"current_hp_per_floor":[70,70,70,70,70,70,70,70,70,54,38,38,24,24,54,0,0],"gold":301,"neow_bonus":"THREE_ENEMY_KILL","is_daily":false,"chose_seed":false,"campfire_upgraded":0,"win_rate":0.0,"timestamp":1608030244,"path_taken":["M","?","?","M","?","E","?","M","T","?","E","M","E","?","R","BOSS"],"items_purchased_type":[],"build_version":"2020-11-17","purchased_purges":0,"victory":false,"max_hp_per_floor":[70,70,70,70,70,70,70,70,70,70,70,70,70,70,70,70,70],"card_choices":[{"not_picked":["Tactician","Flying Knee","Deflect"],"picked":"SKIP","floor":1},{"not_picked":["Blur","Slice"],"picked":"Night Terror","floor":4},{"not_picked":["Terror","Dagger Spray"],"picked":"Blade Dance","floor":6},{"not_picked":["Outmaneuver","Underhanded Strike"],"picked":"Backflip","floor":8},{"not_picked":["Sucker Punch","Backflip"],"picked":"Blade Dance","floor":10},{"not_picked":["Dagger Throw","Bane"],"picked":"Heel Hook","floor":11},{"not_picked":["Backflip","Toxin Wave"],"picked":"Choke","floor":12},{"not_picked":["PiercingWail","Outmaneuver"],"picked":"Sucker Punch","floor":13}],"player_experience":15467,"relics_obtained":[{"floor":6,"key":"Boot"},{"floor":11,"key":"Eternal Feather"},{"floor":13,"key":"Whetstone"}],"event_choices":[{"damage_healed":0,"gold_gain":0,"cards_transformed":["Strike_G"],"player_choice":"Change","damage_taken":0,"max_hp_gain":0,"max_hp_loss":0,"event_name":"Living Wall","floor":2,"gold_loss":0,"cards_obtained":["Backflip"]},{"cards_removed":["Defend_G"],"damage_healed":0,"gold_gain":0,"player_choice":"Card Removal","damage_taken":0,"max_hp_gain":0,"max_hp_loss":0,"event_name":"The Cleric","floor":5,"gold_loss":50},{"damage_healed":0,"gold_gain":0,"player_choice":"Upgraded","damage_taken":0,"max_hp_gain":0,"max_hp_loss":0,"event_name":"Upgrade Shrine","floor":7,"gold_loss":0,"cards_upgraded":["Blade Dance"]}],"is_beta":true,"boss_relics":[],"items_purged_floors":[],"is_endless":false,"potions_floor_spawned":[1,6,10,11],"killed_by":"Hexaghost","ascension_level":0}}