{"host":"mi0eibewekhugwl1","time":1608044241,"event":{"mods":["AchievementEnabler","BaseMod","Colored Map","Colored Powertips","DeckTracker","Keyboard Shortcuts","Minty Spire (QoL Compilation)","Quick Restart","Rare Cards Sparkle","Relic Stats","StSLib","SuperFastMode","everything is the same but u backflip on backflip"],"gold_per_floor":[213,228,63,83,101,101,117,117,117,117,117],"floor_reached":10,"playtime":220,"items_purged":["Strike_B"],"score":120,"play_id":"99d60f16-3eb6-486e-9d8d-0d15f44a0555","local_time":"20201215235721","is_ascension_mode":true,"campfire_choices":[{"data":"Sunder","floor":6,"key":"SMITH"},{"data":"Beam Cell","floor":8,"key":"SMITH"}],"circlet_count":0,"master_deck":["AscendersBane","Strike_B","Strike_B","Strike_B","Defend_B","Defend_B","Defend_B","Defend_B","Zap","Dualcast","Melter","Loop","Undo","Coolheaded","Sunder+1","Beam Cell+1"],"relics":["Cracked Core","InkBottle"],"acts_visited":["Exordium"],"potions_floor_usage":[],"damage_taken":[{"damage":7,"enemies":"Jaw Worm","floor":1,"turns":3},{"damage":3,"enemies":"2 Louse","floor":2,"turns":2},{"damage":3,"enemies":"Small Slimes","floor":4,"turns":4},{"damage":1,"enemies":"Blue Slaver","floor":5,"turns":7},{"damage":5,"enemies":"Large Slime","floor":7,"turns":5},{"damage":45,"enemies":"3 Sentries","floor":10,"turns":6}],"seed_played":"-4070725846181300954","potions_obtained":[{"floor":2,"key":"Strength Potion"},{"floor":4,"key":"FearPotion"}],"is_trial":false,"path_per_floor":["M","M","$","M","M","R","M","R","T","E"],"character_chosen":"DEFECT","items_purchased":["Undo"],"campfire_rested":0,"item_purchase_floors":[3],"current_hp_per_floor":[57,54,54,51,50,50,45,45,45,0,0],"gold":117,"neow_bonus":"HUNDRED_GOLD","is_daily":false,"chose_seed":false,"campfire_upgraded":2,"win_rate":0.0,"timestamp":1608044241,"path_taken":["M","M","$","M","M","R","M","R","T","E"],"items_purchased_type":["Card"],"build_version":"2020-12-13","purchased_purges":1,"victory":false,"max_hp_per_floor":[71,71,71,71,71,71,71,71,71,71,71],"relic_stats":{"counters":[6,27],"obtain_stats":[{"Cracked Core":0,"InkBottle":9},{"Cracked Core":0,"InkBottle":5},{"Cracked Core":0,"InkBottle":21}],"InkBottle":[1]},"card_choices":[{"not_picked":["Stack","Storm"],"picked":"Melter","floor":1},{"not_picked":["Beam Cell","Rip and Tear"],"picked":"Loop","floor":2},{"not_picked":["Streamline","Compile Driver"],"picked":"Coolheaded","floor":4},{"not_picked":["Gash","Redo"],"picked":"Sunder","floor":5},{"not_picked":["Go for the Eyes","Hologram"],"picked":"Beam Cell","floor":7}],"player_experience":1666609,"relics_obtained":[{"floor":9,"key":"InkBottle"}],"event_choices":[],"is_beta":false,"boss_relics":[],"items_purged_floors":[3],"is_endless":false,"potions_floor_spawned":[2,4,5],"killed_by":"3 Sentries","ascension_level":20}}