{"host":"7gewg82ormp6yt4e","time":1608048011,"event":{"mods":["BaseMod","Block Reminder","Colored Map","Colored Powertips","DeckTracker","Highlight Path","Minty Spire (QoL Compilation)","Relic Stats","StSLib"],"gold_per_floor":[113,188,188,207,4,4,39,39,39,70,70,96,129,129,129,200,200,215,234,234,68,68,68,95,111,185,110,121,121,156,156,156,227,227,240,130,142,142,142,142,38,58,58,58,76,76,96,115,115,115,115,115,115,30,65,65],"floor_reached":57,"playtime":6185,"items_purged":[],"score":2708,"play_id":"acdaea43-c10e-4fca-95ba-9b0f0b786c4b","local_time":"20201216010011","is_ascension_mode":true,"campfire_choices":[{"data":"Blade Dance","floor":6.0,"key":"SMITH"},{"data":"Footwork","floor":8.0,"key":"SMITH"},{"data":"Well Laid Plans","floor":11.0,"key":"SMITH"},{"data":"Caltrops","floor":15.0,"key":"SMITH"},{"data":"Footwork","floor":23.0,"key":"SMITH"},{"floor":29.0,"key":"REST"},{"floor":32.0,"key":"REST"},{"floor":40.0,"key":"RECALL"},{"data":"Footwork","floor":44.0,"key":"SMITH"},{"floor":49.0,"key":"REST"},{"data":"Flechettes","floor":53.0,"key":"SMITH"}],"circlet_count":0,"master_deck":["AscendersBane","Defend_G","Defend_G+1","Defend_G","Defend_G","Defend_G","Survivor","Neutralize","Blade Dance+1","Well Laid Plans+1","Footwork+1","Dagger Throw","Dodge and Roll","Night Terror+1","Flechettes+1","Caltrops+1","Underhanded Strike","Venomology+1","Footwork+1","PiercingWail+1","Burst+1","Envenom","Dash","Footwork+1","PiercingWail+1","Burst+1","A Thousand Cuts+1","Sucker Punch+1","Noxious Fumes+1","Cloak And Dagger+1","Caltrops+1","Corpse Explosion+1","Acrobatics+1","Backflip+1","Caltrops+1","After Image+1"],"relics":["Ring of the Snake","Vajra","Pear","Question Card","Toxic Egg 2","Odd Mushroom","Mummified Hand","Snecko Eye","PreservedInsect","Bottled Lightning","Frozen Egg 2","Busted Crown","Bottled Flame","Shuriken"],"acts_visited":["Exordium","TheCity","TheBeyond","TheEnding"],"potions_floor_usage":[56,56,56,56,56,56],"damage_taken":[{"damage":0.0,"enemies":"Small Slimes","floor":1.0,"turns":3.0},{"damage":1.0,"enemies":"Cultist","floor":4.0,"turns":4.0},{"damage":10.0,"enemies":"Lagavulin","floor":7.0,"turns":7.0},{"damage":4.0,"enemies":"3 Sentries","floor":10.0,"turns":11.0},{"damage":12.0,"enemies":"The Mushroom Lair","floor":12.0,"turns":6.0},{"damage":0.0,"enemies":"Gremlin Nob","floor":13.0,"turns":2.0},{"damage":8.0,"enemies":"Hexaghost","floor":16.0,"turns":7.0},{"damage":1.0,"enemies":"3 Byrds","floor":18.0,"turns":6.0},{"damage":4.0,"enemies":"Shell Parasite","floor":19.0,"turns":4.0},{"damage":14.0,"enemies":"Gremlin Leader","floor":24.0,"turns":10.0},{"damage":0.0,"enemies":"3 Cultists","floor":25.0,"turns":3.0},{"damage":14.0,"enemies":"Centurion and Healer","floor":28.0,"turns":6.0},{"damage":4.0,"enemies":"Slavers","floor":30.0,"turns":4.0},{"damage":15.0,"enemies":"Champ","floor":33.0,"turns":17.0},{"damage":0.0,"enemies":"3 Shapes","floor":35.0,"turns":4.0},{"damage":22.0,"enemies":"3 Darklings","floor":37.0,"turns":4.0},{"damage":0.0,"enemies":"Transient","floor":42.0,"turns":6.0},{"damage":12.0,"enemies":"Writhing Mass","floor":45.0,"turns":8.0},{"damage":0.0,"enemies":"Jaw Worm Horde","floor":47.0,"turns":4.0},{"damage":0.0,"enemies":"4 Shapes","floor":48.0,"turns":5.0},{"damage":24.0,"enemies":"Donu and Deca","floor":50.0,"turns":7.0},{"damage":46.0,"enemies":"Awakened One","floor":51.0,"turns":30.0},{"damage":9.0,"enemies":"Shield and Spear","floor":55.0,"turns":5.0},{"damage":46,"enemies":"The Heart","floor":56,"turns":8}],"seed_played":"-4896569851516525547","potions_obtained":[{"floor":4.0,"key":"SpeedPotion"},{"floor":7.0,"key":"EntropicBrew"},{"floor":18.0,"key":"DistilledChaos"},{"floor":24.0,"key":"BlessingOfTheForge"},{"floor":33.0,"key":"DistilledChaos"},{"floor":42.0,"key":"Explosive Potion"},{"floor":45.0,"key":"Strength Potion"},{"floor":47.0,"key":"SneckoOil"},{"floor":55.0,"key":"Dexterity Potion"}],"is_trial":false,"path_per_floor":["M","?","?","M","$","R","E","R","T","E","R","?","E","?","R","B",null,"M","M","?","$","?","R","E","M","T","?","M","R","E","?","R","B",null,"M","?","M","T","?","R","$","M","T","R","M","?","M","M","R","B","B",null,"R","$","E","B",null],"character_chosen":"THE_SILENT","items_purchased":["Footwork","SteroidPotion","Dagger Throw","Envenom","Dash","Noxious Fumes+1","Cloak And Dagger+1","Caltrops+1"],"campfire_rested":3,"item_purchase_floors":[5,5,5,21,21,41,41,54],"current_hp_per_floor":[59,48,48,47,47,47,47,47,47,43,43,31,31,31,31,23,63,62,58,58,58,58,58,44,44,44,44,30,52,48,26,50,35,70,70,70,48,48,48,48,48,48,48,48,36,36,36,36,59,35,4,59,59,59,50,4],"gold":65,"neow_bonus":"RANDOM_COMMON_RELIC","is_daily":false,"chose_seed":false,"campfire_upgraded":7,"win_rate":0.0,"timestamp":1608048011,"path_taken":["M","?","?","?","$","R","E","R","T","E","R","?","E","?","R","BOSS","M","M","?","$","?","R","E","?","T","?","M","R","E","?","R","BOSS","M","?","?","?","?","R","$","M","T","R","M","?","?","M","R","BOSS","BOSS","R","$","E","BOSS"],"items_purchased_type":["Card","Potion","Card","Card","Card","Card","Card","Card"],"build_version":"2020-12-13","purchased_purges":0,"victory":true,"max_hp_per_floor":[66,66,66,66,66,66,76,76,76,76,76,76,76,76,76,76,76,76,76,76,76,76,76,76,76,76,76,76,76,76,81,81,81,81,81,81,81,81,77,77,77,77,77,77,77,77,77,77,77,77,77,77,77,77,77,77],"relic_stats":{"Busted Crown":14,"counters":[24,171],"Mummified Hand":[254],"Shuriken":[8],"Snecko Eye":[257,263,242,253],"PreservedInsect":118,"Question Card":18,"obtain_stats":[{"Pear":7,"Vajra":0,"PreservedInsect":24,"Odd Mushroom":12,"Frozen Egg 2":30,"Question Card":9,"Bottled Flame":43,"Busted Crown":34,"Mummified Hand":13,"Shuriken":55,"Snecko Eye":17,"Bottled Lightning":26,"Toxic Egg 2":10,"Ring of the Snake":0},{"Pear":3,"Vajra":0,"PreservedInsect":10,"Odd Mushroom":5,"Frozen Egg 2":13,"Question Card":3,"Bottled Flame":17,"Busted Crown":14,"Mummified Hand":6,"Shuriken":23,"Snecko Eye":7,"Bottled Lightning":11,"Toxic Egg 2":4,"Ring of the Snake":0},{"Pear":14,"Vajra":0,"PreservedInsect":60,"Odd Mushroom":31,"Frozen Egg 2":73,"Question Card":14,"Bottled Flame":104,"Busted Crown":90,"Mummified Hand":33,"Shuriken":163,"Snecko Eye":40,"Bottled Lightning":63,"Toxic Egg 2":25,"Ring of the Snake":0}],"Ring of the Snake":[48]},"card_choices":[{"not_picked":["Poisoned Stab","Bane"],"picked":"Blade Dance","floor":1.0},{"not_picked":["Tactician","Deflect","Dodge and Roll"],"picked":"SKIP","floor":4.0},{"not_picked":["Deadly Poison","Sucker Punch"],"picked":"Dodge and Roll","floor":7.0},{"not_picked":["Sucker Punch","Quick Slash","Concentrate+1"],"picked":"Night Terror+1","floor":10.0},{"not_picked":["Dagger Throw","Outmaneuver+1","Quick Slash"],"picked":"Flechettes","floor":12.0},{"not_picked":["Distraction+1","Quick Slash","Grand Finale"],"picked":"Caltrops","floor":13.0},{"not_picked":["Wraith Form v2","Unload","Grand Finale"],"picked":"Venomology+1","floor":16.0},{"not_picked":["Distraction+1","Bane","Blur+1"],"picked":"Footwork","floor":18.0},{"not_picked":["All Out Attack","Deflect+1","Acrobatics+1"],"picked":"PiercingWail+1","floor":19.0},{"not_picked":["Poisoned Stab","Infinite Blades","Endless Agony"],"picked":"Footwork","floor":24.0},{"not_picked":["Poisoned Stab","Flying Knee","Slice"],"picked":"PiercingWail+1","floor":25.0},{"not_picked":["Quick Slash","Dagger Throw","Slice","Dagger Spray"],"picked":"SKIP","floor":28.0},{"not_picked":["Outmaneuver+1","Concentrate+1","Tools of the Trade+1"],"picked":"Burst+1","floor":30.0},{"not_picked":["Doppelganger+1","Storm of Steel+1","Die Die Die"],"picked":"A Thousand Cuts+1","floor":33.0},{"not_picked":["Acrobatics+1"],"picked":"Sucker Punch+1","floor":35.0},{"not_picked":["Dagger Spray","Slice+1"],"picked":"SKIP","floor":37.0},{"not_picked":["Accuracy+1"],"picked":"Caltrops+1","floor":42.0},{"not_picked":["Poisoned Stab"],"picked":"Corpse Explosion+1","floor":45.0},{"not_picked":["Prepared+1"],"picked":"Acrobatics+1","floor":47.0},{"not_picked":["Poisoned Stab+1"],"picked":"Backflip+1","floor":48.0},{"not_picked":["Finisher"],"picked":"After Image+1","floor":55.0}],"player_experience":2369906,"relics_obtained":[{"floor":7.0,"key":"Pear"},{"floor":9.0,"key":"Question Card"},{"floor":10.0,"key":"Toxic Egg 2"},{"floor":12.0,"key":"Odd Mushroom"},{"floor":13.0,"key":"Mummified Hand"},{"floor":24.0,"key":"PreservedInsect"},{"floor":26.0,"key":"Bottled Lightning"},{"floor":30.0,"key":"Frozen Egg 2"},{"floor":43.0,"key":"Bottled Flame"},{"floor":55.0,"key":"Shuriken"}],"event_choices":[{"damage_healed":0.0,"max_hp_gain":0.0,"max_hp_loss":0.0,"gold_gain":75.0,"event_name":"World of Goop","player_choice":"Gather Gold","floor":2.0,"gold_loss":0.0,"damage_taken":11.0},{"damage_healed":0.0,"max_hp_gain":0.0,"max_hp_loss":0.0,"gold_gain":0.0,"event_name":"Match and Keep!","player_choice":"1 cards matched","floor":3.0,"gold_loss":0.0,"damage_taken":0.0,"cards_obtained":["Well Laid Plans"]},{"damage_healed":0.0,"max_hp_gain":0.0,"max_hp_loss":0.0,"gold_gain":0.0,"event_name":"Mushrooms","player_choice":"Fought Mushrooms","floor":12.0,"gold_loss":0.0,"damage_taken":0.0},{"damage_healed":0.0,"max_hp_gain":0.0,"max_hp_loss":0.0,"gold_gain":0.0,"cards_transformed":["Strike_G"],"event_name":"Living Wall","player_choice":"Change","floor":14.0,"gold_loss":0.0,"damage_taken":0.0,"cards_obtained":["Underhanded Strike"]},{"damage_healed":0.0,"max_hp_gain":0.0,"max_hp_loss":0.0,"gold_gain":0.0,"cards_transformed":["Strike_G","Strike_G"],"event_name":"Drug Dealer","player_choice":"Became Test Subject","floor":20.0,"gold_loss":0.0,"damage_taken":0.0,"cards_obtained":["Burst","Backstab"]},{"damage_healed":0.0,"max_hp_gain":0.0,"max_hp_loss":0.0,"gold_gain":0.0,"event_name":"Match and Keep!","player_choice":"0 cards matched","floor":22.0,"gold_loss":0.0,"damage_taken":0.0,"cards_obtained":[]},{"damage_healed":0.0,"max_hp_gain":0.0,"max_hp_loss":0.0,"gold_gain":0.0,"event_name":"Match and Keep!","player_choice":"0 cards matched","floor":22.0,"gold_loss":0.0,"damage_taken":0.0,"cards_obtained":[]},{"cards_removed":["Strike_G"],"damage_healed":0.0,"max_hp_gain":0.0,"max_hp_loss":0.0,"gold_gain":0.0,"event_name":"Beggar","player_choice":"Gave Gold","floor":27.0,"gold_loss":75.0,"damage_taken":0.0},{"damage_healed":0.0,"max_hp_gain":5.0,"max_hp_loss":0.0,"gold_gain":0.0,"event_name":"Forgotten Altar","player_choice":"Shed Blood","floor":31.0,"gold_loss":0.0,"damage_taken":27.0},{"cards_removed":["Strike_G"],"damage_healed":0.0,"max_hp_gain":0.0,"max_hp_loss":0.0,"gold_gain":0.0,"event_name":"Designer","player_choice":"Upgrade and Remove","floor":36.0,"gold_loss":110.0,"damage_taken":0.0,"cards_upgraded":["Defend_G"]},{"damage_healed":0.0,"max_hp_gain":0.0,"max_hp_loss":4.0,"gold_gain":0.0,"event_name":"Winding Halls","player_choice":"Max HP","floor":39.0,"gold_loss":0.0,"damage_taken":0.0},{"cards_removed":["Backstab"],"damage_healed":0.0,"max_hp_gain":0.0,"max_hp_loss":0.0,"gold_gain":0.0,"event_name":"Purifier","player_choice":"Purged","floor":46.0,"gold_loss":0.0,"damage_taken":0.0}],"is_beta":false,"boss_relics":[{"not_picked":["Sozu","SlaversCollar"],"picked":"Snecko Eye"},{"not_picked":["Ring of the Serpent","Velvet Choker"],"picked":"Busted Crown"}],"items_purged_floors":[],"is_endless":false,"potions_floor_spawned":[4,7,18,24,33,42,45,47,55],"ascension_level":20}}