{"host":"8a3g9edf69u3epoz","time":1608012900,"event":{"mods":["BaseMod","Minty Spire (QoL Compilation)","MostiFishMod","Relic Stats","Remilia（蕾米莉亚）","StSLib","TestMod","UnlockEverythingMod","WarShipGirlsR/战舰少女R mod"],"gold_per_floor":[119,119,15,35,46,77,77,106,106,106,24,36,93,125,125,199,199,213,223,223,163,179,209,209,235,235,255,192,192,203,203,203,276,276,294,179,69,88,102,119,144,144,194,194,219,229,259,259,259,259,259,259,259,23,58,58],"floor_reached":57,"playtime":2464,"items_purged":["Strike_B","Strike_B+1"],"score":3146,"play_id":"03c3ed5d-65f5-4003-82de-efe86a05c9e2","local_time":"20201215141500","is_ascension_mode":true,"campfire_choices":[{"data":"MostiFishMod:SeaWaves","floor":7,"key":"SMITH"},{"floor":10,"key":"REST"},{"data":"testmod-SelfRegulatingSystem","floor":15,"key":"SMITH"},{"data":"MostiFishMod:UniBlue","floor":24,"key":"SMITH"},{"data":"Capacitor","floor":29,"key":"SMITH"},{"data":"MostiFishMod:GatherIntelligence","floor":32,"key":"SMITH"},{"data":"White Noise","floor":42,"key":"SMITH"},{"floor":44,"key":"RECALL"},{"data":"MostiFishMod:FourSeasons","floor":49,"key":"SMITH"},{"data":"Chill","floor":53,"key":"SMITH"}],"circlet_count":0,"master_deck":["AscendersBane","Strike_B+1","Defend_B+1","Defend_B+1","Defend_B+1","Defend_B+1","Zap","Dualcast","Chaos","testmod-SelfRegulatingSystem+1","Cold Snap","MostiFishMod:SeaWaves+1","Turbo","Defragment","White Noise+1","MostiFishMod:GatherIntelligence+1","MostiFishMod:UniBlue+1","Coolheaded","Capacitor+1","MostiFishMod:ActiveDefenseSystem","Core Surge","Coolheaded+1","MostiFishMod:Hijack","Lockon","Storm+1","Defragment+1","Loop","MostiFishMod:FourSeasons+1","Chill+1","Double Energy","MostiFishMod:STOP"],"relics":["Cracked Core","DaveBox","testmod-TestBox","Membership Card","testmod-ArcanaOfDestiny","NeowsBlessing","Question Card","Omamori","testmod-EqualTreatment","Singing Bowl","testmod-Hope","DianDianMeat","ImportantClient","RhineCircuit","Kunai","testmod-BalancedPeriapt","Question Card","testmod-AssaultLearning","testmod-CardMagician","MealTicket","Strawberry","testmod-OneHitWonder","The Courier","Mummified Hand","ImprovedEquipment","Cables"],"acts_visited":["Exordium","TheCity","TheBeyond","TheEnding"],"potions_floor_usage":[13,14,39,45,45,56],"damage_taken":[{"damage":0,"enemies":"Small Slimes","floor":1,"turns":1},{"damage":0,"enemies":"Cultist","floor":4,"turns":1},{"damage":0,"enemies":"Jaw Worm","floor":5,"turns":1},{"damage":24,"enemies":"Lagavulin","floor":6,"turns":6},{"damage":23,"enemies":"3 Sentries","floor":8,"turns":14},{"damage":0,"enemies":"2 Fungi Beasts","floor":12,"turns":3},{"damage":1,"enemies":"3 Sentries","floor":13,"turns":7},{"damage":11,"enemies":"Gremlin Nob","floor":14,"turns":4},{"damage":0,"enemies":"Slime Boss","floor":16,"turns":11},{"damage":9,"enemies":"Chosen","floor":18,"turns":4},{"damage":0,"enemies":"3 Byrds","floor":19,"turns":4},{"damage":18,"enemies":"Centurion and Healer","floor":22,"turns":5},{"damage":8,"enemies":"Slavers","floor":23,"turns":2},{"damage":38,"enemies":"Book of Stabbing","floor":25,"turns":5},{"damage":0,"enemies":"Sentry and Sphere","floor":27,"turns":6},{"damage":0,"enemies":"Snake Plant","floor":30,"turns":2},{"damage":0,"enemies":"Collector","floor":33,"turns":8},{"damage":0,"enemies":"Orb Walker","floor":35,"turns":2},{"damage":0,"enemies":"3 Shapes","floor":38,"turns":3},{"damage":14,"enemies":"Transient","floor":39,"turns":6},{"damage":13,"enemies":"Jaw Worm Horde","floor":40,"turns":3},{"damage":0,"enemies":"Giant Head","floor":41,"turns":4},{"damage":16,"enemies":"Reptomancer","floor":45,"turns":5},{"damage":8,"enemies":"Writhing Mass","floor":46,"turns":2},{"damage":82,"enemies":"Nemesis","floor":47,"turns":7},{"damage":8,"enemies":"Donu and Deca","floor":50,"turns":11},{"damage":32,"enemies":"Time Eater","floor":51,"turns":3},{"damage":68,"enemies":"Shield and Spear","floor":55,"turns":6},{"damage":8,"enemies":"The Heart","floor":56,"turns":2}],"seed_played":"-8849635759345549716","potions_obtained":[{"floor":2,"key":"FocusPotion"},{"floor":2,"key":"Energy Potion"},{"floor":12,"key":"EssenceOfSteel"},{"floor":13,"key":"testmod-SpacePotion"},{"floor":16,"key":"EssenceOfSteel"},{"floor":19,"key":"EssenceOfSteel"},{"floor":23,"key":"SkillPotion"},{"floor":35,"key":"Ancient Potion"},{"floor":39,"key":"Fruit Juice"},{"floor":40,"key":"ColorlessPotion"},{"floor":47,"key":"Explosive Potion"}],"is_trial":false,"path_per_floor":["M","?","$","M","M","E","R","E","T","R","$","M","?","E","R","B",null,"M","M","?","?","M","E","R","E","T","M","$","R","M","?","R","B",null,"M","$","?","M","M","M","E","R","T","R","E","M","E","?","R","B","B",null,"R","$","E","B",null],"character_chosen":"DEFECT","items_purchased":["testmod-SelfRegulatingSystem","Defragment","testmod-AssaultLearning","Storm","Mummified Hand","ImprovedEquipment","MostiFishMod:STOP"],"campfire_rested":1,"item_purchase_floors":[3,11,28,36,54,54,54],"current_hp_per_floor":[64,64,64,64,64,40,40,17,17,38,38,40,39,74,74,76,76,70,74,74,91,75,108,108,76,76,97,97,97,103,103,103,108,108,108,108,108,108,108,108,108,108,108,108,108,108,71,71,71,63,31,89,89,108,46,108],"gold":58,"neow_bonus":"THREE_ENEMY_KILL","is_daily":false,"chose_seed":false,"campfire_upgraded":8,"win_rate":0.0,"timestamp":1608012900,"path_taken":["M","?","?","?","M","E","R","E","T","R","$","M","?","E","R","BOSS","M","M","?","?","?","E","R","E","T","M","$","R","M","?","R","BOSS","M","$","?","?","M","M","E","R","T","R","E","M","E","?","R","BOSS","BOSS","R","$","E","BOSS"],"items_purchased_type":["Card","Card","Relic","Card","Relic","Relic","Card"],"build_version":"2020-12-13","purchased_purges":2,"victory":true,"max_hp_per_floor":[71,71,71,71,71,71,71,71,71,71,71,73,73,74,74,76,76,79,83,83,100,102,108,108,108,108,108,108,108,108,108,108,108,108,108,108,108,108,108,108,108,108,108,108,108,108,108,108,108,108,108,108,108,108,108,108],"relic_stats":{"Singing Bowl":26,"counters":[29,137],"Mummified Hand":[13],"MealTicket":15,"Kunai":[2],"Question Card":37,"obtain_stats":[{"DaveBox":0,"Singing Bowl":9,"testmod-EqualTreatment":8,"Mummified Hand":54,"Strawberry":45,"MealTicket":41,"Kunai":23,"Cracked Core":0,"testmod-ArcanaOfDestiny":0,"ImportantClient":16,"DianDianMeat":14,"testmod-TestBox":0,"NeowsBlessing":0,"ImprovedEquipment":54,"testmod-CardMagician":34,"The Courier":48,"Omamori":6,"Question Card":1,"RhineCircuit":17,"Cables":55,"testmod-AssaultLearning":28,"testmod-Hope":13,"Membership Card":0,"testmod-BalancedPeriapt":25,"testmod-OneHitWonder":47},{"DaveBox":0,"Singing Bowl":5,"testmod-EqualTreatment":5,"Mummified Hand":27,"Strawberry":23,"MealTicket":22,"Kunai":13,"Cracked Core":0,"testmod-ArcanaOfDestiny":0,"ImportantClient":9,"DianDianMeat":8,"testmod-TestBox":0,"NeowsBlessing":0,"ImprovedEquipment":27,"testmod-CardMagician":17,"The Courier":25,"Omamori":4,"Question Card":1,"RhineCircuit":9,"Cables":28,"testmod-AssaultLearning":15,"testmod-Hope":6,"Membership Card":0,"testmod-BalancedPeriapt":14,"testmod-OneHitWonder":25},{"DaveBox":0,"Singing Bowl":23,"testmod-EqualTreatment":23,"Mummified Hand":129,"Strawberry":107,"MealTicket":102,"Kunai":63,"Cracked Core":0,"testmod-ArcanaOfDestiny":0,"ImportantClient":48,"DianDianMeat":37,"testmod-TestBox":0,"NeowsBlessing":0,"ImprovedEquipment":129,"testmod-CardMagician":84,"The Courier":116,"Omamori":9,"Question Card":1,"RhineCircuit":48,"Cables":135,"testmod-AssaultLearning":74,"testmod-Hope":26,"Membership Card":0,"testmod-BalancedPeriapt":68,"testmod-OneHitWonder":116}],"Cables":[2,1,1,0,0]},"card_choices":[{"not_picked":["Stack","Streamline"],"picked":"Chaos","floor":1},{"not_picked":["Gash","Stack","Rebound","Barrage"],"picked":"SKIP","floor":4},{"not_picked":["Compile Driver","FTL","Blizzard"],"picked":"Cold Snap","floor":5},{"not_picked":["Stack","Leap","Scrape"],"picked":"MostiFishMod:SeaWaves","floor":6},{"not_picked":["Streamline","Aggregate","Scrape"],"picked":"Turbo","floor":8},{"not_picked":["Streamline","Compile Driver","Fusion","Turbo"],"picked":"Singing Bowl","floor":12},{"not_picked":["Go for the Eyes","Ball Lightning","Streamline"],"picked":"White Noise","floor":13},{"not_picked":["Loop","Turbo","Chaos"],"picked":"MostiFishMod:GatherIntelligence","floor":14},{"not_picked":["MostiFishMod:Nova","Core Surge","MostiFishMod:Overload"],"picked":"MostiFishMod:UniBlue","floor":16},{"not_picked":["Chaos","Stack","Leap"],"picked":"Coolheaded","floor":18},{"not_picked":["Stack","Coolheaded","Gash"],"picked":"Capacitor","floor":19},{"not_picked":["Ball Lightning"],"picked":"Singing Bowl","floor":21},{"not_picked":["Cold Snap"],"picked":"Singing Bowl","floor":21},{"not_picked":["Doom and Gloom"],"picked":"Singing Bowl","floor":21},{"not_picked":["Steam Power"],"picked":"Singing Bowl","floor":21},{"not_picked":["Coolheaded"],"picked":"Singing Bowl","floor":21},{"not_picked":["Double Energy"],"picked":"Singing Bowl","floor":21},{"not_picked":[],"picked":"MostiFishMod:ActiveDefenseSystem","floor":21},{"not_picked":["Reprogram","Rebound","Gash+1","Cold Snap+1"],"picked":"Singing Bowl","floor":22},{"not_picked":["Rebound","Go for the Eyes+1","Gash"],"picked":"Core Surge","floor":23},{"not_picked":["Cold Snap","Turbo","Auto Shields","Barrage"],"picked":"Singing Bowl","floor":25},{"not_picked":["Barrage","Go for the Eyes","Leap","FTL"],"picked":"Coolheaded+1","floor":27},{"not_picked":["Redo","BootSequence","Genetic Algorithm","Sweeping Beam","Conserve Battery"],"picked":"Singing Bowl","floor":30},{"not_picked":["Amplify","MostiFishMod:UniBlue","MostiFishMod:GatherIntelligence","MostiFishMod:Overload"],"picked":"MostiFishMod:Hijack","floor":33},{"not_picked":["MostiFishMod:ReprogramOld","Barrage+1","Cold Snap","Stack"],"picked":"Lockon","floor":35},{"not_picked":["Aggregate","Leap","Compile Driver","MostiFishMod:ReprogramOld","Recycle"],"picked":"Singing Bowl","floor":38},{"not_picked":["Go for the Eyes","Beam Cell+1","Sweeping Beam","Cold Snap"],"picked":"Defragment+1","floor":39},{"not_picked":["Chaos","Turbo","Fusion","Rip and Tear"],"picked":"Loop","floor":40},{"not_picked":["Turbo+1","Sweeping Beam","Auto Shields","Hello World","Cold Snap"],"picked":"Singing Bowl","floor":41},{"not_picked":["Double Energy","Stack+1","Conserve Battery","Leap+1"],"picked":"MostiFishMod:FourSeasons","floor":45},{"not_picked":["Hologram","Redo","Reinforced Body","Barrage"],"picked":"Chill","floor":46},{"not_picked":["Cold Snap","Scrape","Hello World","Compile Driver"],"picked":"Double Energy","floor":47},{"not_picked":["MostiFishMod:IceShield","Sweeping Beam","Redo","Hologram","Doom and Gloom"],"picked":"Singing Bowl","floor":55}],"player_experience":58909,"relics_obtained":[{"floor":1,"key":"Question Card"},{"floor":6,"key":"Omamori"},{"floor":8,"key":"testmod-EqualTreatment"},{"floor":9,"key":"Singing Bowl"},{"floor":14,"key":"DianDianMeat"},{"floor":16,"key":"ImportantClient"},{"floor":23,"key":"Kunai"},{"floor":25,"key":"testmod-BalancedPeriapt"},{"floor":26,"key":"Question Card"},{"floor":41,"key":"MealTicket"},{"floor":45,"key":"Strawberry"},{"floor":47,"key":"testmod-OneHitWonder"},{"floor":55,"key":"Cables"}],"event_choices":[{"damage_healed":0,"gold_gain":0,"player_choice":"Got Potions","damage_taken":0,"max_hp_gain":0,"max_hp_loss":0,"event_name":"Lab","floor":2,"gold_loss":0},{"damage_healed":0,"gold_gain":0,"player_choice":"Searched \u00272\u0027 times","damage_taken":0,"relics_obtained":["testmod-Hope"],"max_hp_gain":0,"max_hp_loss":0,"event_name":"Dead Adventurer","floor":13,"gold_loss":0},{"damage_healed":0,"gold_gain":0,"player_choice":"Simplicity","damage_taken":0,"max_hp_gain":0,"max_hp_loss":0,"event_name":"Back to Basics","floor":20,"gold_loss":0,"cards_upgraded":["Strike_B","Strike_B","Strike_B","Defend_B","Defend_B","Defend_B","Defend_B"]},{"damage_healed":0,"gold_gain":0,"player_choice":"Ignored","damage_taken":0,"max_hp_gain":0,"max_hp_loss":0,"event_name":"Ghosts","floor":31,"gold_loss":0},{"cards_removed":["Strike_B"],"damage_healed":0,"gold_gain":0,"player_choice":"Upgrade and Remove","damage_taken":0,"max_hp_gain":0,"max_hp_loss":0,"event_name":"Designer","floor":37,"gold_loss":110,"cards_upgraded":["Storm"]},{"damage_healed":0,"gold_gain":0,"player_choice":"Gave Potion","damage_taken":0,"relics_obtained":["The Courier"],"max_hp_gain":0,"max_hp_loss":0,"event_name":"WeMeetAgain","floor":48,"gold_loss":0}],"is_beta":false,"boss_relics":[{"not_picked":["BloodWine","testmod-EnergyCheck"],"picked":"RhineCircuit"},{"not_picked":["testmod-StringDisintegrator","Runic Pyramid"],"picked":"testmod-CardMagician"}],"items_purged_floors":[11,36],"is_endless":false,"potions_floor_spawned":[6,8,12,13,16,19,23,25,33,35,39,40,47],"ascension_level":20}}