{"host":"nox","time":1608052099,"event":{"mods":["BaseMod","Colored Powertips","Minty Spire (QoL Compilation)","Quick Restart","Replay The Spire","StSLib"],"gold_per_floor":[116,135,150,165,15,47,47,76,147,147,176,101,101,119,119,224,224,235,235,195,210,223,223,243,243,269,269,269],"floor_reached":27,"playtime":1058,"items_purged":[],"score":310,"play_id":"76237a60-c269-4c65-a967-dd70fa40b8ba","local_time":"20201216000819","is_ascension_mode":true,"campfire_choices":[{"data":"Zap","floor":10.0,"key":"SMITH"},{"floor":13.0,"key":"RECALL"},{"floor":23,"key":"REST"},{"floor":25,"key":"REST"}],"circlet_count":0,"master_deck":["Strike_B+1","Strike_B","Strike_B","Strike_B","Defend_B","Defend_B","Defend_B+1","Zap+1","Dualcast","Rebound","Rebound","Machine Learning","White Noise","ReplayTheSpireMod:Calculation Training","Hologram+1","Hologram+1"],"relics":["Painkiller Herb","Sling","CaptainsWheel","Simple Rune","Velvet Choker","Replay:Baseball"],"acts_visited":["Exordium","TheCity"],"potions_floor_usage":[16,22,24,27],"damage_taken":[{"damage":2.0,"enemies":"Jaw Worm","floor":1.0,"turns":3.0},{"damage":0.0,"enemies":"Cultist","floor":2.0,"turns":3.0},{"damage":0.0,"enemies":"Small Slimes","floor":3.0,"turns":3.0},{"damage":28.0,"enemies":"Exordium Thugs","floor":4.0,"turns":4.0},{"damage":20.0,"enemies":"Replay:BlueRogue","floor":6.0,"turns":6.0},{"damage":19.0,"enemies":"3 Sentries","floor":8.0,"turns":7.0},{"damage":0.0,"enemies":"Lagavulin","floor":11.0,"turns":4.0},{"damage":0,"enemies":"Large Slime","floor":14,"turns":3},{"damage":37,"enemies":"Fading Forest","floor":16,"turns":11},{"damage":21,"enemies":"Shell Parasite","floor":18,"turns":5},{"damage":12,"enemies":"Chosen","floor":21,"turns":3},{"damage":14,"enemies":"Centurion and Healer","floor":22,"turns":5},{"damage":15,"enemies":"Chosen and Byrds","floor":24,"turns":6},{"damage":49,"enemies":"3 Cultists","floor":27,"turns":6}],"seed_played":"3533747157712805114","potions_obtained":[{"floor":1.0,"key":"Dexterity Potion"},{"floor":3.0,"key":"SkillPotion"},{"floor":8.0,"key":"Strength Potion"},{"floor":14,"key":"Weak Potion"},{"floor":20,"key":"SkillPotion"},{"floor":20,"key":"Dexterity Potion"},{"floor":20,"key":"Elixir"}],"is_trial":false,"path_per_floor":["?","?","?","?","T","E","?","E","T","T","E","T","T","?","T","B",null,"?","?","?","?","?","T","?","T","T","?"],"character_chosen":"DEFECT","items_purchased":["Sling","ReplayTheSpireMod:Calculation Training"],"campfire_rested":2,"item_purchase_floors":[5,12],"current_hp_per_floor":[73,73,73,45,45,25,75,56,56,56,56,56,56,56,56,27,75,54,40,40,28,14,38,23,47,47,0,0],"gold":269,"neow_bonus":"BOSS_RELIC","is_daily":false,"chose_seed":false,"campfire_upgraded":1,"win_rate":0.0,"timestamp":1608052099,"path_taken":["?","?","?","?","T","E","?","E","T","T","E","T","T","?","T","BOSS","?","?","?","?","?","T","?","T","T","?"],"items_purchased_type":["Relic","Card"],"build_version":"2020-11-17","purchased_purges":0,"victory":false,"max_hp_per_floor":[75,75,75,75,75,75,75,75,75,75,75,75,75,75,75,75,75,75,80,80,80,80,80,80,80,80,80,80],"card_choices":[{"not_picked":["Chaos","Coolheaded"],"picked":"Rebound","floor":1.0},{"not_picked":["Go for the Eyes","Blizzard","Panic Button"],"picked":"SKIP","floor":2.0},{"not_picked":["Hello World","ReplaySolidLightProjector"],"picked":"Rebound","floor":3.0},{"not_picked":["Beam Cell","Turbo"],"picked":"Machine Learning","floor":4.0},{"not_picked":["Darkness","Leap"],"picked":"White Noise","floor":6.0},{"not_picked":["Compile Driver","Stack","Chill"],"picked":"SKIP","floor":8.0},{"not_picked":["Darkness","Meteor Strike","Rebound"],"picked":"SKIP","floor":11.0},{"not_picked":["Beam Cell","Recycle","Hologram"],"picked":"SKIP","floor":14},{"not_picked":["Compile Driver+1","Sweeping Beam"],"picked":"Hologram+1","floor":18},{"not_picked":["Sweeping Beam","Leap"],"picked":"Hologram+1","floor":21},{"not_picked":["ReplayGash","Heatsinks","Barrage+1"],"picked":"SKIP","floor":22},{"not_picked":["Darkness","Go for the Eyes","ReplayTheSpireMod:Repulse"],"picked":"SKIP","floor":24}],"player_experience":120664,"relics_obtained":[{"floor":8.0,"key":"CaptainsWheel"},{"floor":11.0,"key":"Simple Rune"},{"floor":26,"key":"Replay:Baseball"}],"event_choices":[{"damage_healed":50.0,"max_hp_gain":0.0,"max_hp_loss":0.0,"gold_gain":0.0,"event_name":"Wheel of Change","player_choice":"Full Heal","floor":7.0,"gold_loss":0.0,"damage_taken":0.0},{"cards_removed":["Defend_B"],"damage_healed":0,"gold_gain":0,"player_choice":"Purged","damage_taken":0,"max_hp_gain":0,"max_hp_loss":0,"event_name":"Purifier","floor":15,"gold_loss":0},{"damage_healed":0,"gold_gain":0,"player_choice":"Shed Blood","damage_taken":19,"max_hp_gain":5,"max_hp_loss":0,"event_name":"Forgotten Altar","floor":19,"gold_loss":0},{"damage_healed":0,"gold_gain":0,"player_choice":"Bought 3 Potions","damage_taken":0,"max_hp_gain":0,"max_hp_loss":0,"event_name":"The Woman in Blue","floor":20,"gold_loss":0}],"is_beta":true,"boss_relics":[{"not_picked":["Astrolabe","Abe\u0027s Treasure"],"picked":"Velvet Choker"}],"items_purged_floors":[],"is_endless":false,"potions_floor_spawned":[1,2,3,8,14,21],"killed_by":"3 Cultists","ascension_level":4}}