{"host":"0z6l31g9ps0v9zzp","time":1608041550,"event":{"mods":["Act Like it!","BaseMod","CapriCore","Minty Spire (QoL Compilation)","MostiFishMod","StSLib"],"gold_per_floor":[116,129,129,54,129,159,179,179,202,228,36,36,62,78,78,78,78],"floor_reached":16,"playtime":252,"items_purged":[],"score":239,"play_id":"adfe3d1e-e5bf-49e1-9b9d-cbed1da45cd1","local_time":"20201215221230","is_ascension_mode":true,"campfire_choices":[{"data":"Defragment","floor":8,"key":"SMITH"},{"data":"Coolheaded","floor":12,"key":"SMITH"},{"floor":15,"key":"REST"}],"circlet_count":0,"master_deck":["AscendersBane","Strike_B","Strike_B","Defend_B","Defend_B","Defend_B","Defend_B","Zap","Dualcast","Defragment+1","Recycle","Capacitor+1","Coolheaded+1"],"relics":["Cracked Core","DaveBox","HereWithMe","NeowsBlessing","Question Card","Nunchaku","Happy Flower","Frozen Egg 2","Membership Card"],"acts_visited":["Exordium"],"potions_floor_usage":[10,10,16],"damage_taken":[{"damage":0,"enemies":"2 Louse","floor":1,"turns":1},{"damage":0,"enemies":"Small Slimes","floor":2,"turns":1},{"damage":0,"enemies":"Lagavulin","floor":6,"turns":1},{"damage":2,"enemies":"Jaw Worm","floor":7,"turns":4},{"damage":31,"enemies":"Gremlin Nob","floor":10,"turns":5},{"damage":4,"enemies":"Red Slaver","floor":14,"turns":3},{"damage":30,"enemies":"Slime Boss","floor":16,"turns":8}],"seed_played":"-8308618171432968280","potions_obtained":[{"floor":1,"key":"Dexterity Potion"},{"floor":7,"key":"Swift Potion"},{"floor":10,"key":"Explosive Potion"},{"floor":14,"key":"LiquidMemories"}],"is_trial":false,"path_per_floor":["M","M","?","?","?","E","M","R","T","E","$","R","T","M","R","B"],"character_chosen":"DEFECT","items_purchased":["Membership Card","Coolheaded"],"campfire_rested":1,"item_purchase_floors":[11,11],"current_hp_per_floor":[64,64,57,57,46,46,44,44,44,13,13,13,13,9,30,0,0],"gold":78,"neow_bonus":"THREE_ENEMY_KILL","is_daily":false,"chose_seed":false,"campfire_upgraded":2,"win_rate":0.0,"timestamp":1608041550,"path_taken":["M","M","?","?","?","E","M","R","T","E","$","R","?","M","R","BOSS"],"items_purchased_type":["Relic","Card"],"build_version":"2020-12-13","purchased_purges":0,"victory":false,"max_hp_per_floor":[71,71,71,71,71,71,71,71,71,71,71,71,71,71,71,71,71],"card_choices":[{"not_picked":["Blizzard","Sweeping Beam","Genetic Algorithm"],"picked":"SKIP","floor":1},{"not_picked":["Hologram","Chill","Cold Snap","Loop"],"picked":"SKIP","floor":2},{"not_picked":["Fusion","Loop","Self Repair"],"picked":"Defragment","floor":6},{"not_picked":["Beam Cell","Melter","Rebound"],"picked":"Recycle","floor":7},{"not_picked":["Beam Cell","Stack","Steam"],"picked":"Capacitor+1","floor":10},{"not_picked":["Redo","Cold Snap","Steam","Rebound"],"picked":"SKIP","floor":14}],"player_experience":263761,"relics_obtained":[{"floor":1,"key":"Question Card"},{"floor":6,"key":"Nunchaku"},{"floor":9,"key":"Happy Flower"},{"floor":10,"key":"Frozen Egg 2"}],"event_choices":[{"cards_removed":["Strike_B"],"damage_healed":0,"gold_gain":0,"player_choice":"Card Removal","damage_taken":7,"max_hp_gain":0,"max_hp_loss":0,"event_name":"Golden Wing","floor":3,"gold_loss":0},{"cards_removed":["Strike_B"],"damage_healed":0,"gold_gain":0,"player_choice":"Card Removal","damage_taken":0,"max_hp_gain":0,"max_hp_loss":0,"event_name":"The Cleric","floor":4,"gold_loss":75},{"damage_healed":0,"gold_gain":75,"player_choice":"Gather Gold","damage_taken":11,"max_hp_gain":0,"max_hp_loss":0,"event_name":"World of Goop","floor":5,"gold_loss":0}],"is_beta":false,"boss_relics":[],"items_purged_floors":[],"is_endless":false,"potions_floor_spawned":[1,7,10,14],"killed_by":"Slime Boss","ascension_level":16}}