{"host":"y76clbnovzmw9ubx","time":1608072677,"event":{"mods":["AchievementEnabler","BaseMod","Minty Spire (QoL Compilation)","Permanent Neow","Relic Stats"],"gold_per_floor":[111,123,88,10,24,57,57,83,107,137,137,154,180,190,190,190,190],"floor_reached":16,"playtime":772,"items_purged":[],"score":260,"play_id":"4e218410-fca9-4dd0-804e-7708180bbbe9","local_time":"20201215175117","is_ascension_mode":true,"campfire_choices":[{"data":"Fiend Fire","floor":7,"key":"SMITH"},{"floor":11,"key":"REST"},{"data":"Uppercut","floor":15,"key":"SMITH"}],"circlet_count":0,"master_deck":["AscendersBane","Strike_R","Strike_R","Strike_R","Strike_R","Strike_R","Defend_R","Defend_R","Defend_R","Defend_R","Bash","Spot Weakness","Heavy Blade","Feel No Pain","Pommel Strike","Fiend Fire+1","True Grit","Uppercut+1","Flame Barrier"],"relics":["Philosopher\u0027s Stone","Smiling Mask","Centennial Puzzle","Bag of Marbles","Mercury Hourglass","Mummified Hand"],"acts_visited":["Exordium"],"potions_floor_usage":[6,8,10,16],"damage_taken":[{"damage":8,"enemies":"Jaw Worm","floor":1,"turns":2},{"damage":6,"enemies":"2 Louse","floor":2,"turns":3},{"damage":5,"enemies":"Small Slimes","floor":5,"turns":3},{"damage":21,"enemies":"Lagavulin","floor":6,"turns":6},{"damage":23,"enemies":"3 Sentries","floor":8,"turns":6},{"damage":12,"enemies":"Lagavulin","floor":10,"turns":3},{"damage":0,"enemies":"2 Fungi Beasts","floor":12,"turns":2},{"damage":1,"enemies":"3 Sentries","floor":13,"turns":5},{"damage":6,"enemies":"Exordium Wildlife","floor":14,"turns":2},{"damage":31,"enemies":"Hexaghost","floor":16,"turns":7}],"seed_played":"-4114652541156276991","potions_obtained":[{"floor":1,"key":"EssenceOfSteel"},{"floor":2,"key":"AttackPotion"},{"floor":6,"key":"BlessingOfTheForge"},{"floor":12,"key":"Energy Potion"},{"floor":13,"key":"Strength Potion"}],"is_trial":false,"path_per_floor":["M","M","?","$","M","E","R","E","T","E","R","M","E","M","R","B"],"character_chosen":"IRONCLAD","items_purchased":["Feel No Pain"],"campfire_rested":1,"item_purchase_floors":[4],"current_hp_per_floor":[60,54,72,72,67,46,46,23,23,11,33,33,32,26,26,0,0],"gold":190,"neow_bonus":"BOSS_RELIC","is_daily":false,"chose_seed":false,"campfire_upgraded":2,"win_rate":0.0,"timestamp":1608072677,"path_taken":["M","M","?","$","M","E","R","E","T","E","R","M","E","M","R","BOSS"],"items_purchased_type":["Card"],"build_version":"2020-12-13","purchased_purges":0,"victory":false,"max_hp_per_floor":[75,75,75,75,75,75,75,75,75,75,75,75,75,75,75,75,75],"relic_stats":{"Centennial Puzzle":[12],"counters":[10,39],"Mummified Hand":[2],"Smiling Mask":0,"obtain_stats":[{"Centennial Puzzle":8,"Mummified Hand":13,"Philosopher\u0027s Stone":0,"Bag of Marbles":9,"Smiling Mask":6,"Burning Blood":0,"Mercury Hourglass":10},{"Centennial Puzzle":5,"Mummified Hand":8,"Philosopher\u0027s Stone":0,"Bag of Marbles":5,"Smiling Mask":4,"Burning Blood":0,"Mercury Hourglass":6},{"Centennial Puzzle":20,"Mummified Hand":30,"Philosopher\u0027s Stone":0,"Bag of Marbles":20,"Smiling Mask":14,"Burning Blood":0,"Mercury Hourglass":23}],"Mercury Hourglass":[69]},"card_choices":[{"not_picked":["Headbutt","Iron Wave"],"picked":"Spot Weakness","floor":1},{"not_picked":["Sever Soul","Sentinel"],"picked":"Heavy Blade","floor":2},{"not_picked":["Clash","Thunderclap"],"picked":"Pommel Strike","floor":5},{"not_picked":["Flex","Iron Wave"],"picked":"Fiend Fire","floor":6},{"not_picked":["Body Slam","Cleave"],"picked":"True Grit","floor":8},{"not_picked":["Burning Pact","Clothesline"],"picked":"Uppercut","floor":10},{"not_picked":["Dark Embrace","Rupture","Spot Weakness"],"picked":"SKIP","floor":12},{"not_picked":["Battle Trance","True Grit"],"picked":"Flame Barrier","floor":13},{"not_picked":["Wild Strike","Intimidate","Dark Embrace"],"picked":"SKIP","floor":14}],"player_experience":2871275,"relics_obtained":[{"floor":6,"key":"Smiling Mask"},{"floor":8,"key":"Centennial Puzzle"},{"floor":9,"key":"Bag of Marbles"},{"floor":10,"key":"Mercury Hourglass"},{"floor":13,"key":"Mummified Hand"}],"event_choices":[{"damage_healed":18,"gold_gain":0,"player_choice":"Healed","damage_taken":0,"max_hp_gain":0,"max_hp_loss":0,"event_name":"The Cleric","floor":3,"gold_loss":35}],"is_beta":false,"boss_relics":[],"items_purged_floors":[],"is_endless":false,"potions_floor_spawned":[1,2,6,12,13],"killed_by":"Hexaghost","ascension_level":20}}