{"host":"njruw0b0uprlitpx","time":1608048199,"event":{"mods":["2.2 Compatiblity","BaseMod","Better Altar","Better Match","Better Note","Better Sensory Stone","Better Skull","Better Third Choice","Block Reminder","Colored Map","Colored Powertips","Downfall","Energized Spire","Keyboard Shortcuts","Minty Spire (QoL Compilation)","Quick Restart","Relic Stats","Replay The Spire","SacredBarkPlus","Spicy Shops","StSLib","SuperFastMode"],"gold_per_floor":[99,99,23,42,42,70,70,70,86,118,118,135,7,37,55,153,153,78,96,6,6,25,25,25,41,66,66,78,136,147,166,179,281,281,206,16,16,33,7,39,39,39,57,92,15,15,33,33,33,33],"floor_reached":51,"playtime":4145,"items_purged":["ReplayTheSpireMod:Doomed"],"score":909,"play_id":"bb6526b8-6bb8-4dcd-9dae-111733825095","local_time":"20201215100319","is_ascension_mode":true,"campfire_choices":[{"floor":1.0,"key":"RECALL"},{"data":"champ:Lariat","floor":5.0,"key":"SMITH"},{"floor":8.0,"key":"REST"},{"data":"champ:GladiatorStyle","floor":18.0,"key":"SMITH"},{"data":"champ:CheapShot","floor":23.0,"key":"SMITH"},{"floor":27.0,"key":"REST"},{"data":"champ:PerfectForm","floor":35.0,"key":"SMITH"},{"data":"champ:SteelEdge","floor":37,"key":"SMITH"},{"data":"champ:SwordThrow","floor":42,"key":"SMITH"}],"circlet_count":0,"master_deck":["champ:Strike","champ:Strike","champ:Strike","champ:Strike","champ:Defend","champ:Defend","champ:Defend+1","champ:Defend","champ:Execute","champ:Taunt","expansioncontent:GuardianWhirl","champ:DeathBlow","champ:EnragedBash+1","champ:Lariat+1","champ:RisingSlash","champ:GladiatorsShout","champ:ShieldSlam","champ:Aggression","champ:SwordSigil","champ:HeavySlash","champ:PerfectedStrike","champ:FlashCut","champ:CheapShot+1","champ:GladiatorStyle+1","champ:Duel","champ:RecklessLeap","champ:SwordThrow+1","champ:StanceDance+1","champ:FaceSlap+1","champ:RageSigil+1","champ:PerfectForm+1","champ:SteelEdge+1","champ:Encircle","champ:BringItOn+1","champ:EnchantSword","Pot Of Greed","Pot Of Greed","Pot Of Greed","Pot Of Greed","champ:IgnorePain","champ:CalledShot+1"],"relics":["champ:ChampionCrown","Potion Belt","Ginger","Pantograph","champ:FightingForDummies","Membership Card","Orrery","energizedSpire:CursedPentagram","downfall:HeartBlessingRed","Cauldron","Singing Bowl","ReplayTheSpireMod:TigerMarble","Regal Pillow","expansioncontent:StudyCardRelic","downfall:HeartBlessingGreen","Grinning Jar","hexamod:BolsterEngine","Torii","ReplayTheSpireMod:Shallot","Prayer Wheel","War Paint","champ:GladiatorsBookOfMartialProwess","Guardian:GemstoneGun"],"acts_visited":["Exordium","TheCity","TheBeyond"],"potions_floor_usage":[49,50,50,50,50,50,50,50,50],"damage_taken":[{"damage":13.0,"enemies":"downfall:FleeingMerchant","floor":3.0,"turns":4.0},{"damage":22.0,"enemies":"Small Slimes","floor":4.0,"turns":3.0},{"damage":36.0,"enemies":"Gremlin Nob","floor":6.0,"turns":4.0},{"damage":37.0,"enemies":"Cultist","floor":9.0,"turns":3.0},{"damage":57.0,"enemies":"3 Sentries","floor":10.0,"turns":4.0},{"damage":14.0,"enemies":"Jaw Worm","floor":12.0,"turns":2.0},{"damage":19.0,"enemies":"downfall:FleeingMerchant","floor":13.0,"turns":4.0},{"damage":25.0,"enemies":"Exordium Thugs","floor":15.0,"turns":3.0},{"damage":46.0,"enemies":"downfall:Watcher","floor":16.0,"turns":9.0},{"damage":20.0,"enemies":"Spheric Guardian","floor":19.0,"turns":3.0},{"damage":34.0,"enemies":"downfall:FleeingMerchant","floor":20.0,"turns":4.0},{"damage":3.0,"enemies":"3 Byrds","floor":22.0,"turns":4.0},{"damage":28.0,"enemies":"3 Cultists","floor":25.0,"turns":4.0},{"damage":47.0,"enemies":"Slavers","floor":26.0,"turns":5.0},{"damage":22.0,"enemies":"Centurion and Healer","floor":28.0,"turns":2.0},{"damage":29.0,"enemies":"Shelled Parasite and Fungi","floor":30.0,"turns":3.0},{"damage":37.0,"enemies":"3 Cultists","floor":31.0,"turns":3.0},{"damage":28.0,"enemies":"Cultist and Chosen","floor":32.0,"turns":4.0},{"damage":45.0,"enemies":"downfall:Defect","floor":33.0,"turns":3.0},{"damage":18.0,"enemies":"downfall:FleeingMerchant","floor":36.0,"turns":3.0},{"damage":41,"enemies":"Giant Head","floor":38,"turns":6},{"damage":58,"enemies":"Nemesis","floor":40,"turns":4},{"damage":4,"enemies":"Orb Walker","floor":43,"turns":2},{"damage":53,"enemies":"Giant Head","floor":44,"turns":5},{"damage":44,"enemies":"3 Shapes","floor":47,"turns":3},{"damage":0,"enemies":"Sphere and 2 Shapes","floor":49,"turns":1},{"damage":80,"enemies":"downfall:Silent","floor":50,"turns":4}],"seed_played":"-8561371093229964559","potions_obtained":[{"floor":4.0,"key":"ColorlessPotion"},{"floor":6.0,"key":"Fire Potion"},{"floor":10.0,"key":"Toxic Potion"},{"floor":20.0,"key":"EssenceOfSteel"},{"floor":20.0,"key":"hexamod:EctoCoolerPotion"},{"floor":20.0,"key":"SkillPotion"},{"floor":20.0,"key":"PowerPotion"},{"floor":20.0,"key":"Languid Potion"},{"floor":22.0,"key":"Energy Potion"},{"floor":29.0,"key":"Fruit Juice"},{"floor":31.0,"key":"Energy Potion"},{"floor":32.0,"key":"Toxic Potion"},{"floor":33.0,"key":"SpeedPotion"},{"floor":40,"key":"SmokeBomb"},{"floor":47,"key":"EntropicBrew"}],"is_trial":false,"path_per_floor":["R","?","$","M","R","E","T","R","M","E","T","M","$","?","M","B",null,"R","M","$","?","M","R","T","M","E","R","M","?","M","M","M","B",null,"R","$","R","E","$","E","T","R","M","E","$","?","M","?","M","B",null],"character_chosen":"THE_CHAMP","items_purchased":["champ:EnragedBash+1","Membership Card","Orrery","champ:Duel","Cauldron","Grinning Jar","hexamod:BolsterEngine","Torii","ReplayTheSpireMod:Shallot","champ:IgnorePain","Prayer Wheel","Dexterity Potion","EntropicBrew","Strength Potion"],"campfire_rested":2,"item_purchase_floors":[3,13,13,13,20,36,36,36,36,36,39,39,45,45],"current_hp_per_floor":[90,75,75,75,75,61,61,88,82,67,67,55,55,55,50,67,90,90,85,85,85,84,84,84,78,70,90,90,59,49,51,53,75,103,103,103,103,104,104,104,104,104,107,109,109,101,96,96,96,72],"gold":33,"neow_bonus":"RANDOM_COLORLESS","is_daily":false,"chose_seed":false,"campfire_upgraded":6,"win_rate":0.0,"timestamp":1608048199,"path_taken":["R","?","?","M","R","E","T","R","M","E","?","?","$","?","M","BOSS","R","M","$","?","M","R","T","M","E","R","M","?","?","M","M","BOSS","R","$","R","E","$","E","T","R","M","E","$","?","?","?","M","BOSS"],"items_purchased_type":["Card","Relic","Relic","Card","Relic","Relic","Relic","Relic","Relic","Card","Relic","Potion","Potion","Potion"],"build_version":"2020-12-13","purchased_purges":1,"victory":true,"max_hp_per_floor":[90,90,90,90,90,90,90,90,90,90,90,90,90,90,90,90,90,90,90,90,90,90,90,90,90,90,90,92,97,99,101,103,103,103,103,103,103,105,105,105,105,105,109,111,111,111,115,115,115,115],"relic_stats":{"Regal Pillow":0,"Singing Bowl":20,"Torii":9,"counters":[27,99],"Pantograph":69,"Prayer Wheel":2,"Ginger":[5],"War Paint":["champ:Defend","champ:RageSigil"],"obtain_stats":[{"Potion Belt":6,"Regal Pillow":29,"downfall:HeartBlessingRed":18,"Singing Bowl":24,"Torii":36,"Guardian:GemstoneGun":44,"champ:ChampionCrown":0,"downfall:HeartBlessingGreen":35,"expansioncontent:StudyCardRelic":34,"Ginger":7,"War Paint":40,"champ:GladiatorsBookOfMartialProwess":41,"Cauldron":20,"energizedSpire:CursedPentagram":17,"ReplayTheSpireMod:Shallot":36,"Pantograph":10,"Orrery":13,"Prayer Wheel":39,"ReplayTheSpireMod:TigerMarble":26,"Membership Card":13,"champ:FightingForDummies":11,"Grinning Jar":36,"hexamod:BolsterEngine":36},{"Potion Belt":3,"Regal Pillow":15,"downfall:HeartBlessingRed":9,"Singing Bowl":12,"Torii":20,"Guardian:GemstoneGun":24,"champ:ChampionCrown":0,"downfall:HeartBlessingGreen":19,"expansioncontent:StudyCardRelic":19,"Ginger":3,"War Paint":22,"champ:GladiatorsBookOfMartialProwess":22,"Cauldron":11,"energizedSpire:CursedPentagram":9,"ReplayTheSpireMod:Shallot":20,"Pantograph":5,"Orrery":7,"Prayer Wheel":21,"ReplayTheSpireMod:TigerMarble":14,"Membership Card":7,"champ:FightingForDummies":5,"Grinning Jar":20,"hexamod:BolsterEngine":20},{"Potion Belt":11,"Regal Pillow":58,"downfall:HeartBlessingRed":36,"Singing Bowl":47,"Torii":74,"Guardian:GemstoneGun":91,"champ:ChampionCrown":0,"downfall:HeartBlessingGreen":71,"expansioncontent:StudyCardRelic":71,"Ginger":11,"War Paint":84,"champ:GladiatorsBookOfMartialProwess":84,"Cauldron":43,"energizedSpire:CursedPentagram":36,"ReplayTheSpireMod:Shallot":74,"Pantograph":18,"Orrery":24,"Prayer Wheel":80,"ReplayTheSpireMod:TigerMarble":56,"Membership Card":24,"champ:FightingForDummies":18,"Grinning Jar":74,"hexamod:BolsterEngine":74}]},"card_choices":[{"not_picked":["expansioncontent:DefensiveMode","Panacea"],"picked":"expansioncontent:GuardianWhirl","floor":0.0},{"not_picked":["champ:PerfectedStrike","champ:TornadoPunch"],"picked":"champ:DeathBlow","floor":3.0},{"not_picked":["champ:DeathBlow","champ:RageSigil"],"picked":"champ:Lariat","floor":4.0},{"not_picked":["champ:HeartStrike","champ:ArenaPreparation"],"picked":"champ:RisingSlash","floor":6.0},{"not_picked":["champ:BladeFlurry","champ:FalseCounter"],"picked":"champ:GladiatorsShout","floor":9.0},{"not_picked":["champ:FocusedDefense","champ:BladeFlurry"],"picked":"champ:ShieldSlam","floor":10.0},{"not_picked":["champ:DefensiveShout","champ:Shatter"],"picked":"champ:Aggression","floor":12.0},{"not_picked":["champ:Circumvent","champ:BerserkersShout"],"picked":"champ:SwordSigil","floor":13.0},{"not_picked":["champ:FightOn","champ:GladiatorsShout"],"picked":"champ:HeavySlash","floor":13.0},{"not_picked":["champ:DancingMaster","champ:Riposte"],"picked":"champ:PerfectedStrike","floor":13.0},{"not_picked":["champ:BerserkersShout","champ:EnGarde"],"picked":"champ:FlashCut","floor":13.0},{"not_picked":["champ:Aggression","champ:EnGarde"],"picked":"champ:CheapShot","floor":13.0},{"not_picked":["champ:Haymaker","champ:FanOfKnives"],"picked":"champ:GladiatorStyle","floor":13.0},{"not_picked":["champ:FanOfKnives","champ:Backstep"],"picked":"champ:RecklessLeap","floor":15.0},{"not_picked":["champ:EnchantShield","champ:HoldFirm"],"picked":"champ:SwordThrow","floor":16.0},{"not_picked":["champ:Circumvent","champ:PreciseThrust"],"picked":"champ:StanceDance+1","floor":19.0},{"not_picked":["champ:ViciousMockery","champ:FlashCut"],"picked":"champ:FaceSlap","floor":20.0},{"not_picked":["champ:PerfectedStrike","champ:DefensiveShout+1"],"picked":"champ:RageSigil","floor":22.0},{"not_picked":["champ:BerserkerStyle","champ:PerfectedStrike+1"],"picked":"champ:PerfectForm","floor":25.0},{"not_picked":["champ:FanOfKnives+1","champ:PerfectedStrike"],"picked":"champ:SteelEdge","floor":26.0},{"not_picked":["champ:FanOfKnives","champ:DefensiveShout","champ:FaceSlap"],"picked":"Singing Bowl","floor":28.0},{"not_picked":["champ:CrookedStrike+1","champ:FanOfKnives"],"picked":"champ:Encircle","floor":29.0},{"not_picked":["champ:TornadoPunch+1","champ:Encircle"],"picked":"champ:BringItOn+1","floor":29.0},{"not_picked":["champ:Shatter","champ:EnGarde+1","champ:CalledShot+1"],"picked":"Singing Bowl","floor":30.0},{"not_picked":["champ:ShieldSigil","champ:CalledShot+1","champ:GladiatorStyle"],"picked":"Singing Bowl","floor":31.0},{"not_picked":["champ:RageSigil","champ:GladiatorsShout","champ:DeathBlow"],"picked":"Singing Bowl","floor":32.0},{"not_picked":["champ:VampiricStrike","champ:IgnorePain"],"picked":"champ:EnchantSword","floor":33.0},{"not_picked":["champ:BladeFlurry+1","champ:GladiatorStyle+1","champ:FocusedDefense+1"],"picked":"Singing Bowl","floor":38},{"not_picked":["champ:Circumvent","champ:Backstep"],"picked":"champ:CalledShot+1","floor":40},{"not_picked":["champ:DefensiveShout+1","champ:SwordSigil+1","champ:BerserkersShout"],"picked":"Singing Bowl","floor":43},{"not_picked":["champ:Duel","champ:Circumvent+1","champ:BladeFlurry+1"],"picked":"Singing Bowl","floor":43},{"not_picked":["champ:ShieldSigil+1","champ:SkillfulDodge","champ:IgnorePain"],"picked":"Singing Bowl","floor":44},{"not_picked":["champ:RecklessLeap","champ:EndlessRage+1","champ:RageSigil"],"picked":"Singing Bowl","floor":47},{"not_picked":["champ:FocusedDefense","champ:RisingSlash+1","champ:ShieldSigil"],"picked":"Singing Bowl","floor":47}],"player_experience":1339463,"relics_obtained":[{"floor":6.0,"key":"Potion Belt"},{"floor":7.0,"key":"Ginger"},{"floor":10.0,"key":"Pantograph"},{"floor":11.0,"key":"champ:FightingForDummies"},{"floor":24.0,"key":"Singing Bowl"},{"floor":26.0,"key":"ReplayTheSpireMod:TigerMarble"},{"floor":29.0,"key":"Regal Pillow"},{"floor":40,"key":"War Paint"},{"floor":41,"key":"champ:GladiatorsBookOfMartialProwess"},{"floor":44,"key":"Guardian:GemstoneGun"}],"event_choices":[{"cards_removed":["champ:CheapShot"],"damage_healed":0.0,"max_hp_gain":0.0,"max_hp_loss":0.0,"gold_gain":0.0,"event_name":"betterNote:BetterNote","player_choice":"Give","floor":21.0,"gold_loss":0.0,"damage_taken":0.0,"cards_obtained":["None"]}],"is_beta":false,"boss_relics":[{"not_picked":["Replay:Wanted Poster","energizedSpire:MagnifyingGlass"],"picked":"energizedSpire:CursedPentagram"},{"not_picked":["Replay:Drink Me","energizedSpire:HugeHouse"],"picked":"expansioncontent:StudyCardRelic"}],"items_purged_floors":[36],"is_endless":false,"potions_floor_spawned":[4,6,10,22,25,31,32,33,40,47,49],"ascension_level":2}}