{"host":"ksz6njxfowgsdugl","time":1608059344,"event":{"mods":["2.2 Compatiblity","Act Like it!","BaseMod","Better Third Choice","Conjunction","Duelist Mod","Ekko","Elementarium","Fiend Mod","Hallownest","Hermit","Hubris","Infinite Spire","Jedi Mod","Jorbs\u0027s Wanderer Trilogy","Luminous","Minty Spire (QoL Compilation)","Railgun Mod","Replay The Spire","SCP261 Mod","Shade Mod","StSLib","The Bug Knight"],"gold_per_floor":[213,213,233,250,268,299,299,316,340,340,354,474,474,491,491,590,640,653,703,725,735,735],"floor_reached":21,"playtime":1134,"items_purged":[],"score":183,"play_id":"eee1e3b7-01ee-4ab2-b85f-69ab6f51ee66","local_time":"20201215200904","is_ascension_mode":false,"campfire_choices":[{"data":"TheRailgun:Iron_Dust_Shield","floor":7,"key":"SMITH"},{"data":"TheRailgun:Positive_Field","floor":10,"key":"SMITH"},{"data":"TheRailgun:Scatter_Railgun","floor":13,"key":"SMITH"},{"data":"TheRailgun:Magnetic_Flight","floor":15,"key":"SMITH"}],"circlet_count":0,"master_deck":["TheRailgun:Strike","TheRailgun:Strike","TheRailgun:Strike","TheRailgun:Strike+1","TheRailgun:Defend","TheRailgun:Defend","TheRailgun:Defend","TheRailgun:Defend","TheRailgun:Discharge","TheRailgun:Static","TheRailgun:Zip","TheRailgun:Iron_Dust_Shield+1","TheRailgun:Negative_Field","TheRailgun:Coin_Flip","TheRailgun:Positive_Field+1","TheRailgun:Lightning_Speed","TheRailgun:Scatter_Railgun+1","TheRailgun:Magnetic_Flight+1","TheRailgun:Judgement_Officer","TheRailgun:Positive_Field","TheRailgun:Iron_Dust_Vial+1"],"relics":["TheRailgun:CoinRelic","Hallownest:DreamNailRelic","Meat on the Bone","infinitespire:Beetle Shell","Tiny House","Ring of Greed","Golden Egg","Replay:Bandana"],"acts_visited":["Exordium","TheCity"],"potions_floor_usage":[6,6,14,21,21,21],"damage_taken":[{"damage":2,"enemies":"Hallownest:2_MossCreeps","floor":1,"turns":4},{"damage":1,"enemies":"Hallownest:monsterHuskGuard","floor":3,"turns":3},{"damage":0,"enemies":"2_ Uuma","floor":4,"turns":5},{"damage":11,"enemies":"Hallownest:MossCreep_and_Mosskin","floor":5,"turns":4},{"damage":25,"enemies":"Hallownest:eliteMossKnight","floor":6,"turns":10},{"damage":7,"enemies":"Hallownest:1_Baldur_1_Crawlid_1_Warrior","floor":8,"turns":8},{"damage":15,"enemies":"Hallownest:Guard_and_Warrior","floor":11,"turns":6},{"damage":8,"enemies":"Hallownest:1_Ooma_and_2_Uuma","floor":14,"turns":5},{"damage":10,"enemies":"Hallownest:BossFalseKnight","floor":16,"turns":10},{"damage":27,"enemies":"3 Byrds","floor":18,"turns":4},{"damage":23,"enemies":"Centurion and Healer","floor":20,"turns":9},{"damage":40,"enemies":"Cultist and Chosen","floor":21,"turns":6}],"seed_played":"5666157709295836481","potions_obtained":[{"floor":3,"key":"SCP261:DietGhostPotion"},{"floor":4,"key":"LiquidBronze"},{"floor":6,"key":"SkillPotion"},{"floor":14,"key":"SteroidPotion"},{"floor":16,"key":"DistilledChaos"},{"floor":17,"key":"LifebloodPotion"},{"floor":18,"key":"LiquidBronze"},{"floor":20,"key":"Swift Potion"}],"is_trial":false,"path_per_floor":["M","?","M","M","M","E","R","M","T","R","M","?","R","M","R","B",null,"M","?","M","M"],"character_chosen":"THE_DEFAULT","items_purchased":[],"campfire_rested":0,"item_purchase_floors":[],"current_hp_per_floor":[68,68,67,67,56,31,31,36,36,36,33,33,33,37,37,39,75,48,48,37,0,0],"gold":735,"neow_bonus":"HUNDRED_GOLD","is_daily":false,"chose_seed":false,"campfire_upgraded":4,"win_rate":0.0,"timestamp":1608059344,"path_taken":["M","?","?","M","M","E","R","M","T","R","?","?","R","?","R","BOSS","M","?","M","M"],"items_purchased_type":[],"build_version":"2020-12-13","purchased_purges":0,"victory":false,"max_hp_per_floor":[70,70,70,70,70,70,70,70,70,70,70,70,70,70,70,70,75,75,75,75,75,75],"card_choices":[{"not_picked":["TheRailgun:Gekota_Phone","TheRailgun:Battery_Pack"],"picked":"TheRailgun:Iron_Dust_Shield","floor":1},{"not_picked":["TheRailgun:Circuit_Breaker","TheRailgun:Static"],"picked":"TheRailgun:Negative_Field","floor":3},{"not_picked":["TheRailgun:Gekotamania","TheRailgun:Iron_Dust_Sword"],"picked":"TheRailgun:Coin_Flip","floor":4},{"not_picked":["TheRailgun:Iron_Dust_Vial","TheRailgun:Taser"],"picked":"TheRailgun:Positive_Field","floor":5},{"not_picked":["TheRailgun:Circuit_Breaker","TheRailgun:Aerial_Shot","TheRailgun:Crack"],"picked":"SKIP","floor":6},{"not_picked":["TheRailgun:Charge","TheRailgun:Circuit_Breaker"],"picked":"TheRailgun:Lightning_Speed","floor":8},{"not_picked":["TheRailgun:Electrical_Fire","TheRailgun:Sister_Network"],"picked":"TheRailgun:Scatter_Railgun","floor":11},{"not_picked":["TheRailgun:Sister_Noise","TheRailgun:Thunderjolt"],"picked":"TheRailgun:Magnetic_Flight","floor":14},{"not_picked":["TheRailgun:Magnetic_Flight","TheRailgun:Thunder"],"picked":"TheRailgun:Judgement_Officer","floor":16},{"not_picked":["TheRailgun:Teleporter","TheRailgun:Crackle"],"picked":"TheRailgun:Positive_Field","floor":17},{"not_picked":["TheRailgun:Static","TheRailgun:Gekota_Phone"],"picked":"TheRailgun:Iron_Dust_Vial+1","floor":18},{"not_picked":["TheRailgun:Coin_Flip","TheRailgun:Spark+1","TheRailgun:Charge"],"picked":"SKIP","floor":20}],"player_experience":512313,"relics_obtained":[{"floor":6,"key":"Meat on the Bone"},{"floor":9,"key":"infinitespire:Beetle Shell"},{"floor":19,"key":"Ring of Greed"},{"floor":19,"key":"Golden Egg"},{"floor":19,"key":"Replay:Bandana"}],"event_choices":[],"is_beta":false,"boss_relics":[{"not_picked":["Fusion Hammer","hubris:CrackedHourglass"],"picked":"Tiny House"}],"items_purged_floors":[],"is_endless":false,"potions_floor_spawned":[3,4,6,14,16,18,20],"killed_by":"Cultist and Chosen","ascension_level":0}}