{"host":"qwttrqaysb380yri","time":1608041680,"event":{"mods":["BaseMod","Custom Start","Minty Spire (QoL Compilation)","Puzzle Mod","Relic Stats","StSLib","The Cursed","The Hierophant"],"gold_per_floor":[116,116,130,143,158,158,161,161,161,184,217,217,218,248,248,325,325,426,121,46,46,109,159,8,8,90,132,202,254,254,319,319,319,319,518,785,542,619,619,619,619,350,376,376,610,146,423,552,552,512,512],"floor_reached":50,"playtime":2088,"items_purged":["hierophant:Punish","hierophant:PassingBell+1","hierophant:Refuge"],"score":1214,"play_id":"1f005755-6b24-494e-bc29-bc73bb1fa38e","local_time":"20201215151440","is_ascension_mode":true,"campfire_choices":[{"data":"hierophant:Chorus","floor":6.0,"key":"SMITH"},{"floor":8.0,"key":"REST"},{"floor":15.0,"key":"REST"},{"floor":25.0,"key":"REST"},{"floor":30.0,"key":"REST"},{"floor":32.0,"key":"REST"},{"floor":40.0,"key":"REST"},{"floor":44.0,"key":"REST"},{"floor":49,"key":"REST"}],"circlet_count":0,"master_deck":["AscendersBane","hierophant:ChurchCoffers","Trip","hierophant:Chorus+1","hierophant:HammerAndAnvil","hierophant:Batter+1","hierophant:Remorse+1","hierophant:Remorse+1","hierophant:FieryStrike+1","hierophant:RustyCrate","hierophant:Doubloon","hierophant:Doubloon","hierophant:Cornucopia","hierophant:RecallFunds","hierophant:Cornucopia","hierophant:Generosity","hierophant:Smite+1","hierophant:FlamingChariot+1","hierophant:Doubloon","hierophant:Doubloon","hierophant:Doubloon","hierophant:SecretStash","hierophant:ThreeLashes+1","hierophant:Shelter","hierophant:OrnateBuckler","hierophant:Purify+1","hierophant:MorningPrayer","hierophant:ArchangelShield","hierophant:OrnateBuckler","hierophant:Shelter","hierophant:TollTheBells","hierophant:Doubloon","hierophant:RecallFunds","hierophant:Levitation","hierophant:BulkyChest","hierophant:BulkyChest+1","hierophant:RustyCrate+1","hierophant:ArchangelShield+1","hierophant:Doubloon","hierophant:Doubloon","hierophant:Doubloon","hierophant:Remorse+1","hierophant:Doubloon","hierophant:Charity+1","hierophant:OrnateBuckler","Apotheosis","hierophant:Exaltation","hierophant:OrnateBuckler","hierophant:Exaltation"],"relics":["hierophant:PropheticMaskRelic","Golden Idol","Calipers","Molten Egg 2","Pear","Odd Mushroom","Pandora\u0027s Box","Orrery","Bottled Lightning","Matryoshka","Lizard Tail","Astrolabe","Whetstone","HandDrill","Bronze Scales","Happy Flower","Lee\u0027s Waffle","Toy Ornithopter"],"acts_visited":["Exordium","TheCity","TheBeyond"],"potions_floor_usage":[48,50,50],"damage_taken":[{"damage":1.0,"enemies":"Cultist","floor":1.0,"turns":3.0},{"damage":7.0,"enemies":"Jaw Worm","floor":3.0,"turns":3.0},{"damage":12.0,"enemies":"Small Slimes","floor":4.0,"turns":2.0},{"damage":0.0,"enemies":"3 Louse","floor":5.0,"turns":1.0},{"damage":40.0,"enemies":"Lagavulin","floor":7.0,"turns":4.0},{"damage":15.0,"enemies":"3 Sentries","floor":10.0,"turns":5.0},{"damage":1.0,"enemies":"2 Fungi Beasts","floor":11.0,"turns":3.0},{"damage":2.0,"enemies":"The Mushroom Lair","floor":13.0,"turns":3.0},{"damage":6.0,"enemies":"Lots of Slimes","floor":14.0,"turns":2.0},{"damage":0.0,"enemies":"Slime Boss","floor":16.0,"turns":5.0},{"damage":0.0,"enemies":"Spheric Guardian","floor":18.0,"turns":2.0},{"damage":18.0,"enemies":"2 Thieves","floor":22.0,"turns":3.0},{"damage":43.0,"enemies":"Gremlin Leader","floor":23.0,"turns":7.0},{"damage":20.0,"enemies":"Snecko","floor":27.0,"turns":4.0},{"damage":0.0,"enemies":"Slavers","floor":28.0,"turns":5.0},{"damage":31.0,"enemies":"Snake Plant","floor":29.0,"turns":3.0},{"damage":23.0,"enemies":"Centurion and Healer","floor":31.0,"turns":4.0},{"damage":46.0,"enemies":"Champ","floor":33.0,"turns":9.0},{"damage":22.0,"enemies":"3 Darklings","floor":35.0,"turns":11.0},{"damage":15.0,"enemies":"3 Shapes","floor":36.0,"turns":15.0},{"damage":10.0,"enemies":"Maw","floor":38.0,"turns":8.0},{"damage":35.0,"enemies":"Sphere and 2 Shapes","floor":45.0,"turns":5.0},{"damage":46.0,"enemies":"Jaw Worm Horde","floor":47.0,"turns":6.0},{"damage":18,"enemies":"Giant Head","floor":48,"turns":3},{"damage":58,"enemies":"Time Eater","floor":50,"turns":3}],"seed_played":"-7241101939774877274","potions_obtained":[{"floor":3.0,"key":"SneckoOil"},{"floor":5.0,"key":"AttackPotion"},{"floor":11.0,"key":"Energy Potion"},{"floor":13.0,"key":"SteroidPotion"},{"floor":23.0,"key":"Energy Potion"},{"floor":29.0,"key":"DistilledChaos"},{"floor":31.0,"key":"DistilledChaos"},{"floor":33.0,"key":"CultistPotion"},{"floor":48,"key":"BlessingOfTheForge"}],"is_trial":false,"path_per_floor":["M","?","M","M","M","R","E","R","T","E","M","?","?","M","R","B",null,"M","$","?","?","M","E","$","R","T","M","E","M","R","M","R","B",null,"M","M","$","M","?","R","?","$","T","R","M","$","M","E","R","B"],"character_chosen":"HIEROPHANT","items_purchased":["hierophant:ThreeLashes+1","Orrery","Weak Potion","EntropicBrew","hierophant:Shelter","Whetstone","HandDrill","Lee\u0027s Waffle","Apotheosis","hierophant:Exaltation","PowerPotion"],"campfire_rested":8,"item_purchase_floors":[19,19,19,24,24,37,42,46,46,46,46],"current_hp_per_floor":[67,67,60,48,48,48,8,28,28,23,22,22,20,14,37,37,68,68,68,68,73,55,12,12,35,35,15,15,27,50,27,50,4,60,38,23,23,13,13,35,35,35,35,57,22,81,35,17,41,0,0],"gold":512,"neow_bonus":"RANDOM_COLORLESS","is_daily":false,"chose_seed":false,"campfire_upgraded":1,"win_rate":0.0,"timestamp":1608041680,"path_taken":["M","?","M","M","M","R","E","R","T","E","M","?","?","M","R","BOSS","M","$","?","?","M","E","$","R","T","M","E","?","R","M","R","BOSS","M","M","$","M","?","R","?","?","T","R","M","$","M","E","R","BOSS"],"items_purchased_type":["Card","Relic","Potion","Potion","Card","Relic","Relic","Relic","Card","Card","Potion"],"build_version":"2020-12-13","purchased_purges":3,"victory":false,"max_hp_per_floor":[75,68,68,68,68,68,68,68,68,78,78,78,78,78,78,78,78,78,78,78,78,78,78,78,78,78,78,78,78,78,78,78,78,78,78,78,78,78,74,74,74,74,74,74,74,81,81,81,81,81,81],"relic_stats":{"Lizard Tail":39,"Lee\u0027s Waffle":59,"Happy Flower":[5],"counters":[25,119],"Golden Idol":141,"Astrolabe":["hierophant:BulkyChest","hierophant:RustyCrate","hierophant:ArchangelShield"],"Bronze Scales":[42],"Pandora\u0027s Box":["hierophant:RecallFunds","hierophant:Cornucopia","hierophant:Generosity","hierophant:Smite","hierophant:AuricBeam","hierophant:FlamingChariot","hierophant:Refuge","hierophant:PassingBell"],"HandDrill":[10],"Whetstone":["hierophant:Batter"],"obtain_stats":[{"Lee\u0027s Waffle":46,"Calipers":7,"Pear":10,"Happy Flower":43,"Golden Idol":2,"hierophant:PropheticMaskRelic":0,"Astrolabe":34,"Whetstone":37,"Odd Mushroom":13,"Lizard Tail":28,"Matryoshka":26,"Bronze Scales":43,"Orrery":19,"Molten Egg 2":9,"Pandora\u0027s Box":17,"HandDrill":42,"Bottled Lightning":23,"Toy Ornithopter":48},{"Lee\u0027s Waffle":22,"Calipers":5,"Pear":6,"Happy Flower":21,"Golden Idol":1,"hierophant:PropheticMaskRelic":0,"Astrolabe":18,"Whetstone":20,"Odd Mushroom":8,"Lizard Tail":15,"Matryoshka":13,"Bronze Scales":21,"Orrery":11,"Molten Egg 2":5,"Pandora\u0027s Box":10,"HandDrill":21,"Bottled Lightning":13,"Toy Ornithopter":24},{"Lee\u0027s Waffle":107,"Calipers":13,"Pear":18,"Happy Flower":102,"Golden Idol":3,"hierophant:PropheticMaskRelic":0,"Astrolabe":68,"Whetstone":94,"Odd Mushroom":24,"Lizard Tail":52,"Matryoshka":43,"Bronze Scales":102,"Orrery":33,"Molten Egg 2":13,"Pandora\u0027s Box":31,"HandDrill":102,"Bottled Lightning":43,"Toy Ornithopter":116}],"Toy Ornithopter":10},"card_choices":[{"not_picked":["Forethought","Mind Blast"],"picked":"Trip","floor":0.0},{"not_picked":["hierophant:Doubloon","hierophant:ThreeLashes"],"picked":"hierophant:HolyVerse","floor":1.0},{"not_picked":["hierophant:OrnateBuckler","hierophant:RecallFunds"],"picked":"hierophant:Chorus","floor":3.0},{"not_picked":["hierophant:Embezzle","hierophant:AuricBeam"],"picked":"hierophant:FieryStrike","floor":4.0},{"not_picked":["hierophant:HolyVerse","hierophant:OrnateJavelin"],"picked":"hierophant:HammerAndAnvil","floor":5.0},{"not_picked":["hierophant:DisplayOfPower","hierophant:Zeal"],"picked":"hierophant:Batter","floor":7.0},{"not_picked":["hierophant:Blessing","hierophant:Chorus"],"picked":"hierophant:Remorse+1","floor":10.0},{"not_picked":["hierophant:EyeForCoin","hierophant:RepressedViolence+1"],"picked":"hierophant:Remorse+1","floor":11.0},{"not_picked":["hierophant:DisplayOfPower+1","hierophant:Sermon"],"picked":"hierophant:FieryStrike+1","floor":13.0},{"not_picked":["hierophant:MintersHammer+1","hierophant:Charity"],"picked":"hierophant:RustyCrate","floor":14.0},{"not_picked":["hierophant:WrathOfGod+1","hierophant:Levitation"],"picked":"hierophant:Cornucopia","floor":16.0},{"not_picked":["hierophant:RustyCrate","hierophant:FlamingChariot+1"],"picked":"hierophant:SecretStash","floor":18.0},{"not_picked":["hierophant:SealAway+1","hierophant:Doubloon"],"picked":"hierophant:Shelter","floor":19.0},{"not_picked":["hierophant:EyeForCoin","hierophant:Chorus"],"picked":"hierophant:OrnateBuckler","floor":19.0},{"not_picked":["hierophant:ThreeLashes+1","hierophant:Smite+1"],"picked":"hierophant:Purify+1","floor":19.0},{"not_picked":["hierophant:DisplayOfPower+1","hierophant:Patience"],"picked":"hierophant:MorningPrayer","floor":19.0},{"not_picked":["hierophant:Smite+1","hierophant:SealAway+1"],"picked":"hierophant:ArchangelShield","floor":19.0},{"not_picked":["hierophant:ArchangelShield","hierophant:HolyVerse"],"picked":"hierophant:OrnateBuckler","floor":22.0},{"not_picked":["hierophant:Smite+1","hierophant:AuricShield","hierophant:RecallFunds"],"picked":"SKIP","floor":23.0},{"not_picked":["hierophant:RustyCrate","hierophant:Doubloon"],"picked":"hierophant:TollTheBells","floor":27.0},{"not_picked":["hierophant:Charity","hierophant:Community"],"picked":"hierophant:RecallFunds","floor":28.0},{"not_picked":["hierophant:PassingBell+1","hierophant:Zeal+1","hierophant:CoinFling+1"],"picked":"SKIP","floor":29.0},{"not_picked":["hierophant:Shelter","hierophant:Zeal+1"],"picked":"hierophant:Levitation","floor":31.0},{"not_picked":["hierophant:Kindle","hierophant:Determination"],"picked":"hierophant:BulkyChest","floor":33.0},{"not_picked":["hierophant:SealAway+1","hierophant:FieryStrike+1","hierophant:HammerAndAnvil"],"picked":"SKIP","floor":35.0},{"not_picked":["hierophant:MorningPrayer+1","hierophant:RustyCrate+1"],"picked":"hierophant:Remorse+1","floor":36.0},{"not_picked":["hierophant:Doubloon","hierophant:CoinFling+1"],"picked":"hierophant:Charity+1","floor":38.0},{"not_picked":["hierophant:FlamingChariot+1","hierophant:SolarFlare+1"],"picked":"hierophant:OrnateBuckler","floor":45.0},{"not_picked":["hierophant:RustyCrate","hierophant:Flagellation+1"],"picked":"hierophant:OrnateBuckler","floor":47.0},{"not_picked":["hierophant:MorningPrayer","hierophant:OrnateBuckler"],"picked":"hierophant:Exaltation","floor":48}],"player_experience":1855047,"relics_obtained":[{"floor":7.0,"key":"Calipers"},{"floor":9.0,"key":"Molten Egg 2"},{"floor":10.0,"key":"Pear"},{"floor":13.0,"key":"Odd Mushroom"},{"floor":23.0,"key":"Bottled Lightning"},{"floor":26.0,"key":"Matryoshka"},{"floor":28.0,"key":"Lizard Tail"},{"floor":43.0,"key":"Bronze Scales"},{"floor":43.0,"key":"Happy Flower"},{"floor":48,"key":"Toy Ornithopter"}],"event_choices":[{"damage_healed":0.0,"max_hp_gain":0.0,"max_hp_loss":7.0,"gold_gain":0.0,"event_name":"Golden Idol","player_choice":"Lose Max HP","floor":2.0,"gold_loss":0.0,"damage_taken":0.0,"relics_obtained":["Golden Idol"]},{"damage_healed":0.0,"max_hp_gain":0.0,"max_hp_loss":0.0,"gold_gain":0.0,"event_name":"Shining Light","player_choice":"Ignored","floor":12.0,"gold_loss":0.0,"damage_taken":0.0},{"damage_healed":0.0,"max_hp_gain":0.0,"max_hp_loss":0.0,"gold_gain":0.0,"event_name":"Mushrooms","player_choice":"Fought Mushrooms","floor":13.0,"gold_loss":0.0,"damage_taken":0.0},{"cards_removed":["hierophant:AuricBeam"],"damage_healed":0.0,"max_hp_gain":0.0,"max_hp_loss":0.0,"gold_gain":0.0,"event_name":"Beggar","player_choice":"Gave Gold","floor":20.0,"gold_loss":75.0,"damage_taken":0.0},{"cards_removed":["hierophant:Doubloon"],"damage_healed":5.0,"max_hp_gain":0.0,"max_hp_loss":0.0,"gold_gain":0.0,"event_name":"Bonfire Elementals","player_choice":"Offered Common","floor":21.0,"gold_loss":0.0,"damage_taken":0.0},{"cards_removed":["hierophant:Doubloon"],"damage_healed":5.0,"max_hp_gain":0.0,"max_hp_loss":0.0,"gold_gain":0.0,"event_name":"Bonfire Elementals","player_choice":"Offered Special","floor":21.0,"gold_loss":0.0,"damage_taken":0.0},{"damage_healed":0.0,"max_hp_gain":0.0,"max_hp_loss":4.0,"gold_gain":0.0,"event_name":"Winding Halls","player_choice":"Max HP","floor":39.0,"gold_loss":0.0,"damage_taken":0.0},{"damage_healed":0.0,"max_hp_gain":0.0,"max_hp_loss":0.0,"gold_gain":0.0,"event_name":"Tomb of Lord Red Mask","player_choice":"Ignored","floor":41.0,"gold_loss":0.0,"damage_taken":0.0}],"is_beta":false,"boss_relics":[{"not_picked":["Velvet Choker","Busted Crown"],"picked":"Pandora\u0027s Box"},{"not_picked":["SacredBark","Runic Dome"],"picked":"Astrolabe"}],"items_purged_floors":[19,37,42],"is_endless":false,"potions_floor_spawned":[3,5,11,13,14,23,29,31,33,47,48],"killed_by":"Time Eater","ascension_level":15}}