{"host":"jm9833yuloeli2yd","time":1608006090,"event":{"mods":["AchievementEnabler","BaseMod","Better Altar","Better Match","Better Note","Better Sensory Stone","Better Skull","Better Vampires","Colored Map","Colored Powertips","DeckTracker","Minty Spire (QoL Compilation)","Permanent Neow","Quick Restart","Replay The Spire","StSLib","SuperFastMode"],"gold_per_floor":[10,160,235,160,177,205,43,58,84,84,113,78,108,121,121,121,121],"floor_reached":16,"playtime":356,"items_purged":["Doubt"],"score":261,"play_id":"8ad9f61d-cdf8-442d-8751-f8d0f64f6300","local_time":"20201214232130","is_ascension_mode":true,"campfire_choices":[{"data":"Skewer","floor":10,"key":"SMITH"},{"data":"Poisoned Stab","floor":15,"key":"SMITH"}],"circlet_count":0,"master_deck":["AscendersBane","Strike_G","Strike_G","Strike_G","Strike_G","Strike_G","Defend_G","Defend_G","Defend_G","Defend_G","Defend_G","Survivor","Neutralize","Skewer+1","Poisoned Stab+1","Tactician","Backflip","Catalyst","Adrenaline","PiercingWail"],"relics":["Ring of the Snake","Art of War","Lee\u0027s Waffle","Toy Ornithopter","Eternal Feather","InkBottle"],"acts_visited":["Exordium"],"potions_floor_usage":[11,13],"damage_taken":[{"damage":4,"enemies":"Jaw Worm","floor":1,"turns":7},{"damage":0,"enemies":"2 Louse","floor":5,"turns":3},{"damage":50,"enemies":"Gremlin Nob","floor":6,"turns":5},{"damage":3,"enemies":"Small Slimes","floor":8,"turns":3},{"damage":24,"enemies":"3 Sentries","floor":11,"turns":11},{"damage":49,"enemies":"Gremlin Nob","floor":13,"turns":5},{"damage":5,"enemies":"Gremlin Gang","floor":14,"turns":6},{"damage":46,"enemies":"Slime Boss","floor":16,"turns":6}],"seed_played":"470121858766726244","potions_obtained":[{"floor":1,"key":"Energy Potion"},{"floor":11,"key":"Block Potion"}],"is_trial":false,"path_per_floor":["M","?","?","$","M","E","$","M","T","R","E","?","E","M","R","B"],"character_chosen":"THE_SILENT","items_purchased":["Lee\u0027s Waffle"],"campfire_rested":0,"item_purchase_floors":[7],"current_hp_per_floor":[67,67,56,56,56,6,85,82,82,82,61,82,38,33,45,0,0],"gold":121,"neow_bonus":"TWENTY_PERCENT_HP_BONUS","is_daily":false,"chose_seed":false,"campfire_upgraded":2,"win_rate":0.0,"timestamp":1608006090,"path_taken":["M","?","?","$","M","E","$","M","T","R","E","?","E","M","R","BOSS"],"items_purchased_type":["Relic"],"build_version":"2020-12-13","purchased_purges":1,"victory":false,"max_hp_per_floor":[78,78,78,78,78,78,85,85,85,85,85,85,85,85,85,85,85],"card_choices":[{"not_picked":["Riddle With Holes","Heel Hook"],"picked":"Skewer","floor":1},{"not_picked":["Tactician","Prepared"],"picked":"Poisoned Stab","floor":5},{"not_picked":["Backstab","Endless Agony"],"picked":"Tactician","floor":6},{"not_picked":["Slice","Dodge and Roll"],"picked":"Backflip","floor":8},{"not_picked":["Reflex","Outmaneuver"],"picked":"Catalyst","floor":11},{"not_picked":["Quick Slash","Expertise"],"picked":"Adrenaline","floor":13},{"not_picked":["Fluid Movement","Quick Slash"],"picked":"PiercingWail","floor":14}],"player_experience":1081011,"relics_obtained":[{"floor":6,"key":"Art of War"},{"floor":9,"key":"Toy Ornithopter"},{"floor":11,"key":"Eternal Feather"},{"floor":13,"key":"InkBottle"}],"event_choices":[{"damage_healed":0,"gold_gain":150,"player_choice":"AGREE","damage_taken":0,"max_hp_gain":0,"max_hp_loss":0,"event_name":"Liars Game","floor":2,"gold_loss":0,"cards_obtained":["Doubt"]},{"damage_healed":0,"gold_gain":75,"player_choice":"Gather Gold","damage_taken":11,"max_hp_gain":0,"max_hp_loss":0,"event_name":"World of Goop","floor":3,"gold_loss":0},{"damage_healed":21,"gold_gain":0,"player_choice":"Healed","damage_taken":0,"max_hp_gain":0,"max_hp_loss":0,"event_name":"The Cleric","floor":12,"gold_loss":35}],"is_beta":false,"boss_relics":[],"items_purged_floors":[4],"is_endless":false,"potions_floor_spawned":[1,11],"killed_by":"Slime Boss","ascension_level":20}}