{"host":"3t6uby4o5waaq95r","time":1608003456,"event":{"mods":["AchievementEnabler","BaseMod","Bestiary","Colored Map","Highlight Path","Minty Spire (QoL Compilation)","Permanent Neow","Quick Restart","Random Character Button","SuperFastMode"],"gold_per_floor":[117,42,55,74,93,93,104,131,131,145,175,175,175,194,194,293,293,305,315,415,433,443,443,443,443,525,276,309,309,15,33,33,137,137,147,163,163,182,200,200,50,104,104,116,151,151,165,178,178,178],"floor_reached":51,"playtime":2404,"items_purged":["Strike_R","Bash"],"score":813,"play_id":"b511cfe5-252f-47e1-8231-1b8359f958d2","local_time":"20201214213736","is_ascension_mode":false,"campfire_choices":[{"data":"Pommel Strike","floor":6.0,"key":"SMITH"},{"data":"Perfected Strike","floor":12.0,"key":"SMITH"},{"data":"Flex","floor":15.0,"key":"SMITH"},{"data":"Shrug It Off","floor":23.0,"key":"SMITH"},{"floor":29,"key":"REST"},{"data":"Warcry","floor":32,"key":"SMITH"},{"data":"Perfected Strike","floor":40,"key":"SMITH"},{"data":"Pommel Strike","floor":46,"key":"SMITH"},{"data":"Perfected Strike","floor":49,"key":"SMITH"}],"circlet_count":0,"master_deck":["Strike_R","Strike_R","Strike_R","Strike_R","Defend_R","Defend_R","Defend_R","Defend_R","Perfected Strike+1","Wild Strike","Thunderclap","Pommel Strike+1","Flex+1","Clothesline","Twin Strike","Sword Boomerang+1","Shrug It Off+1","Warcry+1","Perfected Strike+1","Armaments","Flex","Anger+1","Iron Wave","Anger+1","Pommel Strike+1","Perfected Strike+1","Perfected Strike+1","Armaments+1"],"relics":["Burning Blood","NeowsBlessing","Matryoshka","Omamori","Question Card","Pantograph","Shuriken","SlaversCollar","Enchiridion","WarpedTongs","Art of War","Ornamental Fan","Anchor","Bag of Preparation","Potion Belt","Sling","Cursed Key","Dead Branch","HornCleat","Regal Pillow"],"acts_visited":["Exordium","TheCity","TheBeyond"],"potions_floor_usage":[36,45,50,50,50,50,50,50,50],"damage_taken":[{"damage":0.0,"enemies":"2 Louse","floor":1.0,"turns":1.0},{"damage":0.0,"enemies":"Small Slimes","floor":3.0,"turns":1.0},{"damage":0.0,"enemies":"Cultist","floor":4.0,"turns":1.0},{"damage":10.0,"enemies":"Exordium Wildlife","floor":5.0,"turns":4.0},{"damage":9.0,"enemies":"2 Fungi Beasts","floor":7.0,"turns":2.0},{"damage":18.0,"enemies":"3 Sentries","floor":8.0,"turns":6.0},{"damage":15.0,"enemies":"Gremlin Gang","floor":10.0,"turns":4.0},{"damage":24.0,"enemies":"Gremlin Nob","floor":11.0,"turns":4.0},{"damage":7.0,"enemies":"Blue Slaver","floor":14.0,"turns":2.0},{"damage":45.0,"enemies":"The Guardian","floor":16.0,"turns":9.0},{"damage":0.0,"enemies":"Spheric Guardian","floor":18.0,"turns":3.0},{"damage":10.0,"enemies":"Chosen","floor":19.0,"turns":3.0},{"damage":12.0,"enemies":"Snake Plant","floor":21.0,"turns":4.0},{"damage":14.0,"enemies":"Snecko","floor":22.0,"turns":4.0},{"damage":18,"enemies":"Slavers","floor":28,"turns":4},{"damage":12,"enemies":"3 Cultists","floor":31,"turns":4},{"damage":61,"enemies":"Collector","floor":33,"turns":8},{"damage":0,"enemies":"Orb Walker","floor":35,"turns":2},{"damage":6,"enemies":"3 Darklings","floor":36,"turns":7},{"damage":17,"enemies":"Maw","floor":38,"turns":6},{"damage":6,"enemies":"4 Shapes","floor":39,"turns":4},{"damage":21,"enemies":"2 Orb Walkers","floor":42,"turns":4},{"damage":0,"enemies":"Sphere and 2 Shapes","floor":44,"turns":3},{"damage":0,"enemies":"Nemesis","floor":45,"turns":3},{"damage":0,"enemies":"Spire Growth","floor":47,"turns":3},{"damage":5,"enemies":"4 Shapes","floor":48,"turns":3},{"damage":50,"enemies":"Donu and Deca","floor":50,"turns":5}],"seed_played":"927067331226906748","potions_obtained":[{"floor":1.0,"key":"Explosive Potion"},{"floor":4.0,"key":"Explosive Potion"},{"floor":11.0,"key":"CultistPotion"},{"floor":14.0,"key":"FearPotion"},{"floor":16.0,"key":"Explosive Potion"},{"floor":18.0,"key":"Regen Potion"},{"floor":22.0,"key":"EssenceOfSteel"},{"floor":33,"key":"BlessingOfTheForge"},{"floor":35,"key":"FearPotion"},{"floor":42,"key":"Dexterity Potion"},{"floor":45,"key":"BlessingOfTheForge"}],"is_trial":false,"path_per_floor":["M","$","M","M","M","R","M","E","T","M","E","R","?","M","R","B",null,"M","M","?","M","M","R","?","?","T","$","E","R","$","M","R","B",null,"M","M","$","M","M","R","$","?","T","M","E","R","M","M","R","B",null],"character_chosen":"IRONCLAD","items_purchased":["Anchor","Potion Belt","Sling","EntropicBrew","Iron Wave"],"campfire_rested":1,"item_purchase_floors":[27,30,30,41,41],"current_hp_per_floor":[80,80,80,80,76,76,73,61,61,52,34,34,31,30,30,16,80,80,76,76,70,62,62,46,46,46,46,34,58,58,52,52,22,80,80,80,80,69,69,69,69,54,54,60,66,66,72,73,73,41],"gold":178,"neow_bonus":"THREE_ENEMY_KILL","is_daily":false,"chose_seed":false,"campfire_upgraded":8,"win_rate":0.0,"timestamp":1608003456,"path_taken":["M","$","M","M","M","R","M","E","T","M","E","R","?","M","R","BOSS","M","M","?","?","M","R","?","?","T","$","E","R","$","M","R","BOSS","M","M","$","M","?","R","$","?","T","M","E","R","M","M","R","BOSS"],"items_purchased_type":["Relic","Relic","Relic","Potion","Card"],"build_version":"2020-12-13","purchased_purges":2,"victory":true,"max_hp_per_floor":[80,80,80,80,80,80,80,80,80,80,80,80,80,80,80,80,80,80,80,80,80,80,80,80,80,80,80,80,80,80,80,80,80,80,80,80,80,80,80,80,80,80,80,80,80,80,80,80,80,80],"card_choices":[{"not_picked":["Hemokinesis","Sever Soul"],"picked":"Perfected Strike","floor":1.0},{"not_picked":["Flame Barrier","Clothesline"],"picked":"Wild Strike","floor":3.0},{"not_picked":["Seeing Red","Flex"],"picked":"Thunderclap","floor":4.0},{"not_picked":["Second Wind","Clash"],"picked":"Pommel Strike","floor":5.0},{"not_picked":["Dropkick","Rampage"],"picked":"Flex","floor":7.0},{"not_picked":["Power Through","Battle Trance"],"picked":"Clothesline","floor":8.0},{"not_picked":["Sword Boomerang","Warcry","Uppercut"],"picked":"Twin Strike","floor":10.0},{"not_picked":["Rupture","Juggernaut","Sever Soul","Evolve"],"picked":"SKIP","floor":11.0},{"not_picked":["Intimidate","Second Wind","Ghostly Armor","Power Through"],"picked":"SKIP","floor":14.0},{"not_picked":["Clothesline","Seeing Red","Thunderclap"],"picked":"Sword Boomerang+1","floor":18.0},{"not_picked":["Thunderclap","Rupture","Heavy Blade","Dark Embrace+1"],"picked":"SKIP","floor":19.0},{"not_picked":["Sentinel+1","Clothesline+1","Anger","Ghostly Armor+1"],"picked":"SKIP","floor":21.0},{"not_picked":["Flex","Bloodletting","Spot Weakness"],"picked":"Shrug It Off","floor":22.0},{"not_picked":["Inflame","Impervious","Seeing Red","Disarm+1"],"picked":"SKIP","floor":28},{"not_picked":["Wild Strike","Sword Boomerang","Clothesline"],"picked":"Warcry","floor":31},{"not_picked":["Twin Strike","Rage+1","Armaments"],"picked":"Perfected Strike","floor":35},{"not_picked":["Heavy Blade","True Grit+1","Wild Strike+1"],"picked":"Armaments","floor":36},{"not_picked":["Metallicize+1","Uppercut","Impervious"],"picked":"Flex","floor":38},{"not_picked":["Sentinel","Spot Weakness","Sword Boomerang+1"],"picked":"Anger+1","floor":39},{"not_picked":["Headbutt","Whirlwind+1","Flex"],"picked":"Anger+1","floor":42},{"not_picked":["Wild Strike","Body Slam+1","Flex+1"],"picked":"Pommel Strike","floor":44},{"not_picked":["Demon Form","Rampage+1","Reckless Charge"],"picked":"Perfected Strike","floor":45},{"not_picked":["Sword Boomerang+1","Bludgeon","Disarm"],"picked":"Perfected Strike+1","floor":47},{"not_picked":["Infernal Blade","Disarm+1","Flex"],"picked":"Armaments+1","floor":48}],"player_experience":745480,"relics_obtained":[{"floor":8.0,"key":"Matryoshka"},{"floor":9.0,"key":"Omamori"},{"floor":9.0,"key":"Question Card"},{"floor":11.0,"key":"Pantograph"},{"floor":24,"key":"Enchiridion"},{"floor":26,"key":"Art of War"},{"floor":26,"key":"Ornamental Fan"},{"floor":28,"key":"Bag of Preparation"},{"floor":42,"key":"Dead Branch"},{"floor":43,"key":"HornCleat"},{"floor":45,"key":"Regal Pillow"}],"event_choices":[{"damage_healed":0.0,"max_hp_gain":0.0,"max_hp_loss":0.0,"gold_gain":0.0,"event_name":"Scrap Ooze","player_choice":"Success","floor":13.0,"gold_loss":0.0,"damage_taken":3.0,"relics_obtained":["Shuriken"]},{"damage_healed":0.0,"max_hp_gain":0.0,"max_hp_loss":0.0,"gold_gain":100.0,"event_name":"Golden Shrine","player_choice":"Pray","floor":20.0,"gold_loss":0.0,"damage_taken":0.0},{"damage_healed":0,"gold_gain":0,"player_choice":"Obtained Book","damage_taken":16,"max_hp_gain":0,"max_hp_loss":0,"event_name":"Cursed Tome","floor":24,"gold_loss":0},{"damage_healed":0,"gold_gain":0,"player_choice":"Rummage","damage_taken":0,"relics_obtained":["WarpedTongs"],"max_hp_gain":0,"max_hp_loss":0,"event_name":"Accursed Blacksmith","floor":25,"gold_loss":0,"cards_obtained":["Pain"]},{"damage_healed":0,"gold_gain":0,"player_choice":"Fight","damage_taken":0,"max_hp_gain":0,"max_hp_loss":0,"event_name":"Mysterious Sphere","floor":42,"gold_loss":0}],"is_beta":false,"boss_relics":[{"not_picked":["Snecko Eye","Mark of Pain"],"picked":"SlaversCollar"},{"not_picked":["Astrolabe","Tiny House"],"picked":"Cursed Key"}],"items_purged_floors":[2,27],"is_endless":false,"potions_floor_spawned":[1,4,11,14,16,18,21,22,33,35,42,44,45],"ascension_level":0}}