{"host":"i0avyit1s6jb1siw","time":1608037981,"event":{"mods":["BaseMod","DeckTracker","Dota2Spire","Highlight Path","Minty Spire (QoL Compilation)","Quick Restart","Replay The Spire","StSLib","SuperFastMode"],"gold_per_floor":[116,116,128,145,163,198,198,198,274,116,116,116],"floor_reached":11,"playtime":198,"items_purged":["Strike_P"],"score":196,"play_id":"8e54dc48-b577-411e-b326-c47d90d887c9","local_time":"20201215141301","is_ascension_mode":true,"campfire_choices":[{"data":"Eruption","floor":8,"key":"SMITH"}],"circlet_count":0,"master_deck":["AscendersBane","Strike_P","Strike_P","Strike_P","Defend_P","Defend_P","Defend_P","Defend_P","Eruption+1","Vigilance","WheelKick","CarveReality","EmptyFist","Adaptation"],"relics":["PureWater","NeowsBlessing","Pondfish Scales","White Beast Statue"],"acts_visited":["Exordium"],"potions_floor_usage":[6,6],"damage_taken":[{"damage":0,"enemies":"Cultist","floor":1,"turns":1},{"damage":0,"enemies":"Small Slimes","floor":3,"turns":1},{"damage":0,"enemies":"2 Louse","floor":4,"turns":1},{"damage":39,"enemies":"Exordium Wildlife","floor":5,"turns":6},{"damage":0,"enemies":"Lagavulin","floor":6,"turns":4},{"damage":23,"enemies":"3 Sentries","floor":11,"turns":4}],"seed_played":"7724218372613864487","potions_obtained":[{"floor":3,"key":"Fire Potion"},{"floor":5,"key":"AttackPotion"}],"is_trial":false,"path_per_floor":["M","$","M","M","M","E","?","R","T","$","E"],"character_chosen":"WATCHER","items_purchased":["Adaptation"],"campfire_rested":0,"item_purchase_floors":[10],"current_hp_per_floor":[61,61,61,61,22,22,22,22,22,22,0,0],"gold":116,"neow_bonus":"THREE_ENEMY_KILL","is_daily":false,"chose_seed":false,"campfire_upgraded":1,"win_rate":0.0,"timestamp":1608037981,"path_taken":["M","$","M","?","M","E","?","R","T","$","E"],"items_purchased_type":["Card"],"build_version":"2020-12-13","purchased_purges":1,"victory":false,"max_hp_per_floor":[68,68,68,68,68,68,68,68,68,68,68,68],"card_choices":[{"not_picked":["ThirdEye","Replay:ManipulateFuture","Replay:AtTheReady"],"picked":"SKIP","floor":1},{"not_picked":["Wireheading","Protect"],"picked":"WheelKick","floor":3},{"not_picked":["WheelKick","Weave"],"picked":"CarveReality","floor":4},{"not_picked":["SashWhip","Crescendo","Replay:BluntJabs"],"picked":"SKIP","floor":5},{"not_picked":["InnerPeace","Replay:DivineShield"],"picked":"EmptyFist","floor":6}],"player_experience":2077073,"relics_obtained":[{"floor":6,"key":"Pondfish Scales"},{"floor":9,"key":"White Beast Statue"}],"event_choices":[{"damage_healed":0,"gold_gain":0,"player_choice":"0 cards matched","damage_taken":0,"max_hp_gain":0,"max_hp_loss":0,"event_name":"Match and Keep!","floor":7,"gold_loss":0,"cards_obtained":[]}],"is_beta":false,"boss_relics":[],"items_purged_floors":[10],"is_endless":false,"potions_floor_spawned":[3,5],"killed_by":"3 Sentries","ascension_level":20}}