{"host":"y76clbnovzmw9ubx","time":1608039578,"event":{"mods":["AchievementEnabler","BaseMod","Minty Spire (QoL Compilation)","Permanent Neow","Relic Stats"],"gold_per_floor":[109,128,140,159,159,159,190,190,236,236,276,347,367,9,9,105,105,119,133,151,166,38,38,38],"floor_reached":23,"playtime":1502,"items_purged":["Strike_R","Strike_R"],"score":456,"play_id":"3bc60650-deda-4723-af65-d7af40c6952c","local_time":"20201215083938","is_ascension_mode":true,"campfire_choices":[{"data":"Hemokinesis","floor":6,"key":"SMITH"},{"data":"Bash","floor":8,"key":"SMITH"},{"data":"Fiend Fire","floor":10,"key":"SMITH"},{"data":"True Grit","floor":15,"key":"SMITH"}],"circlet_count":0,"master_deck":["AscendersBane","Strike_R","Strike_R","Strike_R","Defend_R","Defend_R","Defend_R","Defend_R","Bash+1","Heavy Blade","Hemokinesis+1","Carnage","Fire Breathing","True Grit+1","Fiend Fire+1","Wild Strike","Whirlwind","Reaper","Feel No Pain","True Grit","Corruption"],"relics":["Burning Blood","Golden Idol","Paper Frog","Dream Catcher","Vajra","Turnip","Membership Card","Regal Pillow","Philosopher\u0027s Stone"],"acts_visited":["Exordium","TheCity"],"potions_floor_usage":[7,7,12,18,19,23,23],"damage_taken":[{"damage":7,"enemies":"Cultist","floor":1,"turns":4},{"damage":2,"enemies":"2 Louse","floor":2,"turns":2},{"damage":7,"enemies":"Jaw Worm","floor":3,"turns":3},{"damage":15,"enemies":"Blue Slaver","floor":4,"turns":2},{"damage":2,"enemies":"Gremlin Nob","floor":7,"turns":3},{"damage":37,"enemies":"Lagavulin","floor":11,"turns":5},{"damage":13,"enemies":"3 Sentries","floor":12,"turns":5},{"damage":2,"enemies":"Large Slime","floor":13,"turns":4},{"damage":24,"enemies":"Slime Boss","floor":16,"turns":7},{"damage":19,"enemies":"3 Byrds","floor":18,"turns":4},{"damage":2,"enemies":"Chosen","floor":19,"turns":3},{"damage":2,"enemies":"Snake Plant","floor":20,"turns":2},{"damage":36,"enemies":"Chosen and Byrds","floor":21,"turns":5},{"damage":65,"enemies":"Gremlin Leader","floor":23,"turns":6}],"seed_played":"3789123861724242470","potions_obtained":[{"floor":1,"key":"Ancient Potion"},{"floor":2,"key":"AttackPotion"},{"floor":4,"key":"PowerPotion"},{"floor":11,"key":"SkillPotion"},{"floor":12,"key":"Ancient Potion"},{"floor":19,"key":"GamblersBrew"},{"floor":21,"key":"Regen Potion"}],"is_trial":false,"path_per_floor":["M","M","M","M","?","R","E","R","T","R","E","?","M","$","R","B",null,"M","M","M","M","$","E"],"character_chosen":"IRONCLAD","items_purchased":["Membership Card","Whirlwind","Regal Pillow","PowerPotion","Corruption"],"campfire_rested":0,"item_purchase_floors":[14,14,14,14,22],"current_hp_per_floor":[67,71,70,61,61,61,65,65,65,65,34,27,31,31,31,13,54,55,67,68,46,46,0,0],"gold":38,"neow_bonus":"THREE_CARDS","is_daily":false,"chose_seed":false,"campfire_upgraded":4,"win_rate":0.0,"timestamp":1608039578,"path_taken":["M","M","M","M","?","R","E","R","T","R","E","?","M","$","R","BOSS","M","M","M","M","$","E"],"items_purchased_type":["Relic","Card","Relic","Potion","Card"],"build_version":"2020-12-13","purchased_purges":2,"victory":false,"max_hp_per_floor":[75,75,75,75,68,68,68,68,68,68,68,68,68,68,68,68,68,68,68,68,68,68,68,68],"relic_stats":{"Dream Catcher":0,"Regal Pillow":0,"counters":[14,55],"Golden Idol":58,"Turnip":[10],"obtain_stats":[{"Dream Catcher":9,"Regal Pillow":14,"Golden Idol":5,"Vajra":11,"Philosopher\u0027s Stone":17,"Turnip":12,"Membership Card":14,"Burning Blood":0,"Paper Frog":7},{"Dream Catcher":5,"Regal Pillow":8,"Golden Idol":4,"Vajra":6,"Philosopher\u0027s Stone":9,"Turnip":7,"Membership Card":8,"Burning Blood":0,"Paper Frog":5},{"Dream Catcher":14,"Regal Pillow":28,"Golden Idol":11,"Vajra":19,"Philosopher\u0027s Stone":35,"Turnip":24,"Membership Card":28,"Burning Blood":0,"Paper Frog":14}],"Burning Blood":75},"card_choices":[{"not_picked":["Searing Blow","Headbutt"],"picked":"Heavy Blade","floor":0},{"not_picked":["Clothesline","Bloodletting"],"picked":"Hemokinesis","floor":1},{"not_picked":["Headbutt","Intimidate"],"picked":"Carnage","floor":2},{"not_picked":["Havoc","Dark Embrace"],"picked":"Fire Breathing","floor":3},{"not_picked":["Iron Wave","Shrug It Off"],"picked":"True Grit","floor":4},{"not_picked":["Armaments","Wild Strike"],"picked":"Fiend Fire","floor":7},{"not_picked":["Thunderclap","Dropkick"],"picked":"Wild Strike","floor":11},{"not_picked":["Headbutt","Dual Wield","Perfected Strike"],"picked":"SKIP","floor":13},{"not_picked":["Exhume","Immolate"],"picked":"Reaper","floor":16},{"not_picked":["Warcry","Flame Barrier"],"picked":"Feel No Pain","floor":18},{"not_picked":["Flex","Pommel Strike","Second Wind"],"picked":"SKIP","floor":19},{"not_picked":["Headbutt","Warcry"],"picked":"True Grit","floor":20},{"not_picked":["Wild Strike","Whirlwind","Clothesline+1"],"picked":"SKIP","floor":21}],"player_experience":2866999,"relics_obtained":[{"floor":7,"key":"Paper Frog"},{"floor":9,"key":"Dream Catcher"},{"floor":11,"key":"Vajra"},{"floor":12,"key":"Turnip"}],"event_choices":[{"damage_healed":0,"gold_gain":0,"player_choice":"Lose Max HP","damage_taken":0,"relics_obtained":["Golden Idol"],"max_hp_gain":0,"max_hp_loss":7,"event_name":"Golden Idol","floor":5,"gold_loss":0},{"damage_healed":0,"gold_gain":30,"player_choice":"Searched \u00272\u0027 times","damage_taken":0,"max_hp_gain":0,"max_hp_loss":0,"event_name":"Dead Adventurer","floor":12,"gold_loss":0}],"is_beta":false,"boss_relics":[{"not_picked":["Empty Cage","Ectoplasm"],"picked":"Philosopher\u0027s Stone"}],"items_purged_floors":[14,22],"is_endless":false,"potions_floor_spawned":[1,2,4,11,12,19,21],"killed_by":"Gremlin Leader","ascension_level":20}}