{"host":"b56lo9oh28pgpcwb","time":1608067716,"event":{"mods":["2.2 Compatiblity","AchievementEnabler","Act Like it!","Aspiration","Astrologer","BaseMod","Beaked The Cultist","Better Third Choice","BetterRewards","Colored Map","Conspire","Energized Spire","Hallownest","Hermit","Hubris","Minty Spire (QoL Compilation)","Quick Restart","READ ME - Guardian Mod","Shade Mod","StSLib","Strawberry Spire","The Bug Knight","The Cursed","The Disciple","The Hierophant","The IronCluck","The Jungle","The Runesmith","Wandering Minibosses"],"gold_per_floor":[104,119,194,209,209,248,296,71,71,143,143,187,278,278,278,127,127],"floor_reached":16,"playtime":1765,"items_purged":[],"score":179,"play_id":"34f64e8f-1cde-44ed-8fd7-da4e98c8351a","local_time":"20201216082836","daily_mods":["Allstar","Hoarder","Night Terrors"],"is_ascension_mode":false,"campfire_choices":[{"data":"Deep Breath","floor":11,"key":"SMITH"},{"data":"Deep Breath","floor":15,"key":"SMITH"}],"circlet_count":0,"master_deck":["hierophant:Strike_Hierophant","hierophant:Strike_Hierophant","hierophant:Strike_Hierophant","hierophant:Strike_Hierophant","hierophant:Punish","hierophant:Defend_Hierophant","hierophant:Defend_Hierophant","hierophant:Defend_Hierophant","hierophant:Defend_Hierophant","hierophant:ChurchCoffers","Flash of Steel","Flash of Steel","Flash of Steel","Impatience","Impatience","Impatience","Blind","Blind","Blind","PanicButton","PanicButton","PanicButton","Deep Breath+1","Deep Breath+1","Deep Breath","hierophant:Zeal","hierophant:Zeal","hierophant:Zeal","hierophant:OrnateBuckler","hierophant:OrnateBuckler","hierophant:OrnateBuckler","hierophant:Doubloon","hierophant:Doubloon","hierophant:Doubloon","hierophant:Refuge","hierophant:Refuge","hierophant:Refuge","hierophant:Doubloon","hierophant:Doubloon","hierophant:Doubloon","hierophant:CursedGold","hierophant:CursedGold","hierophant:CursedGold","hierophant:Endure","hierophant:Endure","hierophant:Endure","hierophant:Doubloon","hierophant:Doubloon","hierophant:Doubloon","hierophant:CoinFling","hierophant:CoinFling","hierophant:CoinFling","hierophant:Doubloon","hierophant:Doubloon","hierophant:Doubloon","hierophant:Remorse","hierophant:Remorse","hierophant:Remorse","hubris:NaturalOne","hubris:NaturalOne","hubris:NaturalOne"],"relics":["hierophant:PropheticMaskRelic","hubris:Icosahedron","Eternal Feather","Lee\u0027s Waffle","aspiration:HummingbirdHeart"],"acts_visited":["Exordium"],"potions_floor_usage":[16],"damage_taken":[{"damage":8,"enemies":"conspire:RoseBush","floor":1,"turns":2},{"damage":5,"enemies":"2 Louse","floor":2,"turns":3},{"damage":0,"enemies":"Small Slimes","floor":4,"turns":2},{"damage":15,"enemies":"Lagavulin","floor":6,"turns":8},{"damage":3,"enemies":"Looter","floor":7,"turns":4},{"damage":0,"enemies":"3 Louse","floor":10,"turns":2},{"damage":0,"enemies":"2 Fungi Beasts","floor":12,"turns":5},{"damage":2,"enemies":"conspire:2 RoseBushes","floor":13,"turns":5},{"damage":42,"enemies":"The Guardian","floor":16,"turns":18}],"seed_played":"8833210206598683822","potions_obtained":[{"floor":2,"key":"SkillPotion"},{"floor":7,"key":"SkillPotion"}],"is_trial":false,"path_per_floor":["M","M","?","M","?","E","M","$","T","M","R","M","M","?","R","B"],"character_chosen":"HIEROPHANT","items_purchased":["Lee\u0027s Waffle","DuplicationPotion"],"campfire_rested":0,"item_purchase_floors":[8,8],"current_hp_per_floor":[67,62,51,51,51,36,33,82,82,82,82,82,80,80,82,40,40],"gold":127,"neow_bonus":"","is_daily":true,"chose_seed":false,"campfire_upgraded":2,"win_rate":0.0,"timestamp":1608067716,"path_taken":["M","M","?","M","?","E","M","$","T","M","R","M","M","?","R","BOSS"],"items_purchased_type":["Relic","Potion"],"build_version":"2020-12-13","purchased_purges":0,"victory":false,"max_hp_per_floor":[75,75,75,75,75,75,75,82,82,82,82,82,82,82,82,82,82],"card_choices":[{"not_picked":["hierophant:Purify","hierophant:ArchangelShield","hierophant:AuricBeam"],"picked":"SKIP","floor":1},{"not_picked":["hierophant:Patience","hierophant:PassingBell"],"picked":"hierophant:Zeal","floor":2},{"not_picked":["hierophant:Chorus","hierophant:ThreeLashes"],"picked":"hierophant:OrnateBuckler","floor":4},{"not_picked":["hierophant:HolyVerse","hierophant:RepressedViolence"],"picked":"hierophant:Refuge","floor":6},{"not_picked":["hierophant:HammerAndAnvil","hierophant:Remorse"],"picked":"hierophant:CursedGold","floor":7},{"not_picked":["hierophant:SealAway","hierophant:Chorus"],"picked":"hierophant:Endure","floor":10},{"not_picked":["hierophant:Purify","hierophant:Remorse"],"picked":"hierophant:CoinFling","floor":12},{"not_picked":["hierophant:Endure","hierophant:MintersHammer"],"picked":"hierophant:Remorse","floor":13}],"player_experience":1433903,"relics_obtained":[{"floor":6,"key":"Eternal Feather"},{"floor":9,"key":"aspiration:HummingbirdHeart"}],"event_choices":[{"damage_healed":0,"gold_gain":75,"player_choice":"Gold","damage_taken":11,"max_hp_gain":0,"max_hp_loss":0,"event_name":"betterThird:BetterGoop","floor":3,"gold_loss":0},{"damage_healed":0,"gold_gain":0,"player_choice":"Ignored","damage_taken":278,"max_hp_gain":0,"max_hp_loss":0,"event_name":"betterThird:BetterSerpent","floor":14,"gold_loss":0}],"is_beta":false,"boss_relics":[],"items_purged_floors":[],"is_endless":false,"potions_floor_spawned":[2,7,10],"killed_by":"The Guardian","ascension_level":0}}