{"host":"og6lam4kt3nibbw0","time":1608004378,"event":{"mods":["AchievementEnabler","BaseMod","Colored Map","DeckTracker","Highlight Path","Keyboard Shortcuts","Minty Spire (QoL Compilation)","Permanent Neow","Quick Restart","StSLib","SuperFastMode"],"gold_per_floor":[12,23,298,309,61,61,86,86,86,86,97,114,124,124,124,124,124],"floor_reached":16,"playtime":859,"items_purged":["Regret"],"score":204,"play_id":"b8ee5b90-d657-4b35-bc7d-36d0c5a209c9","local_time":"20201215125258","is_ascension_mode":true,"campfire_choices":[{"data":"Quick Slash","floor":6.0,"key":"SMITH"},{"floor":8.0,"key":"REST"},{"floor":10.0,"key":"DIG"},{"floor":15.0,"key":"REST"}],"circlet_count":0,"master_deck":["AscendersBane","Strike_G","Strike_G","Strike_G","Strike_G","Strike_G","Defend_G","Defend_G","Defend_G","Defend_G","Defend_G","Survivor","Neutralize","Adrenaline","Quick Slash+1","Backflip","Reflex","Blur","Deadly Poison","Acrobatics"],"relics":["Ring of the Snake","Bronze Scales","Ice Cream","Shovel","Dream Catcher"],"acts_visited":["Exordium"],"potions_floor_usage":[16,16],"damage_taken":[{"damage":3.0,"enemies":"Jaw Worm","floor":1.0,"turns":6.0},{"damage":1.0,"enemies":"Cultist","floor":2.0,"turns":4.0},{"damage":9.0,"enemies":"2 Louse","floor":4.0,"turns":3.0},{"damage":31.0,"enemies":"Gremlin Nob","floor":7.0,"turns":4.0},{"damage":3.0,"enemies":"Looter","floor":11.0,"turns":3.0},{"damage":6.0,"enemies":"2 Fungi Beasts","floor":12.0,"turns":4.0},{"damage":12.0,"enemies":"3 Louse","floor":13.0,"turns":4.0},{"damage":50,"enemies":"Hexaghost","floor":16,"turns":12}],"seed_played":"6399511534171172557","potions_obtained":[{"floor":1.0,"key":"Poison Potion"},{"floor":12.0,"key":"Regen Potion"},{"floor":13.0,"key":"Weak Potion"}],"is_trial":false,"path_per_floor":["M","M","?","M","$","R","E","R","T","R","M","M","M","?","R","B"],"character_chosen":"THE_SILENT","items_purchased":["Bronze Scales"],"campfire_rested":2,"item_purchase_floors":[5],"current_hp_per_floor":[56,55,55,46,46,46,15,34,34,34,31,25,13,13,32,0,0],"gold":124,"neow_bonus":"THREE_RARE_CARDS","is_daily":false,"chose_seed":false,"campfire_upgraded":1,"win_rate":0.0,"timestamp":1608004378,"path_taken":["M","M","?","?","$","R","E","R","T","R","?","M","M","?","R","BOSS"],"items_purchased_type":["Relic"],"build_version":"2020-12-13","purchased_purges":1,"victory":false,"max_hp_per_floor":[66,66,66,66,66,66,66,66,66,66,66,66,66,66,66,66,66],"card_choices":[{"not_picked":["Unload","Envenom"],"picked":"Adrenaline","floor":0.0},{"not_picked":["Calculated Gamble","Outmaneuver"],"picked":"Quick Slash","floor":1.0},{"not_picked":["Sucker Punch","Finisher"],"picked":"Backflip","floor":2.0},{"not_picked":["Underhanded Strike","Sucker Punch"],"picked":"Reflex","floor":4.0},{"not_picked":["PiercingWail","Reflex","Skewer"],"picked":"SKIP","floor":7.0},{"not_picked":["Poisoned Stab","Dodge and Roll"],"picked":"Blur","floor":11.0},{"not_picked":["A Thousand Cuts","Dagger Throw"],"picked":"Deadly Poison","floor":12.0},{"not_picked":["Caltrops","Catalyst"],"picked":"Acrobatics","floor":13.0}],"player_experience":751357,"relics_obtained":[{"floor":7.0,"key":"Ice Cream"},{"floor":9.0,"key":"Shovel"},{"floor":10.0,"key":"Dream Catcher"}],"event_choices":[{"damage_healed":0.0,"max_hp_gain":0.0,"max_hp_loss":0.0,"gold_gain":275.0,"event_name":"Golden Shrine","player_choice":"Desecrate","floor":3.0,"gold_loss":0.0,"damage_taken":0.0,"cards_obtained":["Regret"]},{"damage_healed":0.0,"max_hp_gain":0.0,"max_hp_loss":0.0,"gold_gain":0.0,"event_name":"Dead Adventurer","player_choice":"Searched \u00270\u0027 times","floor":14.0,"gold_loss":0.0,"damage_taken":0.0}],"is_beta":false,"boss_relics":[],"items_purged_floors":[5],"is_endless":false,"potions_floor_spawned":[1,12,13],"killed_by":"Hexaghost","ascension_level":20}}