{"host":"wukocnei7dgudpva","time":1608076249,"event":{"mods":["AchievementEnabler","BaseMod","Colored Map","Minty Spire (QoL Compilation)","Permanent Neow","StSLib","SuperFastMode"],"gold_per_floor":[110,60,60,60,74,74,89,89,89,108,118,131,131,144,144,144,144],"floor_reached":16,"playtime":986,"items_purged":[],"score":94,"play_id":"d610cf56-7fae-44cf-9f4e-3d25765494a2","local_time":"20201216085049","is_ascension_mode":false,"campfire_choices":[{"data":"Vigilance","floor":6.0,"key":"SMITH"},{"floor":8.0,"key":"RECALL"},{"floor":15,"key":"REST"}],"circlet_count":0,"master_deck":["Strike_P","Strike_P","Defend_P","Defend_P","Defend_P","Eruption+1","Vigilance+1"],"relics":["Empty Cage","Golden Idol"],"acts_visited":["Exordium"],"potions_floor_usage":[10,16],"damage_taken":[{"damage":0.0,"enemies":"2 Louse","floor":1.0,"turns":3.0},{"damage":2.0,"enemies":"Small Slimes","floor":5.0,"turns":3.0},{"damage":0.0,"enemies":"Cultist","floor":7.0,"turns":2.0},{"damage":1,"enemies":"2 Fungi Beasts","floor":10,"turns":4},{"damage":0,"enemies":"Exordium Wildlife","floor":11,"turns":3},{"damage":0,"enemies":"Large Slime","floor":12,"turns":6},{"damage":0,"enemies":"2 Fungi Beasts","floor":14,"turns":4},{"damage":74,"enemies":"The Guardian","floor":16,"turns":11}],"seed_played":"-4077940503276716374","potions_obtained":[{"floor":7.0,"key":"Strength Potion"},{"floor":11,"key":"BlessingOfTheForge"},{"floor":12,"key":"EssenceOfSteel"}],"is_trial":false,"path_per_floor":["M","?","?","$","M","R","M","R","T","M","M","M","?","M","R","B"],"character_chosen":"WATCHER","items_purchased":[],"campfire_rested":1,"item_purchase_floors":[],"current_hp_per_floor":[72,72,72,72,70,70,70,70,70,69,69,69,51,51,72,0,0],"gold":144,"neow_bonus":"BOSS_RELIC","is_daily":false,"chose_seed":false,"campfire_upgraded":1,"win_rate":0.0,"timestamp":1608076249,"path_taken":["M","?","?","$","M","R","M","R","T","M","M","M","?","M","R","BOSS"],"items_purchased_type":[],"build_version":"2020-12-13","purchased_purges":0,"victory":false,"max_hp_per_floor":[72,72,72,72,72,72,72,72,72,72,72,72,72,72,72,72,72],"card_choices":[{"not_picked":["JustLucky","Nirvana","EmptyBody"],"picked":"SKIP","floor":1.0},{"not_picked":["BattleHymn","LikeWater","Crescendo"],"picked":"SKIP","floor":5.0},{"not_picked":["Meditate","SandsOfTime","JustLucky"],"picked":"SKIP","floor":7.0},{"not_picked":["ReachHeaven","FlurryOfBlows","Worship"],"picked":"SKIP","floor":10},{"not_picked":["ConjureBlade","Collect","BattleHymn"],"picked":"SKIP","floor":11},{"not_picked":["Conclude","JustLucky","EmptyBody"],"picked":"SKIP","floor":12},{"not_picked":["SandsOfTime","Consecrate","ForeignInfluence"],"picked":"SKIP","floor":14}],"player_experience":242545,"relics_obtained":[],"event_choices":[{"cards_removed":["Strike_P"],"damage_healed":0.0,"max_hp_gain":0.0,"max_hp_loss":0.0,"gold_gain":0.0,"event_name":"The Cleric","player_choice":"Card Removal","floor":2.0,"gold_loss":50.0,"damage_taken":0.0},{"damage_healed":0.0,"max_hp_gain":0.0,"max_hp_loss":0.0,"gold_gain":0.0,"event_name":"Living Wall","player_choice":"Grow","floor":3.0,"gold_loss":0.0,"damage_taken":0.0,"cards_upgraded":["Eruption"]},{"damage_healed":0,"gold_gain":0,"player_choice":"Take Damage","damage_taken":18,"relics_obtained":["Golden Idol"],"max_hp_gain":0,"max_hp_loss":0,"event_name":"Golden Idol","floor":13,"gold_loss":0}],"is_beta":false,"boss_relics":[],"items_purged_floors":[],"is_endless":false,"potions_floor_spawned":[7,11,12],"killed_by":"The Guardian","ascension_level":0}}