{"host":"bsqaowxr2lcqjse6","time":1608040772,"event":{"mods":["Act Like it!","Aspiration","BaseMod","Beaked The Cultist","Better Altar","Better Match","Better Note","Better Third Choice","BetterRewards","Block Reminder","Colored Map","Colored Powertips","Conspire","DeckTracker","Downfall","Elementarium","Energized Spire","GifTheSpireLib","GungeonMod","Hubris","Hunter ??","Infinite Spire","Jorbs\u0027s Wanderer Trilogy","Minty Spire (QoL Compilation)","Rare Cards Sparkle","Relic Stats","Replay The Spire","Shade Mod","Shop Mod","Spicy Shops","StSLib","Stuff the Spire","Td1madao Mod","Transform Curses","Wandering Minibosses"],"gold_per_floor":[118,118,129,129,139,169,185,185,211,238,238,238,252,268,268,268,268],"floor_reached":16,"playtime":559,"items_purged":[],"score":112,"play_id":"39c7365c-28a5-4d84-b3d2-209518a71f62","local_time":"20201216005932","is_ascension_mode":false,"campfire_choices":[{"floor":12,"key":"REST"},{"floor":15,"key":"REST"}],"circlet_count":0,"master_deck":["Strike_R","Strike_R","Strike_R","Strike_R","Strike_R","Defend_R","Defend_R","Defend_R","Bash","Twin Strike","Cleave+1","Evolve","Battle Trance","Headbutt","Inflame","Inflame"],"relics":["Burning Blood","DemoMod:Metronome","aspiration:EmptySkull","Oddly Smooth Stone"],"acts_visited":["Exordium"],"potions_floor_usage":[7,10],"damage_taken":[{"damage":5,"enemies":"Small Slimes","floor":1,"turns":4},{"damage":8,"enemies":"Jaw Worm","floor":3,"turns":3},{"damage":22,"enemies":"Cultist","floor":5,"turns":5},{"damage":36,"enemies":"3 Sentries","floor":6,"turns":6},{"damage":5,"enemies":"Blue Slaver","floor":7,"turns":3},{"damage":35,"enemies":"Lagavulin","floor":10,"turns":7},{"damage":6,"enemies":"3 Louse","floor":13,"turns":3},{"damage":14,"enemies":"Large Slime","floor":14,"turns":4},{"damage":55,"enemies":"Hexaghost","floor":16,"turns":7}],"seed_played":"1559355406340058514","potions_obtained":[{"floor":5,"key":"AttackPotion"},{"floor":7,"key":"AttackPotion"}],"is_trial":false,"path_per_floor":["M","?","M","?","M","E","M","?","T","E","?","R","M","M","R","B"],"character_chosen":"IRONCLAD","items_purchased":[],"campfire_rested":2,"item_purchase_floors":[],"current_hp_per_floor":[80,80,78,62,46,16,17,43,43,14,14,38,38,30,54,0,0],"gold":268,"neow_bonus":"RANDOM_COMMON_RELIC","is_daily":false,"chose_seed":false,"campfire_upgraded":0,"win_rate":0.0,"timestamp":1608040772,"path_taken":["M","?","M","?","M","E","M","?","T","E","?","R","M","M","R","BOSS"],"items_purchased_type":[],"build_version":"2020-12-13","purchased_purges":0,"victory":false,"max_hp_per_floor":[80,80,80,80,80,80,80,80,80,80,80,80,80,80,80,80,80],"relic_stats":{"counters":[9,42],"obtain_stats":[{"aspiration:EmptySkull":6,"DemoMod:Metronome":0,"Oddly Smooth Stone":9,"DemoMod:GlassGuonStoneRelic":3,"Burning Blood":0},{"aspiration:EmptySkull":4,"DemoMod:Metronome":0,"Oddly Smooth Stone":5,"DemoMod:GlassGuonStoneRelic":2,"Burning Blood":0},{"aspiration:EmptySkull":18,"DemoMod:Metronome":0,"Oddly Smooth Stone":21,"DemoMod:GlassGuonStoneRelic":7,"Burning Blood":0}],"Burning Blood":47},"card_choices":[{"not_picked":["Body Slam","StuffTheSpire:Incineration"],"picked":"Twin Strike","floor":1},{"not_picked":["hubris:StunningStrike","Metallicize"],"picked":"Cleave","floor":3},{"not_picked":["Replay:Undeath\u0027s Touch","ReplayTheSpireMod:Strike From Hell"],"picked":"Evolve","floor":5},{"not_picked":["Intimidate","hubris:StunningStrike"],"picked":"Battle Trance","floor":6},{"not_picked":["Disarm","Carnage"],"picked":"Headbutt","floor":7},{"not_picked":["StuffTheSpire:Pyroclast","Twin Strike"],"picked":"Inflame","floor":10},{"not_picked":["Thunderclap","Cleave","StuffTheSpire:Incineration"],"picked":"SKIP","floor":13},{"not_picked":["Replay:Undeath\u0027s Touch","Ghostly Armor"],"picked":"Inflame","floor":14}],"player_experience":588842,"relics_obtained":[{"floor":6,"key":"aspiration:EmptySkull"},{"floor":9,"key":"Oddly Smooth Stone"}],"event_choices":[{"damage_healed":0,"gold_gain":0,"player_choice":"Disagree","damage_taken":0,"max_hp_gain":0,"max_hp_loss":0,"event_name":"conspire:LoneGhost","floor":2,"gold_loss":0},{"damage_healed":78,"gold_gain":0,"player_choice":"Upgrade","damage_taken":16,"max_hp_gain":0,"max_hp_loss":80,"event_name":"betterThird:BetterShining","floor":4,"gold_loss":0,"cards_upgraded":["Cleave","Defend_R"]},{"damage_healed":26,"gold_gain":0,"player_choice":"Banana","damage_taken":0,"max_hp_gain":0,"max_hp_loss":0,"event_name":"Big Fish","floor":8,"gold_loss":0},{"cards_removed":["Defend_R"],"damage_healed":0,"gold_gain":0,"player_choice":"Offered Basic","damage_taken":0,"max_hp_gain":0,"max_hp_loss":0,"event_name":"Bonfire Elementals","floor":11,"gold_loss":0}],"is_beta":false,"boss_relics":[],"items_purged_floors":[],"is_endless":false,"potions_floor_spawned":[5,7,10,14],"killed_by":"Hexaghost","ascension_level":0}}