{"host":"51fyd6gkml7xavq8","time":1608064135,"event":{"mods":["BaseMod","BetterRewards","Colored Map","Energized Spire","Infinite Spire","Minty Spire (QoL Compilation)","Replay The Spire","Shop Mod","Spicy Shops","StSLib","The Blue Laboratory","[IsaacMod]????"],"gold_per_floor":[119,167,178,99,174,174,209,209,209,227,242,242,114,128,128,230,230,230,185,185,135,135,135,135,135,135,135,135,135,135,289,289,289],"floor_reached":32,"playtime":1162,"items_purged":["Bash","Strike_R","Delirium","Shame","Spreading Infection"],"score":412,"play_id":"73ed4817-bf7f-4fe1-b4af-928929568d9b","local_time":"20201215172855","is_ascension_mode":true,"campfire_choices":[{"data":"infinitespire:OneForAll","floor":6.0,"key":"SMITH"},{"data":"Limit Break","floor":8.0,"key":"SMITH"},{"data":"ReplayTheSpireMod:Muscle Training","floor":15.0,"key":"SMITH"},{"data":"Inflame","floor":24.0,"key":"SMITH"},{"data":"ReplayTheSpireMod:Muscle Training","floor":29.0,"key":"SMITH"}],"circlet_count":0,"master_deck":["Strike_R","Strike_R","Strike_R","Strike_R","Defend_R","Defend_R","Defend_R","Defend_R","Limit Break+1","infinitespire:OneForAll+1","Inflame+1","ReplayTheSpireMod:Muscle Training+1","Inflame","Necronomicurse","ReplayTheSpireMod:Muscle Training+1"],"relics":["Burning Blood","HushsDoor","TheBean","MerchantsRug","Bronze Scales","Smiling Mask","Self Forming Clay","Boot","Ring of Hypnosis","Ring of Searing","Necronomicon","Toy Ornithopter","Eternal Feather","Bag of Preparation","ReplayTheSpireMod:CursedCoin","Membership Card"],"acts_visited":["Exordium","TheCity"],"potions_floor_usage":[],"damage_taken":[{"damage":0.0,"enemies":"2 Louse","floor":1.0,"turns":2.0},{"damage":0.0,"enemies":"Small Slimes","floor":3.0,"turns":1.0},{"damage":16.0,"enemies":"Gremlin Nob","floor":7.0,"turns":3.0},{"damage":2.0,"enemies":"Jaw Worm","floor":10.0,"turns":4.0},{"damage":9.0,"enemies":"Red Slaver","floor":11.0,"turns":3.0},{"damage":0.0,"enemies":"3 Louse","floor":14.0,"turns":2.0},{"damage":3.0,"enemies":"Fading Forest","floor":16.0,"turns":9.0},{"damage":25.0,"enemies":"Spheric Guardian","floor":18.0,"turns":4.0},{"damage":18.0,"enemies":"2 Thieves","floor":19.0,"turns":3.0},{"damage":10.0,"enemies":"Replay:Snechameleon","floor":23.0,"turns":4.0},{"damage":10.0,"enemies":"Snake Plant","floor":25.0,"turns":3.0},{"damage":7.0,"enemies":"Snecko","floor":30.0,"turns":3.0},{"damage":14,"enemies":"Gremlin Leader","floor":32,"turns":3}],"seed_played":"-7104593704568533524","potions_obtained":[{"floor":2.0,"key":"SteroidPotion"},{"floor":2.0,"key":"FearPotion"},{"floor":3.0,"key":"Adrenaline Potion"},{"floor":11.0,"key":"Strength Potion"},{"floor":14.0,"key":"Explosive Potion"},{"floor":16.0,"key":"blueLaboratory:PhilterOfMotion"},{"floor":25.0,"key":"Dexterity Potion"},{"floor":30.0,"key":"blueLaboratory:PyrophylliteBrew"}],"is_trial":false,"path_per_floor":["M","?","M","$","?","R","E","R","T","M","M","?","$","M","R","B",null,"M","M","?","$","?","E","R","M","T","PTL","PTL","R","M","$","E"],"character_chosen":"IRONCLAD","items_purchased":["MerchantsRug","Bronze Scales","Inflame","Inflame","ReplayTheSpireMod:CursedCoin","Membership Card"],"campfire_rested":0,"item_purchase_floors":[0,0,4,13,31,31],"current_hp_per_floor":[53,33,39,39,28,28,18,18,18,22,19,19,19,25,25,36,80,61,49,56,56,40,36,36,32,32,32,32,41,40,40,0,0],"gold":289,"neow_bonus":"","is_daily":false,"chose_seed":false,"campfire_upgraded":5,"win_rate":0.0,"timestamp":1608064135,"path_taken":["M","?","?","$","?","R","E","R","T","M","M","?","$","?","R","BOSS","M","M","?","$","?","E","R","?","T","PTL","PTL","R","M","$","E"],"items_purchased_type":["Relic","Relic","Card","Card","Relic","Relic"],"build_version":"2020-12-13","purchased_purges":5,"victory":false,"max_hp_per_floor":[80,80,80,80,80,80,80,80,80,80,80,80,80,80,80,80,80,80,80,87,87,87,87,87,87,87,87,87,87,87,87,87,87],"card_choices":[{"not_picked":[],"picked":"Bomb","floor":0.0},{"not_picked":["Perfected Strike","Shrug It Off"],"picked":"Bomb","floor":1.0},{"not_picked":["Sword Boomerang","Run Through"],"picked":"Limit Break","floor":2.0},{"not_picked":["Abandon","True Grit"],"picked":"infinitespire:OneForAll","floor":3.0},{"not_picked":["ReplayTheSpireMod:Stacked","Battle Trance","Twin Strike"],"picked":"SKIP","floor":7.0},{"not_picked":["Warcry","Battle Trance","Shockwave"],"picked":"SKIP","floor":10.0},{"not_picked":["Body Slam","Clothesline"],"picked":"ReplayTheSpireMod:Muscle Training","floor":11.0},{"not_picked":["Thunderclap","Clash","Havoc"],"picked":"SKIP","floor":14.0},{"not_picked":["Anger+1","ReplayTheSpireMod:Strike From Hell+1","True Grit"],"picked":"SKIP","floor":18.0},{"not_picked":["Carnage","Warcry+1","Uppercut"],"picked":"SKIP","floor":19.0},{"not_picked":["Burning Pact+1","Perfected Strike","Sword Boomerang"],"picked":"SKIP","floor":23.0},{"not_picked":["Carnage","Havoc"],"picked":"ReplayTheSpireMod:Muscle Training","floor":25.0},{"not_picked":["Sever Soul","Headbutt","Evolve"],"picked":"SKIP","floor":30.0}],"player_experience":399652,"relics_obtained":[{"floor":2.0,"key":"Smiling Mask"},{"floor":7.0,"key":"Self Forming Clay"},{"floor":9.0,"key":"Boot"},{"floor":12.0,"key":"Ring of Hypnosis"},{"floor":12.0,"key":"Ring of Searing"},{"floor":22.0,"key":"Necronomicon"},{"floor":23.0,"key":"Damocles"},{"floor":25.0,"key":"Toy Ornithopter"},{"floor":26.0,"key":"Eternal Feather"},{"floor":30.0,"key":"Bag of Preparation"}],"event_choices":[{"damage_healed":0.0,"max_hp_gain":0.0,"max_hp_loss":0.0,"gold_gain":75.0,"event_name":"World of Goop","player_choice":"Gather Gold","floor":5.0,"gold_loss":0.0,"damage_taken":11.0},{"damage_healed":0.0,"max_hp_gain":0.0,"max_hp_loss":0.0,"gold_gain":0.0,"event_name":"Addict","player_choice":"Stole Relic","floor":20.0,"gold_loss":0.0,"damage_taken":0.0,"relics_obtained":["Strawberry"],"cards_obtained":["Shame"]},{"damage_healed":0.0,"max_hp_gain":0.0,"max_hp_loss":0.0,"gold_gain":0.0,"event_name":"Cursed Tome","player_choice":"Obtained Book","floor":22.0,"gold_loss":0.0,"damage_taken":16.0}],"is_beta":false,"boss_relics":[{"not_picked":["Black Star","Tiny House"],"picked":"Ectoplasm"},{"not_picked":[]}],"items_purged_floors":[0,4,13,21,31],"is_endless":false,"potions_floor_spawned":[3,11,14,16,25,30],"killed_by":"Gremlin Leader","ascension_level":3}}