{"host":"cr9rpoy6dx9riis3","time":1608076294,"event":{"mods":["AchievementEnabler","BaseMod","Better Altar","Better Note","Better Sensory Stone","Better Skull","Better Third Choice","Better-Laid Plans","BetterRewards","Block Reminder","Curses Come First","Displayed Cursed Tome","Emptier Cage","Marked Mod","Minty Spire (QoL Compilation)","Permanent Neow","Relic Sorter","StSLib","The Blue Laboratory","Transform Curses"],"gold_per_floor":[109,128,140,154,229,229,262,262,262,274,274,274,290,309,309,414,414,425,438,438,450,467,467,494,494,494,520,520,295,306,335,335,430,430,449,468,484,532,25,25,25,25,52,52,67,67,67],"floor_reached":46,"playtime":1621,"items_purged":["Bash","Strike_R"],"score":752,"play_id":"e23c31b9-ba1e-453c-bf8d-8d8760b5c7b1","local_time":"20201216005134","is_ascension_mode":true,"campfire_choices":[{"data":"Spot Weakness","floor":6.0,"key":"SMITH"},{"data":"Uppercut","floor":8.0,"key":"SMITH"},{"data":"Reaper","floor":12.0,"key":"SMITH"},{"data":"Ghostly Armor","floor":15.0,"key":"SMITH"},{"data":"Limit Break","floor":23.0,"key":"SMITH"},{"data":"Metallicize","floor":25.0,"key":"SMITH"},{"data":"Spot Weakness","floor":28.0,"key":"SMITH"},{"floor":32.0,"key":"REST"},{"data":"Feed","floor":40.0,"key":"SMITH"},{"data":"Reaper","floor":42.0,"key":"SMITH"},{"data":"Reaper","floor":44.0,"key":"SMITH"}],"circlet_count":0,"master_deck":["Strike_R","Strike_R","Strike_R","Strike_R","Defend_R","Defend_R","Defend_R","Defend_R","Bludgeon","Uppercut+1","Spot Weakness+1","Ghostly Armor+1","Reaper+1","Bludgeon","Carnage","Limit Break+1","Metallicize+1","Reaper+1","Flame Barrier+1","Spot Weakness+1","Flame Barrier","Feed+1","Impervious","Reaper+1"],"relics":["Burning Blood","Coffee Dripper","Sozu","Regal Pillow","Bottled Tornado","Akabeko","Self Forming Clay","Torii","Incense Burner"],"acts_visited":["Exordium","TheCity","TheBeyond"],"potions_floor_usage":[],"damage_taken":[{"damage":2.0,"enemies":"2 Louse","floor":1.0,"turns":3.0},{"damage":0.0,"enemies":"Small Slimes","floor":2.0,"turns":3.0},{"damage":1.0,"enemies":"Cultist","floor":3.0,"turns":3.0},{"damage":2.0,"enemies":"Large Slime","floor":4.0,"turns":5.0},{"damage":33.0,"enemies":"Gremlin Nob","floor":7.0,"turns":4.0},{"damage":0.0,"enemies":"Looter","floor":10.0,"turns":2.0},{"damage":6.0,"enemies":"2 Fungi Beasts","floor":13.0,"turns":3.0},{"damage":14.0,"enemies":"Red Slaver","floor":14.0,"turns":2.0},{"damage":70.0,"enemies":"Hexaghost","floor":16.0,"turns":11.0},{"damage":18.0,"enemies":"Shell Parasite","floor":18.0,"turns":4.0},{"damage":22.0,"enemies":"2 Thieves","floor":19.0,"turns":4.0},{"damage":31.0,"enemies":"Snake Plant","floor":21.0,"turns":5.0},{"damage":17.0,"enemies":"Cultist and Chosen","floor":22.0,"turns":6.0},{"damage":63.0,"enemies":"Gremlin Leader","floor":24.0,"turns":9.0},{"damage":45.0,"enemies":"Slavers","floor":27.0,"turns":6.0},{"damage":21.0,"enemies":"3 Cultists","floor":30.0,"turns":5.0},{"damage":59.0,"enemies":"Book of Stabbing","floor":31.0,"turns":7.0},{"damage":22.0,"enemies":"Champ","floor":33.0,"turns":12.0},{"damage":29.0,"enemies":"3 Darklings","floor":35.0,"turns":3.0},{"damage":30.0,"enemies":"Orb Walker","floor":36.0,"turns":6.0},{"damage":10.0,"enemies":"Sphere and 2 Shapes","floor":37.0,"turns":5.0},{"damage":33.0,"enemies":"2 Orb Walkers","floor":38.0,"turns":6.0},{"damage":27.0,"enemies":"4 Shapes","floor":45.0,"turns":6.0},{"damage":138,"enemies":"Giant Head","floor":46,"turns":9}],"seed_played":"-5907258640330566060","potions_obtained":[{"floor":1.0,"key":"blueLaboratory:BubblePotion"},{"floor":4.0,"key":"blueLaboratory:PhilterOfMotion"},{"floor":13.0,"key":"blueLaboratory:NullPotion"},{"floor":16.0,"key":"blueLaboratory:BottleOfVodka"}],"is_trial":false,"path_per_floor":["M","M","M","M","?","R","E","R","T","M","?","R","M","M","R","B",null,"M","M","?","M","M","R","E","R","T","E","R","$","M","E","R","B",null,"M","M","M","?","$","R","?","R","T","R","M","E"],"character_chosen":"IRONCLAD","items_purchased":["Bludgeon","Regal Pillow","Reaper","Self Forming Clay"],"campfire_rested":1,"item_purchase_floors":[0,29,39,39],"current_hp_per_floor":[80,80,80,80,69,69,42,42,42,48,48,48,80,72,72,17,80,68,61,61,49,72,72,35,35,45,42,42,42,79,43,85,85,90,90,79,95,84,84,84,84,84,84,84,98,0,0],"gold":67,"neow_bonus":"","is_daily":false,"chose_seed":false,"campfire_upgraded":10,"win_rate":0.0,"timestamp":1608076294,"path_taken":["M","M","M","M","?","R","E","R","T","M","?","R","?","M","R","BOSS","M","M","?","M","M","R","E","R","T","E","R","$","M","E","R","BOSS","M","M","M","?","$","R","?","R","T","R","M","E"],"items_purchased_type":["Card","Relic","Card","Relic"],"build_version":"2020-12-13","purchased_purges":2,"victory":false,"max_hp_per_floor":[80,80,80,80,80,80,80,80,80,80,80,80,80,80,80,80,80,80,80,80,80,80,80,80,80,90,90,90,90,90,90,90,90,90,90,93,96,99,99,99,94,94,94,94,98,98,98],"card_choices":[{"not_picked":["Perfected Strike","Warcry"],"picked":"Power Through","floor":1.0},{"not_picked":["Battle Trance","Twin Strike","Sword Boomerang"],"picked":"SKIP","floor":2.0},{"not_picked":["Armaments","Thunderclap"],"picked":"Uppercut","floor":3.0},{"not_picked":["Infernal Blade","Armaments"],"picked":"Spot Weakness","floor":4.0},{"not_picked":["Second Wind","Iron Wave"],"picked":"Ghostly Armor","floor":7.0},{"not_picked":["Shrug It Off","Cleave"],"picked":"Reaper","floor":10.0},{"not_picked":["Cleave","Wild Strike"],"picked":"Carnage","floor":13.0},{"not_picked":["Heavy Blade","Iron Wave","Twin Strike"],"picked":"SKIP","floor":14.0},{"not_picked":["Corruption","Offering"],"picked":"Limit Break","floor":16.0},{"not_picked":["Clash","Dropkick"],"picked":"Metallicize","floor":18.0},{"not_picked":["Body Slam","Headbutt","Armaments+1"],"picked":"SKIP","floor":19.0},{"not_picked":["Burning Pact","Combust","Warcry"],"picked":"SKIP","floor":21.0},{"not_picked":["Whirlwind+1","Armaments","Clothesline+1"],"picked":"SKIP","floor":22.0},{"not_picked":["Bloodletting","Body Slam"],"picked":"Flame Barrier+1","floor":24.0},{"not_picked":["Flex","Twin Strike"],"picked":"Spot Weakness","floor":27.0},{"not_picked":["Anger+1","Flex"],"picked":"Flame Barrier","floor":30.0},{"not_picked":["True Grit","Warcry","Sword Boomerang+1"],"picked":"SKIP","floor":31.0},{"not_picked":["Immolate","Offering"],"picked":"Feed","floor":33.0},{"not_picked":["Perfected Strike","Intimidate+1","Iron Wave+1"],"picked":"SKIP","floor":35.0},{"not_picked":["Armaments+1","Iron Wave"],"picked":"Impervious","floor":36.0},{"not_picked":["Havoc+1","Clothesline","Combust+1"],"picked":"SKIP","floor":37.0},{"not_picked":["Twin Strike+1","Iron Wave","Thunderclap+1"],"picked":"SKIP","floor":45.0}],"player_experience":709161,"relics_obtained":[{"floor":7.0,"key":"Akabeko"},{"floor":24.0,"key":"Bottled Tornado"},{"floor":26.0,"key":"Pear"},{"floor":27.0,"key":"Incense Burner"},{"floor":31.0,"key":"Torii"}],"event_choices":[{"damage_healed":0.0,"max_hp_gain":0.0,"max_hp_loss":0.0,"gold_gain":75.0,"event_name":"betterThird:BetterGoop","player_choice":"Gold","floor":5.0,"gold_loss":0.0,"damage_taken":11.0},{"cards_removed":["Spot Weakness"],"damage_healed":0.0,"max_hp_gain":0.0,"max_hp_loss":0.0,"gold_gain":0.0,"event_name":"betterNote:BetterNote","player_choice":"Take \u0026 Give","floor":11.0,"gold_loss":0.0,"damage_taken":0.0,"cards_obtained":["Bludgeon"]},{"damage_healed":0.0,"max_hp_gain":0.0,"max_hp_loss":0.0,"gold_gain":0.0,"event_name":"The Library","player_choice":"Read","floor":20.0,"gold_loss":0.0,"damage_taken":0.0,"cards_obtained":["Reaper"]},{"damage_healed":0.0,"max_hp_gain":0.0,"max_hp_loss":0.0,"gold_gain":0.0,"event_name":"Mysterious Sphere","player_choice":"Fight","floor":38.0,"gold_loss":0.0,"damage_taken":0.0},{"damage_healed":0.0,"max_hp_gain":0.0,"max_hp_loss":5.0,"gold_gain":0.0,"event_name":"Winding Halls","player_choice":"Max HP","floor":41.0,"gold_loss":0.0,"damage_taken":0.0}],"is_beta":false,"boss_relics":[{"not_picked":["Runic Dome","Tiny House"],"picked":"Sozu"},{"not_picked":["SacredBark","Snecko Eye"],"picked":"Coffee Dripper"}],"items_purged_floors":[29,39],"is_endless":false,"potions_floor_spawned":[1,4,13,16,18,21,24,27,31,35,37,45],"killed_by":"Giant Head","ascension_level":3}}