{"host":"3jpwrwmmgyabjceh","time":1608048321,"event":{"mods":["BaseMod","Minty Spire (QoL Compilation)","StSLib"],"gold_per_floor":[115,133,153,167,187,187,201,201,228,245,258,268,268,299,299,400,400,416,416,196,216,228,228,228,327,327,338,352,352,352,352],"floor_reached":30,"playtime":1411,"items_purged":["Strike_B"],"score":262,"play_id":"6165331c-61e2-489c-92e0-7a6c6f0283bf","local_time":"20201215190521","is_ascension_mode":true,"campfire_choices":[{"data":"Hologram","floor":6,"key":"SMITH"},{"data":"Conserve Battery","floor":8,"key":"SMITH"},{"data":"Scrape","floor":15,"key":"SMITH"},{"data":"Redo","floor":23,"key":"SMITH"},{"floor":29,"key":"REST"}],"circlet_count":0,"master_deck":["Strike_B","Defend_B","Defend_B","Defend_B","Defend_B","Zap+1","Dualcast","Streamline","Conserve Battery+1","Ball Lightning","Hologram+1","Ball Lightning","Coolheaded","Streamline","Scrape+1","Conserve Battery","Seek","Steam+1","Go for the Eyes","Hologram","Steam","Redo+1","Beam Cell","Glacier"],"relics":["Cracked Core","Smiling Mask","Empty Cage","Bag of Marbles","Sundial"],"acts_visited":["Exordium","TheCity"],"potions_floor_usage":[12,16,16,16,18,22],"damage_taken":[{"damage":0,"enemies":"Jaw Worm","floor":1,"turns":3},{"damage":6,"enemies":"2 Louse","floor":2,"turns":2},{"damage":0,"enemies":"Small Slimes","floor":3,"turns":2},{"damage":4,"enemies":"Looter","floor":4,"turns":2},{"damage":0,"enemies":"2 Fungi Beasts","floor":5,"turns":3},{"damage":4,"enemies":"Exordium Wildlife","floor":7,"turns":2},{"damage":0,"enemies":"Red Slaver","floor":10,"turns":3},{"damage":0,"enemies":"Large Slime","floor":11,"turns":5},{"damage":0,"enemies":"Gremlin Gang","floor":12,"turns":4},{"damage":16,"enemies":"3 Sentries","floor":14,"turns":6},{"damage":25,"enemies":"Slime Boss","floor":16,"turns":10},{"damage":25,"enemies":"2 Thieves","floor":18,"turns":5},{"damage":17,"enemies":"3 Byrds","floor":21,"turns":5},{"damage":6,"enemies":"Snake Plant","floor":22,"turns":5},{"damage":8,"enemies":"Sentry and Sphere","floor":27,"turns":6},{"damage":7,"enemies":"Centurion and Healer","floor":28,"turns":5},{"damage":40,"enemies":"Gremlin Leader","floor":30,"turns":8}],"seed_played":"-4043417276735697788","potions_obtained":[{"floor":2,"key":"ColorlessPotion"},{"floor":4,"key":"SpeedPotion"},{"floor":5,"key":"PowerPotion"},{"floor":10,"key":"FocusPotion"},{"floor":14,"key":"BlessingOfTheForge"},{"floor":16,"key":"AttackPotion"},{"floor":21,"key":"ColorlessPotion"}],"is_trial":false,"path_per_floor":["M","M","M","M","M","R","M","R","T","M","M","M","?","E","R","B",null,"M","?","$","M","M","R","?","?","T","M","M","R","E"],"character_chosen":"DEFECT","items_purchased":["Hologram","Bag of Marbles"],"campfire_rested":1,"item_purchase_floors":[20,20],"current_hp_per_floor":[75,69,69,65,65,65,61,61,61,61,61,61,61,45,45,20,75,50,50,50,33,27,27,27,27,27,19,12,34,0,0],"gold":352,"neow_bonus":"UPGRADE_CARD","is_daily":false,"chose_seed":false,"campfire_upgraded":4,"win_rate":0.0,"timestamp":1608048321,"path_taken":["M","M","M","M","M","R","M","R","T","M","M","M","?","E","R","BOSS","M","?","$","M","M","R","?","?","T","M","M","R","E"],"items_purchased_type":["Card","Relic"],"build_version":"2020-12-13","purchased_purges":1,"victory":false,"max_hp_per_floor":[75,75,75,75,75,75,75,75,75,75,75,75,75,75,75,75,75,75,75,75,75,75,75,75,75,75,75,75,75,75,75],"card_choices":[{"not_picked":["FTL","Turbo"],"picked":"Streamline","floor":1},{"not_picked":["Heatsinks","Stack"],"picked":"Conserve Battery","floor":2},{"not_picked":["Capacitor","Go for the Eyes"],"picked":"Ball Lightning","floor":3},{"not_picked":["Conserve Battery","Rebound"],"picked":"Hologram","floor":4},{"not_picked":["Streamline","Rebound"],"picked":"Ball Lightning","floor":5},{"not_picked":["Biased Cognition","Compile Driver","Turbo"],"picked":"SKIP","floor":7},{"not_picked":["Compile Driver","Core Surge"],"picked":"Coolheaded","floor":10},{"not_picked":["Go for the Eyes","Turbo"],"picked":"Streamline","floor":11},{"not_picked":["Reinforced Body","Rebound"],"picked":"Scrape","floor":12},{"not_picked":["Reprogram","Hologram"],"picked":"Conserve Battery","floor":14},{"not_picked":["Thunder Strike","Fission"],"picked":"Seek","floor":16},{"not_picked":["Conserve Battery","Lockon+1"],"picked":"Steam+1","floor":18},{"not_picked":["Stack+1","Beam Cell"],"picked":"Steam","floor":21},{"not_picked":["Compile Driver","Genetic Algorithm"],"picked":"Redo","floor":22},{"not_picked":["Glacier","Sweeping Beam+1"],"picked":"Beam Cell","floor":27},{"not_picked":["Capacitor","Skim"],"picked":"Glacier","floor":28}],"player_experience":196086,"relics_obtained":[{"floor":14,"key":"Smiling Mask"},{"floor":26,"key":"Sundial"}],"event_choices":[{"damage_healed":0,"gold_gain":0,"player_choice":"Ignored","damage_taken":0,"max_hp_gain":0,"max_hp_loss":0,"event_name":"Shining Light","floor":13,"gold_loss":0},{"damage_healed":0,"gold_gain":0,"player_choice":"Read","damage_taken":0,"max_hp_gain":0,"max_hp_loss":0,"event_name":"The Library","floor":19,"gold_loss":0,"cards_obtained":["Go for the Eyes"]},{"damage_healed":0,"gold_gain":0,"player_choice":"Ignored","damage_taken":0,"max_hp_gain":0,"max_hp_loss":0,"event_name":"Vampires","floor":24,"gold_loss":0},{"damage_healed":0,"gold_gain":99,"player_choice":"Stole From Cult","damage_taken":0,"max_hp_gain":0,"max_hp_loss":0,"event_name":"Nest","floor":25,"gold_loss":0}],"is_beta":false,"boss_relics":[{"not_picked":["Tiny House","Velvet Choker"],"picked":"Empty Cage"}],"items_purged_floors":[20],"is_endless":false,"potions_floor_spawned":[2,4,5,10,14,16,21],"killed_by":"Gremlin Leader","ascension_level":2}}