{"host":"qyjrmrr57odine7m","time":1608048068,"event":{"mods":["AchievementEnabler","BaseMod","Bestiary","Block Reminder","Card Forge","Highlight Path","Minty Spire (QoL Compilation)","Permanent Neow","StSLib"],"gold_per_floor":[111,122,122,142,159,184,250,281,281,281,297,347,572,590,590,692,692,710,859,909,928,531,545,579,598,621,646,646,656,153,163,163,258,258,272,322,335,353,403,403,436,436,436,463,513,576,592,622,622,622],"floor_reached":51,"playtime":7577,"items_purged":[],"score":1116,"play_id":"24fa9e39-d3c1-4cb5-bb54-faf293c20215","local_time":"20201215160108","is_ascension_mode":false,"campfire_choices":[{"floor":10,"key":"REST"},{"floor":15,"key":"RECALL"},{"floor":28,"key":"REST"},{"floor":32,"key":"REST"},{"floor":40,"key":"REST"},{"floor":42,"key":"REST"},{"floor":49,"key":"REST"}],"circlet_count":0,"master_deck":["Reprogram+1","Fusion+1","Reprogram+1","Gash+1","Machine Learning+1","Reinforced Body+1","Gash+1","Leap+1","Steam+1","Leap+1","Core Surge+1","Sweeping Beam+1","Streamline+1","Leap+1"],"relics":["Hammer of Thor","Seething Fire","Anvil of the Gods","Philosopher\u0027s Stone","SsserpentHead","Art of War","White Beast Statue","StrikeDummy","Black Star","Calipers","Ornamental Fan","The Courier","Smiling Mask","Ancient Tea Set","Symbiotic Virus","Membership Card","Bag of Preparation","MealTicket","Gremlin Horn","Bag of Marbles","Question Card","Fusion Hammer","Anchor","Whetstone","Omamori","Darkstone Periapt","Boot","Orichalcum","Strawberry","Dream Catcher"],"acts_visited":["Exordium","TheCity","TheBeyond"],"potions_floor_usage":[7,8,16,27,50,50],"damage_taken":[{"damage":0,"enemies":"Cultist","floor":1,"turns":3},{"damage":0,"enemies":"Small Slimes","floor":2,"turns":3},{"damage":0,"enemies":"2 Louse","floor":4,"turns":2},{"damage":0,"enemies":"Blue Slaver","floor":5,"turns":2},{"damage":5,"enemies":"Lagavulin","floor":6,"turns":7},{"damage":0,"enemies":"Lots of Slimes","floor":7,"turns":4},{"damage":8,"enemies":"Gremlin Nob","floor":8,"turns":4},{"damage":0,"enemies":"3 Louse","floor":11,"turns":2},{"damage":0,"enemies":"2 Fungi Beasts","floor":14,"turns":4},{"damage":0,"enemies":"The Guardian","floor":16,"turns":11},{"damage":0,"enemies":"Chosen","floor":18,"turns":3},{"damage":0,"enemies":"3 Byrds","floor":21,"turns":6},{"damage":26,"enemies":"Snake Plant","floor":23,"turns":4},{"damage":42,"enemies":"Slavers","floor":24,"turns":9},{"damage":18,"enemies":"Shelled Parasite and Fungi","floor":25,"turns":7},{"damage":0,"enemies":"Gremlin Leader","floor":27,"turns":10},{"damage":0,"enemies":"Centurion and Healer","floor":29,"turns":7},{"damage":0,"enemies":"Sentry and Sphere","floor":31,"turns":4},{"damage":0,"enemies":"Collector","floor":33,"turns":8},{"damage":4,"enemies":"3 Darklings","floor":35,"turns":4},{"damage":2,"enemies":"Orb Walker","floor":37,"turns":3},{"damage":0,"enemies":"3 Darklings","floor":38,"turns":5},{"damage":0,"enemies":"Reptomancer","floor":41,"turns":7},{"damage":0,"enemies":"Nemesis","floor":44,"turns":9},{"damage":0,"enemies":"Spire Growth","floor":46,"turns":5},{"damage":0,"enemies":"Sphere and 2 Shapes","floor":47,"turns":4},{"damage":0,"enemies":"Giant Head","floor":48,"turns":7},{"damage":0,"enemies":"Awakened One","floor":50,"turns":14}],"seed_played":"-2412047288781881904","potions_obtained":[{"floor":4,"key":"FearPotion"},{"floor":5,"key":"Regen Potion"},{"floor":6,"key":"Explosive Potion"},{"floor":7,"key":"FairyPotion"},{"floor":11,"key":"SkillPotion"},{"floor":14,"key":"Dexterity Potion"},{"floor":16,"key":"SkillPotion"},{"floor":18,"key":"PowerPotion"},{"floor":25,"key":"Ancient Potion"},{"floor":29,"key":"LiquidMemories"},{"floor":38,"key":"Dexterity Potion"},{"floor":41,"key":"Dexterity Potion"}],"is_trial":false,"path_per_floor":["M","M","?","M","M","E","M","E","T","R","M","$","?","M","R","B",null,"M","?","?","M","$","M","E","M","T","E","R","M","$","M","R","B",null,"M","?","M","M","?","R","E","R","T","E","T","M","M","E","R","B",null],"character_chosen":"DEFECT","items_purchased":["Calipers","Panacea","Membership Card","Bag of Preparation","MealTicket","Gremlin Horn","Bag of Marbles","Question Card"],"campfire_rested":6,"item_purchase_floors":[22,22,30,30,30,30,30,30],"current_hp_per_floor":[75,75,75,75,75,70,70,62,62,75,75,75,75,75,75,75,75,75,75,75,75,75,49,7,15,15,15,37,37,37,37,59,59,75,71,71,69,69,75,75,75,75,75,75,75,75,75,82,82,82],"gold":622,"neow_bonus":"BOSS_RELIC","is_daily":false,"chose_seed":false,"campfire_upgraded":0,"win_rate":0.0,"timestamp":1608048068,"path_taken":["M","M","?","M","M","E","?","E","T","R","M","?","?","M","R","BOSS","M","?","?","M","$","M","E","M","T","E","R","M","$","M","R","BOSS","M","?","M","M","?","R","E","R","T","E","?","?","M","E","R","BOSS"],"items_purchased_type":["Relic","Card","Relic","Relic","Relic","Relic","Relic","Relic"],"build_version":"2020-12-13","purchased_purges":0,"victory":true,"max_hp_per_floor":[75,75,75,75,75,75,75,75,75,75,75,75,75,75,75,75,75,75,75,75,75,75,75,75,75,75,75,75,75,75,75,75,75,75,75,75,75,75,75,75,75,75,75,75,75,75,75,82,82,82],"card_choices":[{"not_picked":["Loop","Sweeping Beam"],"picked":"Rebound","floor":1},{"not_picked":["Compile Driver","Consume","Ball Lightning"],"picked":"SKIP","floor":2},{"not_picked":["Ball Lightning","Conserve Battery","Barrage"],"picked":"SKIP","floor":4},{"not_picked":["Cold Snap","Capacitor","Hologram"],"picked":"SKIP","floor":5},{"not_picked":["Genetic Algorithm","Rebound","Doom and Gloom"],"picked":"SKIP","floor":6},{"not_picked":["Auto Shields","Steam","Genetic Algorithm"],"picked":"SKIP","floor":7},{"not_picked":["Doom and Gloom","Sweeping Beam"],"picked":"Reprogram","floor":8},{"not_picked":["Reprogram","Go for the Eyes"],"picked":"Gash","floor":11},{"not_picked":["Stack","Hologram","Double Energy"],"picked":"SKIP","floor":14},{"not_picked":["Redo","Steam"],"picked":"Reinforced Body","floor":18},{"not_picked":["Genetic Algorithm","Compile Driver","Consume"],"picked":"SKIP","floor":21},{"not_picked":["Redo","Barrage"],"picked":"Leap","floor":23},{"not_picked":["Turbo+1","Reboot"],"picked":"Sweeping Beam","floor":24},{"not_picked":["Ball Lightning","Auto Shields","Darkness+1"],"picked":"SKIP","floor":25},{"not_picked":["Skim","Turbo","Lockon"],"picked":"SKIP","floor":27},{"not_picked":["Go for the Eyes","Ball Lightning+1"],"picked":"Steam","floor":29},{"not_picked":["Redo+1","Stack","Recycle"],"picked":"Leap+1","floor":31},{"not_picked":["Electrodynamics","All For One","Amplify"],"picked":"Core Surge","floor":33},{"not_picked":["Hologram+1","Scrape+1","Stack","Rebound+1"],"picked":"SKIP","floor":35},{"not_picked":["Stack","Scrape","Go for the Eyes","Cold Snap+1"],"picked":"SKIP","floor":37},{"not_picked":["Rebound+1","Stack","Skim"],"picked":"Streamline+1","floor":38},{"not_picked":["White Noise","Compile Driver","Defragment+1"],"picked":"Leap","floor":41},{"not_picked":["Streamline+1","Turbo+1","White Noise+1","Force Field"],"picked":"SKIP","floor":44},{"not_picked":["Gash+1","Machine Learning","Leap+1","Steam"],"picked":"SKIP","floor":46},{"not_picked":["Leap+1","Gash+1","Stack+1","Undo"],"picked":"SKIP","floor":47},{"not_picked":["Go for the Eyes","Ball Lightning","Hyperbeam","Rebound+1"],"picked":"SKIP","floor":48}],"player_experience":1155638,"relics_obtained":[{"floor":6,"key":"Art of War"},{"floor":8,"key":"White Beast Statue"},{"floor":9,"key":"StrikeDummy"},{"floor":24,"key":"Ornamental Fan"},{"floor":24,"key":"The Courier"},{"floor":26,"key":"Smiling Mask"},{"floor":27,"key":"Ancient Tea Set"},{"floor":27,"key":"Symbiotic Virus"},{"floor":41,"key":"Anchor"},{"floor":41,"key":"Whetstone"},{"floor":43,"key":"Omamori"},{"floor":44,"key":"Darkstone Periapt"},{"floor":44,"key":"Boot"},{"floor":45,"key":"Orichalcum"},{"floor":48,"key":"Strawberry"},{"floor":48,"key":"Dream Catcher"}],"event_choices":[{"damage_healed":0,"gold_gain":0,"player_choice":"Trade","damage_taken":0,"relics_obtained":["SsserpentHead"],"max_hp_gain":0,"max_hp_loss":0,"event_name":"FaceTrader","floor":3,"gold_loss":0},{"damage_healed":0,"gold_gain":175,"player_choice":"AGREE","damage_taken":0,"max_hp_gain":0,"max_hp_loss":0,"event_name":"Liars Game","floor":13,"gold_loss":0,"cards_obtained":["Doubt"]},{"damage_healed":0,"gold_gain":99,"player_choice":"Stole From Cult","damage_taken":0,"max_hp_gain":0,"max_hp_loss":0,"event_name":"Nest","floor":19,"gold_loss":0},{"damage_healed":0,"gold_gain":0,"player_choice":"Read","damage_taken":0,"max_hp_gain":0,"max_hp_loss":0,"event_name":"The Library","floor":20,"gold_loss":0,"cards_obtained":["Gash"]},{"cards_removed":["Sweeping Beam"],"damage_healed":0,"gold_gain":0,"player_choice":"Removed Attack","damage_taken":0,"max_hp_gain":0,"max_hp_loss":0,"event_name":"Falling","floor":36,"gold_loss":0},{"damage_healed":19,"gold_gain":0,"player_choice":"Writhe","damage_taken":0,"max_hp_gain":0,"max_hp_loss":0,"event_name":"Winding Halls","floor":39,"gold_loss":0,"cards_obtained":["Writhe"]}],"is_beta":false,"boss_relics":[{"not_picked":["SacredBark","Pandora\u0027s Box"],"picked":"Black Star"},{"not_picked":["Sozu","Runic Pyramid"],"picked":"Fusion Hammer"}],"items_purged_floors":[],"is_endless":false,"potions_floor_spawned":[4,5,6,7,11,14,16,18,21,23,24,25,29,31,33,35,37,38,41,44,46,47,48],"ascension_level":0}}