{"host":"72lt20yb89m1ezcj","time":1608003448,"event":{"mods":["2.2 Compatiblity","AchievementEnabler","AlwaysNeverKeys","BaseMod","Better Note","BetterRewards","Block Reminder","Colored Powertips","Highlight Path","Minty Spire (QoL Compilation)","Rare Cards Sparkle","Reorder Act Four","StSLib","everything is the same but u backflip on backflip","slay the spire mod where everything is the same but ironclad has a cowboy hat"],"gold_per_floor":[119,131,141,141,151,167,167,19,45,65,83,110,110,143,143,246,246,265,282,282,282,297,322,322,337,390,405,419,419,432,443,443,541,541,551,601,601,601,601,601,616,616,616,616,644,699,335,353,353,353,353],"floor_reached":50,"playtime":3152,"items_purged":["Strike_R"],"score":531,"play_id":"b064ae0d-126f-4b80-b081-3f3f448f7163","local_time":"20201214213728","is_ascension_mode":false,"campfire_choices":[{"floor":7,"key":"RECALL"},{"floor":13,"key":"REST"},{"data":"Infernal Blade","floor":15,"key":"SMITH"},{"floor":24,"key":"REST"},{"floor":29,"key":"REST"},{"data":"Limit Break","floor":32,"key":"SMITH"},{"floor":40,"key":"REST"},{"data":"Demon Form","floor":42,"key":"SMITH"},{"floor":44,"key":"REST"},{"floor":49,"key":"REST"}],"circlet_count":0,"master_deck":["Strike_R","Strike_R","Strike_R","Strike_R","Defend_R","Defend_R","Defend_R","Defend_R","Bash","Perfected Strike","Battle Trance","Flex","Flame Barrier","Infernal Blade+1","Iron Wave","Shrug It Off","Limit Break+1","Shrug It Off","Demon Form+1","CurseOfTheBell","Inflame","Warcry","Infernal Blade+1","Bash","Bludgeon","Body Slam","Heavy Blade+1","Shrug It Off","Immolate","Cleave","Cleave","Carnage+1","Feed","Pommel Strike+1","Trip","PanicButton","Flex","Clothesline+1","Spot Weakness"],"relics":["Burning Blood","Ancient Tea Set","Orichalcum","Blood Vial","Happy Flower","Anchor","Calling Bell","Nunchaku","Pear","TungstenRod","Blue Candle","Dream Catcher","Busted Crown","Incense Burner","Shuriken","Bottled Flame","Turnip","Bottled Tornado"],"acts_visited":["Exordium","TheCity","TheBeyond"],"potions_floor_usage":[1,16,33,46],"damage_taken":[{"damage":1,"enemies":"Cultist","floor":1,"turns":3},{"damage":2,"enemies":"2 Louse","floor":2,"turns":3},{"damage":3,"enemies":"Small Slimes","floor":3,"turns":3},{"damage":13,"enemies":"3 Louse","floor":5,"turns":4},{"damage":4,"enemies":"Blue Slaver","floor":6,"turns":4},{"damage":30,"enemies":"Gremlin Gang","floor":10,"turns":5},{"damage":6,"enemies":"3 Louse","floor":11,"turns":3},{"damage":31,"enemies":"Lagavulin","floor":12,"turns":7},{"damage":10,"enemies":"Gremlin Nob","floor":14,"turns":3},{"damage":61,"enemies":"Slime Boss","floor":16,"turns":16},{"damage":5,"enemies":"Chosen","floor":18,"turns":5},{"damage":6,"enemies":"Shell Parasite","floor":19,"turns":5},{"damage":34,"enemies":"3 Cultists","floor":22,"turns":7},{"damage":35,"enemies":"Book of Stabbing","floor":23,"turns":5},{"damage":12,"enemies":"Sentry and Sphere","floor":25,"turns":4},{"damage":17,"enemies":"Snake Plant","floor":27,"turns":4},{"damage":10,"enemies":"3 Cultists","floor":28,"turns":5},{"damage":12,"enemies":"Chosen and Byrds","floor":30,"turns":6},{"damage":6,"enemies":"Snake Plant","floor":31,"turns":3},{"damage":74,"enemies":"Automaton","floor":33,"turns":10},{"damage":37,"enemies":"3 Shapes","floor":35,"turns":3},{"damage":31,"enemies":"Mind Bloom Boss Battle","floor":36,"turns":6},{"damage":4,"enemies":"Orb Walker","floor":41,"turns":2},{"damage":35,"enemies":"Nemesis","floor":45,"turns":5},{"damage":34,"enemies":"2 Orb Walkers","floor":46,"turns":4},{"damage":28,"enemies":"Maw","floor":48,"turns":6},{"damage":54,"enemies":"Time Eater","floor":50,"turns":5}],"seed_played":"-822217137969611401","potions_obtained":[{"floor":1,"key":"Fruit Juice"},{"floor":5,"key":"CultistPotion"},{"floor":10,"key":"SteroidPotion"},{"floor":11,"key":"SkillPotion"},{"floor":22,"key":"Swift Potion"},{"floor":35,"key":"SteroidPotion"},{"floor":41,"key":"Block Potion"}],"is_trial":false,"path_per_floor":["M","M","M","$","M","M","R","$","T","M","M","E","R","E","R","B",null,"M","M","?","?","M","E","R","M","T","M","M","R","M","M","R","B",null,"M","?","?","?","?","R","M","R","T","R","E","?","$","M","R","B"],"character_chosen":"IRONCLAD","items_purchased":["Orichalcum","Bottled Tornado","Strength Potion"],"campfire_rested":6,"item_purchase_floors":[8,47,47],"current_hp_per_floor":[85,85,85,85,78,80,80,80,80,58,60,37,62,60,60,7,95,95,95,95,95,67,40,68,64,64,55,53,81,77,79,79,13,95,64,44,44,35,35,62,66,66,66,93,64,38,38,18,45,0,0],"gold":353,"neow_bonus":"RANDOM_COMMON_RELIC","is_daily":false,"chose_seed":false,"campfire_upgraded":3,"win_rate":0.0,"timestamp":1608003448,"path_taken":["M","M","M","$","M","M","R","?","T","M","M","E","R","E","R","BOSS","M","M","?","?","?","E","R","M","T","M","M","R","M","M","R","BOSS","M","?","?","?","?","R","M","R","T","R","E","?","$","M","R","BOSS"],"items_purchased_type":["Relic","Relic","Potion"],"build_version":"2020-12-13","purchased_purges":1,"victory":false,"max_hp_per_floor":[85,85,85,85,85,85,85,85,85,85,85,85,85,85,85,85,95,95,95,95,95,95,95,95,95,95,95,95,95,95,95,95,95,95,95,98,93,93,93,93,93,93,93,93,93,93,93,93,93,93,93],"card_choices":[{"not_picked":["Second Wind","Clothesline"],"picked":"Perfected Strike","floor":1},{"not_picked":["Hemokinesis","Heavy Blade"],"picked":"Battle Trance","floor":2},{"not_picked":["Sentinel","Wild Strike"],"picked":"Flex","floor":3},{"not_picked":["Shockwave","Clash"],"picked":"Flame Barrier","floor":5},{"not_picked":["Bloodletting","Cleave"],"picked":"Infernal Blade","floor":6},{"not_picked":["True Grit","Combust"],"picked":"Iron Wave","floor":10},{"not_picked":["True Grit","Clothesline"],"picked":"Shrug It Off","floor":11},{"not_picked":["Flame Barrier","Warcry"],"picked":"Limit Break","floor":12},{"not_picked":["True Grit","Havoc"],"picked":"Shrug It Off","floor":14},{"not_picked":["Juggernaut","Brutality"],"picked":"Demon Form","floor":16},{"not_picked":["Rampage","Bloodletting+1"],"picked":"Inflame","floor":18},{"not_picked":["Anger","Armaments"],"picked":"Warcry","floor":19},{"not_picked":["Sword Boomerang","Iron Wave"],"picked":"Body Slam","floor":22},{"not_picked":["Shrug It Off","Armaments"],"picked":"Heavy Blade+1","floor":23},{"not_picked":["Body Slam","Sword Boomerang+1"],"picked":"Shrug It Off","floor":25},{"not_picked":["Headbutt","Rupture"],"picked":"Immolate","floor":27},{"not_picked":["Rupture+1","Wild Strike+1"],"picked":"Cleave","floor":28},{"not_picked":["Anger+1","True Grit"],"picked":"Cleave","floor":30},{"not_picked":["Whirlwind+1","Burning Pact+1"],"picked":"Carnage+1","floor":31},{"not_picked":["Reaper","Juggernaut"],"picked":"Feed","floor":33},{"not_picked":[],"picked":"Pommel Strike+1","floor":35},{"not_picked":[],"picked":"Trip","floor":38},{"not_picked":[],"picked":"PanicButton","floor":38},{"not_picked":[],"picked":"Flex","floor":40},{"not_picked":[],"picked":"Clothesline+1","floor":41},{"not_picked":["Hemokinesis+1"],"picked":"SKIP","floor":45},{"not_picked":[],"picked":"Spot Weakness","floor":46},{"not_picked":["Dark Embrace"],"picked":"SKIP","floor":48}],"player_experience":740259,"relics_obtained":[{"floor":9,"key":"Blood Vial"},{"floor":12,"key":"Happy Flower"},{"floor":14,"key":"Anchor"},{"floor":17,"key":"Nunchaku"},{"floor":17,"key":"Pear"},{"floor":17,"key":"TungstenRod"},{"floor":23,"key":"Blue Candle"},{"floor":26,"key":"Dream Catcher"},{"floor":36,"key":"Incense Burner"},{"floor":43,"key":"Shuriken"},{"floor":45,"key":"Bottled Flame"},{"floor":46,"key":"Turnip"}],"event_choices":[{"damage_healed":0,"gold_gain":0,"player_choice":"Copied","damage_taken":0,"max_hp_gain":0,"max_hp_loss":0,"event_name":"Duplicator","floor":20,"gold_loss":0,"cards_obtained":["Infernal Blade"]},{"damage_healed":0,"gold_gain":0,"player_choice":"2 cards matched","damage_taken":0,"max_hp_gain":0,"max_hp_loss":0,"event_name":"Match and Keep!","floor":21,"gold_loss":0,"cards_obtained":["Bash","Bludgeon"]},{"damage_healed":0,"gold_gain":0,"player_choice":"Fight","damage_taken":0,"max_hp_gain":0,"max_hp_loss":0,"event_name":"MindBloom","floor":36,"gold_loss":0},{"damage_healed":0,"gold_gain":0,"player_choice":"Max HP","damage_taken":0,"max_hp_gain":0,"max_hp_loss":5,"event_name":"Winding Halls","floor":37,"gold_loss":0},{"damage_healed":0,"gold_gain":0,"player_choice":"Memory 3","damage_taken":10,"max_hp_gain":0,"max_hp_loss":0,"event_name":"SensoryStone","floor":38,"gold_loss":0},{"damage_healed":0,"gold_gain":0,"player_choice":"Ignored","damage_taken":0,"max_hp_gain":0,"max_hp_loss":0,"event_name":"Tomb of Lord Red Mask","floor":39,"gold_loss":0},{"damage_healed":0,"gold_gain":0,"player_choice":"Fight","damage_taken":0,"max_hp_gain":0,"max_hp_loss":0,"event_name":"Mysterious Sphere","floor":46,"gold_loss":0}],"is_beta":false,"boss_relics":[{"not_picked":["SlaversCollar","Mark of Pain"],"picked":"Calling Bell"},{"not_picked":["Runic Cube","Runic Pyramid"],"picked":"Busted Crown"}],"items_purged_floors":[47],"is_endless":false,"potions_floor_spawned":[1,5,10,11,22,25,30,35,41,45],"killed_by":"Time Eater","ascension_level":0}}