{"host":"yecadp3kwkksam5a","time":1608048267,"event":{"mods":["BaseMod","Minty Spire (QoL Compilation)","Replay The Spire","StSLib"],"gold_per_floor":[112,126,146,156,173,204,204,204,204,204,204,238,252,267,267,372,372,386,406,406,5,57,89,89,121,133,145,190,221,233,257,269,384,396,427,450,462,68,68,102,102,130,155,180,207,207,207,233,233,239,239,239,69,100,100],"floor_reached":56,"playtime":3368,"items_purged":["Strike_G","Strike_G"],"score":1825,"play_id":"97da9b9c-33f1-4230-8867-c528b337652c","local_time":"20201216010427","is_ascension_mode":true,"campfire_choices":[{"data":"Noxious Fumes","floor":8.0,"key":"SMITH"},{"floor":11.0,"key":"REST"},{"data":"Toxin Wave","floor":15.0,"key":"SMITH"},{"floor":24.0,"key":"REST"},{"data":"Footwork","floor":27.0,"key":"SMITH"},{"data":"Footwork","floor":30.0,"key":"SMITH"},{"floor":32.0,"key":"REST"},{"floor":41.0,"key":"REST"},{"floor":46.0,"key":"REST"},{"floor":49.0,"key":"RECALL"},{"data":"Noxious Fumes","floor":52.0,"key":"SMITH"}],"circlet_count":0,"master_deck":["AscendersBane","Strike_G","Defend_G+1","Defend_G+1","Defend_G","Defend_G","Defend_G+1","Survivor","Neutralize","Cloak And Dagger","Predator+1","Bane","Choke","Dagger Spray","Noxious Fumes+1","Adrenaline","Deadly Poison","Toxin Wave+1","Corpse Explosion","Footwork+1","ReplayTheSpireMod:Speed Training","Deflect+1","Footwork+1","Corpse Explosion","Catalyst+1","Dodge and Roll","Replay:Poison Smokescreen","Poison Darts","Sneak Up","Noxious Fumes+1","ReplayTheSpireMod:Speed Training","Backflip","Adrenaline","Crippling Poison","Sneak Up","Replay:Poison Smokescreen+1","PiercingWail","PiercingWail"],"relics":["Ring of the Snake","War Paint","HornCleat","Replay:Bronze Core","DollysMirror","Potion Belt","Tiny Chest","Replay:WaspNest","MawBank","Toy Ornithopter","White Beast Statue","SlaversCollar","Strawberry","Blue Doll","Blood Vial","Replay:Bandana","Oddly Smooth Stone","Mercury Hourglass"],"acts_visited":["Exordium","TheCity","TheBeyond","TheEnding"],"potions_floor_usage":[55,55],"damage_taken":[{"damage":3.0,"enemies":"Cultist","floor":1.0,"turns":5.0},{"damage":4.0,"enemies":"Small Slimes","floor":2.0,"turns":6.0},{"damage":1.0,"enemies":"Jaw Worm","floor":3.0,"turns":3.0},{"damage":0.0,"enemies":"Large Slime","floor":4.0,"turns":5.0},{"damage":6.0,"enemies":"Blue Slaver","floor":5.0,"turns":4.0},{"damage":26.0,"enemies":"3 Sentries","floor":6.0,"turns":7.0},{"damage":0.0,"enemies":"Gremlin Nob","floor":12.0,"turns":3.0},{"damage":2.0,"enemies":"Red Slaver","floor":13.0,"turns":3.0},{"damage":0.0,"enemies":"3 Louse","floor":14.0,"turns":3.0},{"damage":14.0,"enemies":"The Guardian","floor":16.0,"turns":10.0},{"damage":0.0,"enemies":"3 Byrds","floor":18.0,"turns":4.0},{"damage":11.0,"enemies":"2 Thieves","floor":19.0,"turns":2.0},{"damage":9.0,"enemies":"Gremlin Leader","floor":23.0,"turns":6.0},{"damage":6.0,"enemies":"Book of Stabbing","floor":25.0,"turns":6.0},{"damage":6.0,"enemies":"Gremlin Leader","floor":28.0,"turns":6.0},{"damage":0.0,"enemies":"Snake Plant","floor":29.0,"turns":4.0},{"damage":9.0,"enemies":"Centurion and Healer","floor":31.0,"turns":3.0},{"damage":55.0,"enemies":"Pondfish","floor":33.0,"turns":12.0},{"damage":0.0,"enemies":"3 Darklings","floor":35.0,"turns":3.0},{"damage":0.0,"enemies":"3 Shapes","floor":36.0,"turns":5.0},{"damage":57.0,"enemies":"Reptomancer","floor":40.0,"turns":8.0},{"damage":1.0,"enemies":"Nemesis","floor":42.0,"turns":7.0},{"damage":20.0,"enemies":"Spire Growth","floor":45.0,"turns":7.0},{"damage":0.0,"enemies":"3 Darklings","floor":48.0,"turns":5.0},{"damage":20.0,"enemies":"Replay:Hell Engine","floor":50.0,"turns":8.0},{"damage":34,"enemies":"Shield and Spear","floor":54,"turns":5},{"damage":37,"enemies":"The Heart","floor":55,"turns":8}],"seed_played":"-6838237329925966034","potions_obtained":[{"floor":2.0,"key":"Swift Potion"},{"floor":5.0,"key":"ColorlessPotion"},{"floor":6.0,"key":"Languid Potion"},{"floor":12.0,"key":"Poison Potion"},{"floor":18.0,"key":"SkillPotion"},{"floor":22.0,"key":"FairyPotion"},{"floor":28.0,"key":"FearPotion"},{"floor":29.0,"key":"Toxic Potion"},{"floor":31.0,"key":"Energy Potion"},{"floor":33.0,"key":"Explosive Potion"},{"floor":35.0,"key":"SpeedPotion"},{"floor":40.0,"key":"Toxic Potion"},{"floor":54,"key":"DuplicationPotion"}],"is_trial":false,"path_per_floor":["M","M","M","M","M","E","?","R","T","?","R","E","M","M","R","B",null,"M","M","?","$","?","E","R","E","T","R","E","M","R","M","R","B",null,"M","M","?","$","?","E","R","E","T","T","M","R","?","M","R","B",null,"R","$","E","B",null],"character_chosen":"THE_SILENT","items_purchased":["Deflect+1","DollysMirror","Potion Belt","Strawberry","Noxious Fumes","ReplayTheSpireMod:Speed Training","PiercingWail","Oddly Smooth Stone"],"campfire_rested":5,"item_purchase_floors":[21,21,21,38,38,38,53,53],"current_hp_per_floor":[60,56,55,55,49,23,23,23,23,9,30,30,28,28,28,14,56,56,45,45,45,28,19,40,34,34,34,33,33,33,29,50,20,58,58,58,58,65,65,8,31,30,30,30,12,35,35,37,37,29,65,65,65,33,8],"gold":100,"neow_bonus":"REMOVE_CARD","is_daily":false,"chose_seed":false,"campfire_upgraded":5,"win_rate":0.0,"timestamp":1608048267,"path_taken":["M","M","M","M","M","E","?","R","T","?","R","E","M","M","R","BOSS","M","M","?","$","?","E","R","E","T","R","E","?","R","M","R","BOSS","M","M","?","$","?","E","R","E","T","?","M","R","?","M","R","BOSS","R","$","E","BOSS"],"items_purchased_type":["Card","Relic","Relic","Relic","Card","Card","Card","Relic"],"build_version":"2020-12-13","purchased_purges":2,"victory":true,"max_hp_per_floor":[70,70,70,70,70,70,70,70,70,70,70,70,70,70,70,70,70,70,70,70,70,70,70,70,70,70,70,70,70,70,70,70,70,70,70,70,70,77,77,77,77,77,77,77,77,77,77,77,77,77,77,77,77,77,77],"card_choices":[{"not_picked":["Backflip","Backstab"],"picked":"Cloak And Dagger","floor":1.0},{"not_picked":["Slice","Eviscerate"],"picked":"Predator","floor":2.0},{"not_picked":["Sneak Up","Acrobatics"],"picked":"Bane","floor":3.0},{"not_picked":["Sucker Punch","Predator"],"picked":"Choke","floor":4.0},{"not_picked":["Acrobatics","Sneak Up"],"picked":"Dagger Spray","floor":5.0},{"not_picked":["Dodge and Roll","Dash"],"picked":"Noxious Fumes","floor":6.0},{"not_picked":["Acrobatics","Outmaneuver"],"picked":"Adrenaline","floor":12.0},{"not_picked":["Outmaneuver","Hidden Blade"],"picked":"Deadly Poison","floor":13.0},{"not_picked":["Noxious Fumes","Dash"],"picked":"Toxin Wave","floor":14.0},{"not_picked":["ReplayTheSpireMod:From All Sides","Night Terror"],"picked":"Corpse Explosion","floor":16.0},{"not_picked":["Blade Dance","Crippling Poison+1"],"picked":"Footwork","floor":18.0},{"not_picked":["Acrobatics","Bane"],"picked":"ReplayTheSpireMod:Speed Training","floor":19.0},{"not_picked":["Outmaneuver","Poisoned Stab"],"picked":"Corpse Explosion","floor":23.0},{"not_picked":["Dash+1","Bane"],"picked":"Catalyst","floor":25.0},{"not_picked":["Cloak And Dagger","Crippling Poison"],"picked":"Dodge and Roll","floor":28.0},{"not_picked":["Deadly Poison","Slice+1","Quick Slash+1"],"picked":"SKIP","floor":29.0},{"not_picked":["Slice+1","Dodge and Roll"],"picked":"Replay:Poison Smokescreen","floor":31.0},{"not_picked":["Bullet Time","Night Terror"],"picked":"Poison Darts","floor":33.0},{"not_picked":["Blade Dance","Sucker Punch","Predator"],"picked":"SKIP","floor":35.0},{"not_picked":["Quick Slash+1","Backstab+1"],"picked":"Sneak Up","floor":36.0},{"not_picked":["Deadly Poison+1","Bane+1"],"picked":"Backflip","floor":40.0},{"not_picked":["Masterful Stab+1","Poisoned Stab+1"],"picked":"Adrenaline","floor":42.0},{"not_picked":["Heel Hook+1","Setup+1"],"picked":"Crippling Poison","floor":45.0},{"not_picked":["Blade Dance","Slice+1"],"picked":"Replay:Poison Smokescreen+1","floor":48.0},{"not_picked":["Cloak And Dagger","Skewer+1","Grand Finale"],"picked":"SKIP","floor":54}],"player_experience":180298,"relics_obtained":[{"floor":6.0,"key":"War Paint"},{"floor":9.0,"key":"HornCleat"},{"floor":22.0,"key":"Tiny Chest"},{"floor":23.0,"key":"Replay:WaspNest"},{"floor":25.0,"key":"MawBank"},{"floor":26.0,"key":"Toy Ornithopter"},{"floor":28.0,"key":"White Beast Statue"},{"floor":40.0,"key":"Blue Doll"},{"floor":42.0,"key":"Blood Vial"},{"floor":44.0,"key":"Replay:Bandana"},{"floor":54,"key":"Mercury Hourglass"}],"event_choices":[{"damage_healed":0.0,"max_hp_gain":0.0,"max_hp_loss":0.0,"gold_gain":0.0,"event_name":"Liars Game","player_choice":"Ignored","floor":7.0,"gold_loss":0.0,"damage_taken":0.0},{"damage_healed":0.0,"max_hp_gain":0.0,"max_hp_loss":0.0,"gold_gain":0.0,"event_name":"Shining Light","player_choice":"Entered Light","floor":10.0,"gold_loss":0.0,"damage_taken":14.0,"cards_upgraded":["Defend_G","Predator"]},{"damage_healed":0.0,"max_hp_gain":0.0,"max_hp_loss":0.0,"gold_gain":0.0,"event_name":"Ghosts","player_choice":"Ignored","floor":20.0,"gold_loss":0.0,"damage_taken":0.0},{"cards_removed":["Strike_G"],"damage_healed":0.0,"max_hp_gain":0.0,"max_hp_loss":0.0,"gold_gain":0.0,"event_name":"Falling","player_choice":"Removed Attack","floor":37.0,"gold_loss":0.0,"damage_taken":0.0},{"damage_healed":0.0,"max_hp_gain":0.0,"max_hp_loss":0.0,"gold_gain":0.0,"event_name":"Accursed Blacksmith","player_choice":"Forge","floor":39.0,"gold_loss":0.0,"damage_taken":0.0,"cards_upgraded":["Catalyst"]},{"damage_healed":0.0,"max_hp_gain":0.0,"max_hp_loss":0.0,"gold_gain":0.0,"event_name":"Duplicator","player_choice":"Copied","floor":47.0,"gold_loss":0.0,"damage_taken":0.0,"cards_obtained":["Sneak Up"]}],"is_beta":false,"boss_relics":[{"not_picked":["Replay:Wanted Poster","Ectoplasm"],"picked":"Replay:Bronze Core"},{"not_picked":["HoveringKite","Kintsugi"],"picked":"SlaversCollar"}],"items_purged_floors":[21,38],"is_endless":false,"potions_floor_spawned":[2,5,6,12,14,18,19,28,29,31,33,35,36,40,42,45,48,54],"ascension_level":10}}