{"host":"bnl7o5cb2omwu7ka","time":1608075458,"event":{"mods":["AchievementEnabler","BaseMod","BetterRewards","Block Reminder","Colored Map","Colored Powertips","Conspire","Duelist Mod","Energized Spire","Googly Eyes","Highlight Path","Infinite Spire","Jedi Mod","Mimic Mod","Minty Spire (QoL Compilation)","Permanent Neow","Quick Restart","Rare Cards Sparkle","Replay The Spire","Spikes Relics","StSLib","The Blackbeard","The IronCluck","egg","everything is the same but u backflip on backflip","slay the spire mod where everything is the same but ironclad has a cowboy hat"],"gold_per_floor":[118,118,118,133,149,175,175,207,260,260,280,297,313,328,328,328,328],"floor_reached":16,"playtime":1384,"items_purged":[],"score":114,"play_id":"bf9ba394-4108-4622-88dc-ffc016a6133b","local_time":"20201215183738","is_ascension_mode":false,"campfire_choices":[{"data":"infinitespire:Gouge","floor":7,"key":"SMITH"},{"data":"ReplayTheSpireMod:LeadingStrike","floor":15,"key":"SMITH"}],"circlet_count":0,"master_deck":["Strike_R","Strike_R","Strike_R","Strike_R","Defend_R","Defend_R","Defend_R","Defend_R","Bash","Flash of Steel","Twin Strike","infinitespire:Gouge+1","Iron Wave","Twin Strike","Juggernaut","Metallicize","Flame Barrier","Dual Wield","ReplayTheSpireMod:LeadingStrike+1"],"relics":["Burning Blood","infinitespire:Eraser","Ancient Tea Set","Potion Belt"],"acts_visited":["Exordium"],"potions_floor_usage":[],"damage_taken":[{"damage":3,"enemies":"conspire:RoseBush","floor":1,"turns":3},{"damage":5,"enemies":"Small Slimes","floor":4,"turns":2},{"damage":1,"enemies":"Cultist","floor":5,"turns":3},{"damage":16,"enemies":"Lagavulin","floor":6,"turns":5},{"damage":29,"enemies":"3 Sentries","floor":8,"turns":8},{"damage":2,"enemies":"Blue Slaver","floor":11,"turns":3},{"damage":2,"enemies":"conspire:2 RoseBushes","floor":12,"turns":4},{"damage":2,"enemies":"Looter","floor":13,"turns":2},{"damage":9,"enemies":"Exordium Wildlife","floor":14,"turns":4},{"damage":48,"enemies":"Slime Boss","floor":16,"turns":7}],"seed_played":"-509610902031868787","potions_obtained":[{"floor":4,"key":"LiquidBronze"},{"floor":5,"key":"SpeedPotion"},{"floor":8,"key":"Swift Potion"},{"floor":11,"key":"jedi:StrikingPotion"},{"floor":13,"key":"Swift Potion"},{"floor":14,"key":"EssenceOfSteel"}],"is_trial":false,"path_per_floor":["M","$","?","M","M","E","R","E","T","?","M","M","M","M","R","B"],"character_chosen":"IRONCLAD","items_purchased":[],"campfire_rested":0,"item_purchase_floors":[],"current_hp_per_floor":[80,80,60,61,66,56,56,33,33,33,37,41,45,42,42,0,0],"gold":328,"neow_bonus":"RANDOM_COLORLESS","is_daily":false,"chose_seed":false,"campfire_upgraded":2,"win_rate":0.0,"timestamp":1608075458,"path_taken":["M","$","?","M","M","E","R","E","T","?","M","M","?","M","R","BOSS"],"items_purchased_type":[],"build_version":"2020-12-13","purchased_purges":0,"victory":false,"max_hp_per_floor":[80,80,80,80,80,80,80,80,80,80,80,80,80,80,80,80,80],"card_choices":[{"not_picked":["Finesse","Dramatic Entrance"],"picked":"Flash of Steel","floor":0},{"not_picked":["Pommel Strike","jedi:MakeshiftSword"],"picked":"Twin Strike","floor":1},{"not_picked":["Replay:Fractal Strike","infinitespire:Execution"],"picked":"infinitespire:Gouge","floor":3},{"not_picked":["Anger","Dropkick"],"picked":"Iron Wave","floor":4},{"not_picked":["Perfected Strike","jedi:MakeshiftSword"],"picked":"Twin Strike","floor":5},{"not_picked":["Hemogenesis","Infernal Blade"],"picked":"Juggernaut","floor":6},{"not_picked":["Sword Boomerang","Blood for Blood"],"picked":"Metallicize","floor":8},{"not_picked":["Heavy Blade","Perfected Strike"],"picked":"Dual Wield","floor":11},{"not_picked":["Fire Breathing","Brutality","jedi:fear"],"picked":"SKIP","floor":12},{"not_picked":["Replay:Undeath\u0027s Touch","Carnage"],"picked":"ReplayTheSpireMod:LeadingStrike","floor":13},{"not_picked":["Twin Strike","Heavy Blade","ReplayTheSpireMod:Limb From Limb"],"picked":"SKIP","floor":14}],"player_experience":449642,"relics_obtained":[{"floor":6,"key":"infinitespire:Eraser"},{"floor":8,"key":"Ancient Tea Set"},{"floor":9,"key":"Potion Belt"}],"event_choices":[{"damage_healed":0,"gold_gain":0,"cards_transformed":["Strike_R"],"player_choice":"Transformed","damage_taken":0,"max_hp_gain":0,"max_hp_loss":0,"event_name":"Transmorgrifier","floor":10,"gold_loss":0,"cards_obtained":["Flame Barrier"]}],"is_beta":false,"boss_relics":[],"items_purged_floors":[],"is_endless":false,"potions_floor_spawned":[4,5,8,11,13,14],"killed_by":"Slime Boss","ascension_level":0}}