{"host":"un97lkyah1pp4w16","time":1608048776,"event":{"mods":["BaseMod","Colored Map","Colored Powertips","Minty Spire (QoL Compilation)","StSLib","SuperFastMode"],"gold_per_floor":[119,119,119,135,135,135,153,228,302,38,59,59,72,141,141,264,264,282,282,222,241,64,64,0,16,16,41,41,41],"floor_reached":28,"playtime":932,"items_purged":["Regret"],"score":233,"play_id":"3a8cb61b-09dd-42f2-a16f-d242949a7f60","local_time":"20201216001256","is_ascension_mode":false,"campfire_choices":[{"floor":6.0,"key":"REST"},{"floor":12.0,"key":"REST"},{"floor":15.0,"key":"REST"},{"floor":23,"key":"REST"}],"circlet_count":0,"master_deck":["Zap","Dualcast","Redo","Leap","Loop","Undo","Rupture","Fasting2","Terror","Electrodynamics","Recycle","Self Repair","Static Discharge","Darkness","Melter","Hyperbeam","Scrape","Shrug It Off","Glacier","Regret","Glacier","Cloak And Dagger+1","Coolheaded","Gash","Anger"],"relics":["Fusion Hammer","Mango","Golden Idol","Gremlin Horn","PrismaticShard","Torii","Pandora\u0027s Box","Lee\u0027s Waffle","Centennial Puzzle"],"acts_visited":["Exordium","TheCity"],"potions_floor_usage":[],"damage_taken":[{"damage":0.0,"enemies":"Small Slimes","floor":1.0,"turns":2.0},{"damage":6.0,"enemies":"Jaw Worm","floor":4.0,"turns":3.0},{"damage":6.0,"enemies":"2 Louse","floor":7.0,"turns":2.0},{"damage":0.0,"enemies":"2 Fungi Beasts","floor":11.0,"turns":3.0},{"damage":19.0,"enemies":"Blue Slaver","floor":13.0,"turns":5.0},{"damage":30.0,"enemies":"3 Sentries","floor":14.0,"turns":9.0},{"damage":91.0,"enemies":"Slime Boss","floor":16.0,"turns":14.0},{"damage":10.0,"enemies":"Spheric Guardian","floor":18.0,"turns":3.0},{"damage":56.0,"enemies":"Shell Parasite","floor":21.0,"turns":8.0},{"damage":33,"enemies":"Snecko","floor":25,"turns":5},{"damage":20,"enemies":"Snake Plant","floor":27,"turns":5},{"damage":51,"enemies":"Colosseum Slavers","floor":28,"turns":4}],"seed_played":"-1309387660978010193","potions_obtained":[{"floor":1.0,"key":"ColorlessPotion"},{"floor":11.0,"key":"FearPotion"},{"floor":13.0,"key":"FairyPotion"},{"floor":21,"key":"FearPotion"},{"floor":27,"key":"ColorlessPotion"}],"is_trial":false,"path_per_floor":["M","?","?","M","?","R","M","?","T","$","M","R","M","?","R","B",null,"M","?","?","M","$","R","?","M","T","M","?"],"character_chosen":"DEFECT","items_purchased":["PrismaticShard","Undo","Lee\u0027s Waffle","Coolheaded"],"campfire_rested":4,"item_purchase_floors":[10,10,22,22],"current_hp_per_floor":[75,89,89,83,65,89,83,72,72,72,72,89,70,40,66,2,89,79,79,79,30,96,96,96,63,63,50,0,0],"gold":41,"neow_bonus":"BOSS_RELIC","is_daily":false,"chose_seed":false,"campfire_upgraded":0,"win_rate":0.0,"timestamp":1608048776,"path_taken":["M","?","?","M","?","R","M","?","T","$","M","R","M","?","R","BOSS","M","?","?","?","$","R","?","M","T","M","?"],"items_purchased_type":["Relic","Card","Relic","Card"],"build_version":"2020-12-13","purchased_purges":1,"victory":false,"max_hp_per_floor":[75,89,89,89,89,89,89,89,89,89,89,89,89,89,89,89,89,89,89,89,89,96,96,96,96,96,96,96,96],"card_choices":[{"not_picked":["FTL","Steam"],"picked":"Redo","floor":1.0},{"not_picked":["Steam Power","Go for the Eyes"],"picked":"Leap","floor":4.0},{"not_picked":["Barrage","Darkness"],"picked":"Loop","floor":7.0},{"not_picked":["Hologram","Twin Strike"],"picked":"Rupture","floor":11.0},{"not_picked":["Choke","EmptyFist"],"picked":"Fasting2","floor":13.0},{"not_picked":["Setup","Swift Strike"],"picked":"Terror","floor":14.0},{"not_picked":["Corpse Explosion","Doppelganger"],"picked":"Electrodynamics","floor":16.0},{"not_picked":["Masterful Stab+1","Rebound"],"picked":"Shrug It Off","floor":18.0},{"not_picked":["Pommel Strike","Halt"],"picked":"Cloak And Dagger+1","floor":21},{"not_picked":["Fusion","Body Slam+1"],"picked":"Gash","floor":25},{"not_picked":["Impatience+1","CutThroughFate"],"picked":"Anger","floor":27}],"player_experience":83743,"relics_obtained":[{"floor":9.0,"key":"Gremlin Horn"},{"floor":26,"key":"Centennial Puzzle"}],"event_choices":[{"damage_healed":0.0,"max_hp_gain":0.0,"max_hp_loss":0.0,"gold_gain":0.0,"event_name":"Big Fish","player_choice":"Box","floor":2.0,"gold_loss":0.0,"damage_taken":0.0,"relics_obtained":["Mango"],"cards_obtained":["Regret"]},{"damage_healed":0.0,"max_hp_gain":0.0,"max_hp_loss":0.0,"gold_gain":0.0,"event_name":"Golden Idol","player_choice":"Take Wound","floor":3.0,"gold_loss":0.0,"damage_taken":0.0,"relics_obtained":["Golden Idol"],"cards_obtained":["Injury"]},{"damage_healed":0.0,"max_hp_gain":0.0,"max_hp_loss":0.0,"gold_gain":0.0,"event_name":"Shining Light","player_choice":"Entered Light","floor":5.0,"gold_loss":0.0,"damage_taken":18.0,"cards_upgraded":["Strike_B","Strike_B"]},{"damage_healed":0.0,"max_hp_gain":0.0,"max_hp_loss":0.0,"gold_gain":75.0,"event_name":"World of Goop","player_choice":"Gather Gold","floor":8.0,"gold_loss":0.0,"damage_taken":11.0},{"damage_healed":0.0,"max_hp_gain":0.0,"max_hp_loss":0.0,"gold_gain":30.0,"event_name":"Dead Adventurer","player_choice":"Searched \u00273\u0027 times","floor":14.0,"gold_loss":0.0,"damage_taken":0.0,"relics_obtained":["Torii"]},{"damage_healed":0.0,"max_hp_gain":0.0,"max_hp_loss":0.0,"gold_gain":0.0,"event_name":"The Library","player_choice":"Read","floor":19.0,"gold_loss":0.0,"damage_taken":0.0,"cards_obtained":["Glacier"]},{"damage_healed":0.0,"max_hp_gain":0.0,"max_hp_loss":0.0,"gold_gain":0.0,"cards_transformed":["Injury","All For One"],"event_name":"Designer","player_choice":"Transformed Cards","floor":20.0,"gold_loss":60.0,"damage_taken":0.0,"cards_obtained":["Regret","Glacier"]},{"damage_healed":0,"gold_gain":0,"player_choice":"Paid Fearfully","damage_taken":0,"max_hp_gain":0,"max_hp_loss":0,"event_name":"Masked Bandits","floor":24,"gold_loss":64},{"damage_healed":0,"gold_gain":0,"player_choice":"Fight","damage_taken":0,"max_hp_gain":0,"max_hp_loss":0,"event_name":"Colosseum","floor":28,"gold_loss":0}],"is_beta":false,"boss_relics":[{"not_picked":["Inserter","Empty Cage"],"picked":"Pandora\u0027s Box"}],"items_purged_floors":[10],"is_endless":false,"potions_floor_spawned":[1,11,13,21,27],"killed_by":"Colosseum Slavers","ascension_level":0}}