{"host":"i0avyit1s6jb1siw","time":1608018747,"event":{"mods":["BaseMod","DeckTracker","Dota2Spire","Highlight Path","Minty Spire (QoL Compilation)","Quick Restart","Replay The Spire","StSLib","SuperFastMode"],"gold_per_floor":[118,128,128,144,160,160,194,194,194,205,224,224,237,270,270,270,270],"floor_reached":16,"playtime":375,"items_purged":[],"score":228,"play_id":"fb3247c9-cf62-46ea-b63d-eaa829bb66dd","local_time":"20201215085227","is_ascension_mode":true,"campfire_choices":[{"data":"Crippling Poison","floor":6,"key":"SMITH"},{"data":"Bane","floor":8,"key":"SMITH"},{"data":"Replay:Poison Smokescreen","floor":12,"key":"SMITH"},{"data":"Footwork","floor":15,"key":"SMITH"}],"circlet_count":0,"master_deck":["AscendersBane","Strike_G","Strike_G","Strike_G","Strike_G","Defend_G","Defend_G","Defend_G","Defend_G","Defend_G","Survivor","Neutralize","Backstab","Replay:Poison Smokescreen+1","Crippling Poison+1","Flying Knee","Bane+1","Dagger Throw","Footwork+1","A Thousand Cuts"],"relics":["Ring of the Snake","NeowsBlessing","Replay:Mystery Machine","Oddly Smooth Stone","Dota2Spire:OrchidMalevolence"],"acts_visited":["Exordium"],"potions_floor_usage":[7,14,16],"damage_taken":[{"damage":0,"enemies":"Cultist","floor":1,"turns":1},{"damage":0,"enemies":"Small Slimes","floor":2,"turns":1},{"damage":0,"enemies":"Jaw Worm","floor":4,"turns":1},{"damage":21,"enemies":"Exordium Wildlife","floor":5,"turns":7},{"damage":6,"enemies":"Lagavulin","floor":7,"turns":6},{"damage":3,"enemies":"Gremlin Gang","floor":10,"turns":4},{"damage":1,"enemies":"Blue Slaver","floor":11,"turns":3},{"damage":6,"enemies":"2 Fungi Beasts","floor":13,"turns":2},{"damage":5,"enemies":"3 Sentries","floor":14,"turns":7},{"damage":18,"enemies":"Fading Forest","floor":16,"turns":7}],"seed_played":"-2035555164204867583","potions_obtained":[{"floor":1,"key":"SkillPotion"},{"floor":4,"key":"PowerPotion"},{"floor":7,"key":"Fire Potion"},{"floor":10,"key":"Poison Potion"}],"is_trial":false,"path_per_floor":["M","M","?","M","M","R","E","R","T","M","M","R","M","E","R","B"],"character_chosen":"THE_SILENT","items_purchased":[],"campfire_rested":0,"item_purchase_floors":[],"current_hp_per_floor":[59,59,59,59,38,38,32,32,32,29,28,28,22,17,17,0,0],"gold":270,"neow_bonus":"THREE_ENEMY_KILL","is_daily":false,"chose_seed":false,"campfire_upgraded":4,"win_rate":0.0,"timestamp":1608018747,"path_taken":["M","?","?","M","M","R","E","R","T","M","M","R","?","E","R","BOSS"],"items_purchased_type":[],"build_version":"2020-12-13","purchased_purges":0,"victory":false,"max_hp_per_floor":[66,66,66,66,66,66,66,66,66,66,66,66,66,66,66,66,66],"card_choices":[{"not_picked":["Acrobatics","Replay:Poison Smokescreen"],"picked":"Backstab","floor":1},{"not_picked":["Deflect","Calculated Gamble"],"picked":"Replay:Poison Smokescreen","floor":2},{"not_picked":["Hidden Blade","Escape Plan"],"picked":"Crippling Poison","floor":4},{"not_picked":["Sucker Punch","Deflect"],"picked":"Flying Knee","floor":5},{"not_picked":["Distraction","Deadly Poison"],"picked":"Bane","floor":7},{"not_picked":["Deadly Poison","Cloak And Dagger"],"picked":"Dagger Throw","floor":10},{"not_picked":["Infinite Blades","Fluid Movement","Blade Dance"],"picked":"SKIP","floor":11},{"not_picked":["Concentrate","Predator"],"picked":"Footwork","floor":13},{"not_picked":["Poison Darts","PiercingWail"],"picked":"A Thousand Cuts","floor":14}],"player_experience":2074015,"relics_obtained":[{"floor":7,"key":"Replay:Mystery Machine"},{"floor":9,"key":"Oddly Smooth Stone"},{"floor":14,"key":"Dota2Spire:OrchidMalevolence"}],"event_choices":[{"cards_removed":["Strike_G"],"damage_healed":0,"gold_gain":0,"player_choice":"Offered Basic","damage_taken":0,"max_hp_gain":0,"max_hp_loss":0,"event_name":"Bonfire Elementals","floor":3,"gold_loss":0}],"is_beta":false,"boss_relics":[],"items_purged_floors":[],"is_endless":false,"potions_floor_spawned":[1,4,7,10,11],"killed_by":"Fading Forest","ascension_level":20}}