{"host":"jm9833yuloeli2yd","time":1608071464,"event":{"mods":["AchievementEnabler","BaseMod","Better Altar","Better Match","Better Note","Better Sensory Stone","Better Skull","Better Vampires","Colored Map","Colored Powertips","DeckTracker","Minty Spire (QoL Compilation)","Permanent Neow","Quick Restart","Replay The Spire","StSLib","SuperFastMode"],"gold_per_floor":[119,136,42,42,42,60,60,60,80,80,80,99,127,144,4,54,54,54,54],"floor_reached":18,"playtime":397,"items_purged":[],"score":224,"play_id":"2ce7720d-9260-4b87-9a2a-9890950e3a9e","local_time":"20201215173104","is_ascension_mode":true,"campfire_choices":[{"data":"Hologram","floor":8,"key":"SMITH"},{"data":"Cold Snap","floor":10,"key":"SMITH"},{"floor":17,"key":"REST"}],"circlet_count":0,"master_deck":["AscendersBane","Strike_B","Strike_B","Strike_B","Strike_B","Defend_B","Defend_B","Defend_B+1","Defend_B","Zap","Dualcast","Gash","Hologram+1","Streamline+1","Cold Snap+1","Sunder","Defragment","ReplayTheSpireMod:Calculation Training","White Noise","Hologram"],"relics":["ReplayTheSpireMod:DimensionalGlitch","Iron Hammer","Replay:Multitool"],"acts_visited":["Exordium"],"potions_floor_usage":[13,14,18],"damage_taken":[{"damage":18,"enemies":"Cultist","floor":1,"turns":5},{"damage":3,"enemies":"2 Louse","floor":2,"turns":4},{"damage":5,"enemies":"Small Slimes","floor":6,"turns":3},{"damage":14,"enemies":"3 Louse","floor":9,"turns":3},{"damage":4,"enemies":"Exordium Thugs","floor":12,"turns":3},{"damage":16,"enemies":"Lagavulin","floor":13,"turns":4},{"damage":3,"enemies":"Blue Slaver","floor":14,"turns":3},{"damage":31,"enemies":"Slime Boss","floor":18,"turns":6}],"seed_played":"-430454872539066367","potions_obtained":[{"floor":6,"key":"Ancient Potion"},{"floor":9,"key":"Strength Potion"},{"floor":14,"key":"Block Potion"}],"is_trial":false,"path_per_floor":["M","M","$","PTL","PTL","M","?","R","M","R","T","M","E","M","$","?","R_BF","B"],"character_chosen":"DEFECT","items_purchased":["Streamline+1","Dexterity Potion","White Noise","Hologram"],"campfire_rested":1,"item_purchase_floors":[3,3,15,15],"current_hp_per_floor":[46,43,43,43,43,38,38,38,24,24,24,20,4,1,1,1,22,0,0],"gold":54,"neow_bonus":"BOSS_RELIC","is_daily":false,"chose_seed":false,"campfire_upgraded":2,"win_rate":0.0,"timestamp":1608071464,"path_taken":["M","M","$","PTL","PTL","?","?","R","M","R","T","M","E","M","$","?","R_BF","BOSS"],"items_purchased_type":["Card","Potion","Card","Card"],"build_version":"2020-12-13","purchased_purges":0,"victory":false,"max_hp_per_floor":[71,71,71,71,71,71,71,71,71,71,71,71,71,71,71,71,71,71,71],"card_choices":[{"not_picked":["Compile Driver","Heatsinks"],"picked":"Gash","floor":1},{"not_picked":["ReplayTheSpireMod:System Scan","Ball Lightning"],"picked":"Hologram","floor":2},{"not_picked":["BootSequence","Reprogram"],"picked":"Cold Snap","floor":6},{"not_picked":["Ball Lightning","Lockon"],"picked":"Sunder","floor":9},{"not_picked":["Crystallizer","Panic Button","Leap"],"picked":"SKIP","floor":12},{"not_picked":["Crystallizer","Panic Button","Leap"],"picked":"SKIP","floor":12},{"not_picked":["Mirror Shield","ReplaySort"],"picked":"Defragment","floor":13},{"not_picked":["Reinforced Body","Sweeping Beam"],"picked":"ReplayTheSpireMod:Calculation Training","floor":14}],"player_experience":1088051,"relics_obtained":[{"floor":11,"key":"Iron Hammer"},{"floor":13,"key":"Replay:Multitool"}],"event_choices":[{"damage_healed":0,"gold_gain":50,"player_choice":"Pray","damage_taken":0,"max_hp_gain":0,"max_hp_loss":0,"event_name":"Golden Shrine","floor":16,"gold_loss":0}],"is_beta":false,"boss_relics":[],"items_purged_floors":[],"is_endless":false,"potions_floor_spawned":[6,9,12,14],"killed_by":"Slime Boss","ascension_level":20}}