{"host":"6bsan6hkua32tfq7","time":1608026517,"event":{"mods":["BaseMod","Better Third Choice","Colored Map","Downfall","Highlight Path","Minty Spire (QoL Compilation)","StSLib"],"gold_per_floor":[112,112,132,147,147,147,147,147,147,147,176,176,196,215,215,290,290,290,230,98,98,43,43,43,43,43,43,43,43,43,43,43,43,43,43,43,43,43,43,43,43,43,43,43,43,43,0,0,0,0,0,0],"floor_reached":51,"playtime":2279,"items_purged":["Regret"],"score":1604,"play_id":"8d506048-8a98-4d5e-90d2-c52382980e01","local_time":"20201215110157","is_ascension_mode":true,"campfire_choices":[{"data":"Terror","floor":6.0,"key":"SMITH"},{"data":"Outmaneuver","floor":10.0,"key":"SMITH"},{"data":"1","floor":12.0,"key":"LIFT"},{"data":"2","floor":15.0,"key":"LIFT"},{"data":"3","floor":24.0,"key":"LIFT"},{"floor":27.0,"key":"REST"},{"data":"Malaise","floor":32.0,"key":"SMITH"},{"floor":41,"key":"RECALL"},{"floor":44,"key":"REST"},{"floor":49,"key":"REST"}],"circlet_count":0,"master_deck":["AscendersBane","Strike_G","Strike_G","Strike_G","Defend_G","Defend_G","Survivor","Neutralize","Outmaneuver+1","Riddle With Holes","Terror+1","Backflip","Blade Dance","Dodge and Roll","Malaise+1","A Thousand Cuts","Dagger Spray","PiercingWail","PiercingWail","RitualDagger+1","Deflect","Riddle With Holes","Venomology","Crippling Poison","Burst","Venomology","Die Die Die+1","Calculated Gamble+1","Deflect+1","Catalyst","Noxious Fumes","Deadly Poison","Corpse Explosion","Bouncing Flask"],"relics":["Runic Pyramid","Regal Pillow","Oddly Smooth Stone","Strawberry","Girya","Ectoplasm","Happy Flower","Art of War","Bag of Preparation","Astrolabe","Paper Crane","Bag of Marbles","Bronze Scales","Red Mask"],"acts_visited":["Exordium","TheCity","TheBeyond"],"potions_floor_usage":[35,35,35,36,36,36,38,38,39,39,39,39,39,40,40,42,42,45,46,46,48,48,48,48,50,50,50,51],"damage_taken":[{"damage":7.0,"enemies":"Jaw Worm","floor":1.0,"turns":5.0},{"damage":0.0,"enemies":"2 Louse","floor":3.0,"turns":3.0},{"damage":0.0,"enemies":"Cultist","floor":4.0,"turns":4.0},{"damage":5.0,"enemies":"Lagavulin","floor":11.0,"turns":6.0},{"damage":8.0,"enemies":"Exordium Wildlife","floor":13.0,"turns":3.0},{"damage":0.0,"enemies":"Large Slime","floor":14.0,"turns":5.0},{"damage":7.0,"enemies":"The Guardian","floor":16.0,"turns":10.0},{"damage":11.0,"enemies":"Shell Parasite","floor":18.0,"turns":5.0},{"damage":7.0,"enemies":"2 Thieves","floor":19.0,"turns":3.0},{"damage":12.0,"enemies":"Gremlin Leader","floor":23.0,"turns":5.0},{"damage":0.0,"enemies":"Cultist and Chosen","floor":25.0,"turns":7.0},{"damage":0.0,"enemies":"3 Cultists","floor":29.0,"turns":5.0},{"damage":6.0,"enemies":"Slavers","floor":30.0,"turns":5.0},{"damage":0.0,"enemies":"Sentry and Sphere","floor":31.0,"turns":3.0},{"damage":16.0,"enemies":"Automaton","floor":33.0,"turns":10.0},{"damage":0,"enemies":"3 Shapes","floor":35,"turns":7},{"damage":0,"enemies":"Orb Walker","floor":36,"turns":4},{"damage":0,"enemies":"Jaw Worm Horde","floor":38,"turns":4},{"damage":4,"enemies":"4 Shapes","floor":39,"turns":7},{"damage":11,"enemies":"Nemesis","floor":40,"turns":5},{"damage":18,"enemies":"Giant Head","floor":42,"turns":8},{"damage":24,"enemies":"Transient","floor":45,"turns":6},{"damage":15,"enemies":"Reptomancer","floor":46,"turns":3},{"damage":0,"enemies":"Maw","floor":48,"turns":7},{"damage":11,"enemies":"Time Eater","floor":50,"turns":7},{"damage":58,"enemies":"Awakened One","floor":51,"turns":8}],"seed_played":"1938307808671452010","potions_obtained":[{"floor":3.0,"key":"Explosive Potion"},{"floor":11.0,"key":"SpeedPotion"},{"floor":13.0,"key":"PowerPotion"},{"floor":18.0,"key":"DuplicationPotion"},{"floor":31.0,"key":"LiquidMemories"},{"floor":46,"key":"Block Potion"}],"is_trial":false,"path_per_floor":["M","?","M","M","?","R","?","?","T","R","E","R","M","M","R","B",null,"M","M","$","?","$","E","R","M","T","R","?","M","E","M","R","B",null,"M","M","$","M","M","E","R","E","T","R","M","E","?","M","R","B","B"],"character_chosen":"THE_SILENT","items_purchased":["PiercingWail","FearPotion"],"campfire_rested":3,"item_purchase_floors":[20,22],"current_hp_per_floor":[52,52,52,52,52,52,34,34,41,41,36,36,28,28,28,21,60,49,42,42,36,36,24,24,24,24,60,60,60,54,54,54,38,64,64,64,64,64,60,49,49,31,31,67,43,28,28,28,64,53,0,0],"gold":0,"neow_bonus":"BOSS_RELIC","is_daily":false,"chose_seed":false,"campfire_upgraded":3,"win_rate":0.0,"timestamp":1608026517,"path_taken":["M","?","M","M","?","R","?","?","T","R","E","R","M","M","R","BOSS","M","M","?","?","$","E","R","M","T","R","?","M","E","?","R","BOSS","M","M","$","M","M","E","R","E","T","R","M","E","?","M","R","BOSS","BOSS"],"items_purchased_type":["Card","Potion"],"build_version":"2020-12-13","purchased_purges":1,"victory":false,"max_hp_per_floor":[66,66,66,66,66,66,66,66,73,73,73,73,73,73,73,73,73,73,73,73,73,73,73,73,73,73,73,73,73,73,73,73,73,73,73,73,73,73,73,73,73,73,73,73,73,73,73,73,73,73,73,73],"card_choices":[{"not_picked":["Acrobatics","Cloak And Dagger"],"picked":"Outmaneuver","floor":1.0},{"not_picked":["Concentrate","Expertise"],"picked":"Riddle With Holes","floor":3.0},{"not_picked":["Backflip","Well Laid Plans"],"picked":"Terror","floor":4.0},{"not_picked":["Caltrops","Bane"],"picked":"Blade Dance","floor":11.0},{"not_picked":["Catalyst","Flying Knee"],"picked":"Dodge and Roll","floor":13.0},{"not_picked":["Deflect","Deadly Poison"],"picked":"Malaise","floor":14.0},{"not_picked":["Storm of Steel","Envenom"],"picked":"A Thousand Cuts","floor":16.0},{"not_picked":["Dagger Spray","Poisoned Stab","Dagger Throw"],"picked":"SKIP","floor":18.0},{"not_picked":["Poisoned Stab","Dagger Throw"],"picked":"Dagger Spray","floor":18.0},{"not_picked":["Crippling Poison","Eviscerate"],"picked":"PiercingWail","floor":19.0},{"not_picked":["Choke","Bane"],"picked":"Deflect","floor":23.0},{"not_picked":["Sucker Punch","Dodge and Roll"],"picked":"Riddle With Holes","floor":25.0},{"not_picked":["PiercingWail","All Out Attack"],"picked":"Venomology","floor":29.0},{"not_picked":["Dash","Prepared"],"picked":"Crippling Poison","floor":30.0},{"not_picked":["Underhanded Strike","Flying Knee"],"picked":"Burst","floor":31.0},{"not_picked":["Die Die Die","Envenom"],"picked":"Venomology","floor":33.0},{"not_picked":["Prepared","Underhanded Strike+1"],"picked":"Catalyst","floor":35},{"not_picked":["Poisoned Stab","Deadly Poison"],"picked":"Noxious Fumes","floor":36},{"not_picked":["Acrobatics","Backflip","Blade Dance"],"picked":"SKIP","floor":38},{"not_picked":["All Out Attack+1","Blade Dance","Infinite Blades+1"],"picked":"SKIP","floor":39},{"not_picked":["Masterful Stab","Accuracy","Grand Finale"],"picked":"SKIP","floor":40},{"not_picked":["Backstab","Flying Knee","Accuracy"],"picked":"SKIP","floor":42},{"not_picked":["Slice","Blade Dance+1"],"picked":"Deadly Poison","floor":45},{"not_picked":["Choke+1","Slice"],"picked":"Corpse Explosion","floor":46},{"not_picked":["Backflip+1","Acrobatics"],"picked":"Bouncing Flask","floor":48}],"player_experience":5164582,"relics_obtained":[{"floor":9.0,"key":"Strawberry"},{"floor":11.0,"key":"Girya"},{"floor":23.0,"key":"Happy Flower"},{"floor":26.0,"key":"Art of War"},{"floor":30.0,"key":"Bag of Preparation"},{"floor":40,"key":"Paper Crane"},{"floor":42,"key":"Bag of Marbles"},{"floor":46,"key":"Bronze Scales"}],"event_choices":[{"cards_removed":["Defend_G"],"damage_healed":0.0,"max_hp_gain":0.0,"max_hp_loss":0.0,"gold_gain":0.0,"event_name":"Living Wall","player_choice":"Forget","floor":2.0,"gold_loss":0.0,"damage_taken":0.0},{"damage_healed":0.0,"max_hp_gain":0.0,"max_hp_loss":0.0,"gold_gain":0.0,"event_name":"Big Fish","player_choice":"Box","floor":5.0,"gold_loss":0.0,"damage_taken":0.0,"relics_obtained":["Regal Pillow"],"cards_obtained":["Regret"]},{"damage_healed":0.0,"max_hp_gain":0.0,"max_hp_loss":0.0,"gold_gain":0.0,"event_name":"betterThird:BetterScrap","player_choice":"Relic ","floor":7.0,"gold_loss":0.0,"damage_taken":18.0,"cards_obtained":["Double Energy"]},{"damage_healed":0.0,"max_hp_gain":0.0,"max_hp_loss":0.0,"gold_gain":0.0,"cards_transformed":["Defend_G"],"event_name":"Transmorgrifier","player_choice":"Transformed","floor":8.0,"gold_loss":0.0,"damage_taken":0.0,"cards_obtained":["Backflip"]},{"damage_healed":0.0,"max_hp_gain":0.0,"max_hp_loss":0.0,"gold_gain":0.0,"event_name":"betterThird:BetterNest","player_choice":"Dagger","floor":21.0,"gold_loss":0.0,"damage_taken":6.0,"cards_obtained":["RitualDagger"]},{"damage_healed":0.0,"max_hp_gain":0.0,"max_hp_loss":0.0,"gold_gain":0.0,"event_name":"Upgrade Shrine","player_choice":"Upgraded","floor":28.0,"gold_loss":0.0,"damage_taken":0.0,"cards_upgraded":["RitualDagger"]},{"damage_healed":0,"gold_gain":0,"player_choice":"Paid","damage_taken":0,"relics_obtained":["Red Mask"],"max_hp_gain":0,"max_hp_loss":0,"event_name":"Tomb of Lord Red Mask","floor":47,"gold_loss":43}],"is_beta":false,"boss_relics":[{"not_picked":["SacredBark","HoveringKite"],"picked":"Ectoplasm"},{"not_picked":["Snecko Eye","Calling Bell"],"picked":"Astrolabe"}],"items_purged_floors":[20],"is_endless":false,"potions_floor_spawned":[3,11,13,18,23,31,33,36,39,46,48],"killed_by":"Awakened One","ascension_level":20}}