{"host":"zksvs3x2ysy9npnz","time":1608042931,"event":{"mods":["Aspiration","BaseMod","Beaked The Cultist","BetterRewards","Clockwork Mod","Colored Map","Conspire","Duelist Mod","Ekko","Halation","Highlight Path","Hubris","Hunter ??","Infinite Spire","Jedi Mod","JesterMod","Minty Spire (QoL Compilation)","Permanent Neow","Quick Restart","Relic Stats","Replay The Spire","Retaliation","Shade Mod","Shop Mod","StSLib"],"gold_per_floor":[112,37,37,37,48,48,75,75,75,94,114,133,149,163,163,263,313,333,293,293,307,336,336,354,382,406,9,27,45,75,88,88,194,194,227,260,260,284,284,328,364,418,418,418,418,418,464,508,508,508],"floor_reached":51,"playtime":4012,"items_purged":["Shade:Strike_Shade","Shade:Defend_Shade","Shade:Strike_Shade"],"score":949,"play_id":"06710933-1d08-43cb-98c3-dd8131c113d4","local_time":"20201215153531","is_ascension_mode":false,"campfire_choices":[{"data":"Shade:CommandSoldier","floor":8,"key":"SMITH"},{"floor":15,"key":"DIG"},{"data":"Shade:Brains","floor":23,"key":"SMITH"},{"data":"Shade:AuraOfUnlife","floor":32,"key":"SMITH"},{"data":"Apotheosis","floor":44,"key":"SMITH"},{"data":"Shade:OpenGraves","floor":49,"key":"SMITH"}],"circlet_count":0,"master_deck":["Shade:Strike_Shade+1","Shade:Strike_Shade","Shade:Defend_Shade","Shade:Defend_Shade+1","Shade:Defend_Shade","Shade:AnimateDead+1","Shade:CarefulCut","Shade:CommandSoldier+1","Shade:Bite_Shade","Shade:GraveStillness","Shade:Asphyxiate+1","Shade:FuneraryJewels","Shade:Brains+1","Shade:GraveStillness","Shade:SkeletonHug","Shade:OpenGraves+1","Shade:FuneraryArmor+1","Shade:Bite_Shade","Shade:AuraOfUnlife+1","Shade:AblativeArmor","Shade:Putrefaction","infinitespire:Starlight","Shade:Patience","Apotheosis+1","Good Instincts","Specialist","Shade:AuraOfUnlife+1"],"relics":["Shade:YorickSkull","NeowsBlessing","White Beast Statue","ReplayTheSpireMod:Shallot","Question Card","Happy Flower","Tiny House","aspiration:FetidBarrel","Red Mask","Molten Egg 2","jedi:crownofsimplicity","Nunchaku","Chameleon Ring","Orichalcum","infinitespire:EvilPickle","beaked:SacredDeck","Bag of Preparation","ReplayTheSpireMod:ShopPack","hubris:Potato","Blood Vial","jedi:shrinkray","Anchor","conspire:Dentures","hubris:Towel","Boot"],"acts_visited":["Exordium","TheCity","TheBeyond"],"potions_floor_usage":[14,16,22,22,30,30,30,30],"damage_taken":[{"damage":0,"enemies":"Jaw Worm","floor":1,"turns":1},{"damage":0,"enemies":"2 Louse","floor":5,"turns":1},{"damage":0,"enemies":"3 Sentries","floor":7,"turns":1},{"damage":0,"enemies":"Cultist","floor":10,"turns":3},{"damage":0,"enemies":"3 Louse","floor":11,"turns":5},{"damage":2,"enemies":"Exordium Thugs","floor":12,"turns":4},{"damage":0,"enemies":"Looter","floor":13,"turns":3},{"damage":0,"enemies":"Exordium Wildlife","floor":14,"turns":4},{"damage":2,"enemies":"The Guardian","floor":16,"turns":11},{"damage":0,"enemies":"Shell Parasite","floor":18,"turns":6},{"damage":6,"enemies":"Spheric Guardian","floor":21,"turns":4},{"damage":51,"enemies":"Masked Bandits","floor":22,"turns":7},{"damage":0,"enemies":"Centurion and Healer","floor":24,"turns":9},{"damage":0,"enemies":"Replay:Snechameleon","floor":25,"turns":7},{"damage":0,"enemies":"Snake Plant","floor":28,"turns":3},{"damage":0,"enemies":"Shelled Parasite and Fungi","floor":29,"turns":6},{"damage":0,"enemies":"Slavers","floor":30,"turns":4},{"damage":0,"enemies":"Snecko","floor":31,"turns":4},{"damage":23,"enemies":"Pondfish","floor":33,"turns":12},{"damage":0,"enemies":"Orb Walker","floor":35,"turns":4},{"damage":3,"enemies":"3 Darklings","floor":36,"turns":7},{"damage":0,"enemies":"Giant Head","floor":40,"turns":9},{"damage":0,"enemies":"Sphere and 2 Shapes","floor":41,"turns":5},{"damage":4,"enemies":"Reptomancer","floor":42,"turns":6},{"damage":0,"enemies":"Spire Growth","floor":48,"turns":5},{"damage":4,"enemies":"Replay:Hell Engine","floor":50,"turns":14}],"seed_played":"-7582191439258249292","potions_obtained":[{"floor":1,"key":"GamblersBrew"},{"floor":5,"key":"AttackPotion"},{"floor":7,"key":"SkillPotion"},{"floor":14,"key":"Ancient Potion"},{"floor":16,"key":"SpeedPotion"},{"floor":22,"key":"EntropicBrew"},{"floor":24,"key":"BlessingOfTheForge"},{"floor":28,"key":"Adrenaline Potion"},{"floor":30,"key":"Venom Potion"},{"floor":35,"key":"jedi:mysterypotion"}],"is_trial":false,"path_per_floor":["M","$","?","?","M","$","E","R","T","M","M","M","M","M","R_BF","B",null,"M","?","AVR","M","?","R","M","E","T","$","M","M","E","M","R","B",null,"M","M","AVR","T","$","E","M","E","T","R","?","?","T","M","R","B",null],"character_chosen":"SHADE","items_purchased":["Nunchaku","Chameleon Ring","ReplayTheSpireMod:ShopPack","hubris:Potato","Blood Vial"],"campfire_rested":0,"item_purchase_floors":[27,27,39,39,39],"current_hp_per_floor":[65,65,58,58,58,58,60,60,60,64,65,63,65,65,65,63,70,70,70,70,66,19,19,23,29,29,29,29,37,37,39,39,22,70,70,70,70,70,32,55,70,69,69,69,69,69,69,70,70,70],"gold":508,"neow_bonus":"THREE_ENEMY_KILL","is_daily":false,"chose_seed":false,"campfire_upgraded":5,"win_rate":0.0,"timestamp":1608042931,"path_taken":["M","$","?","?","M","$","E","R","T","M","M","?","M","M","R_BF","BOSS","M","?","AVR","?","?","R","M","E","T","?","M","?","E","M","R","BOSS","M","?","AVR","?","?","E","M","E","T","R","?","?","?","M","R","BOSS"],"items_purchased_type":["Relic","Relic","Relic","Relic","Relic"],"build_version":"2020-12-13","purchased_purges":3,"victory":true,"max_hp_per_floor":[65,65,65,65,65,65,65,65,65,65,65,65,65,65,65,65,70,70,70,70,70,70,70,70,70,70,70,70,70,70,70,70,70,70,70,70,70,70,70,70,70,70,70,70,70,70,70,70,70,70],"relic_stats":{"Blood Vial":5,"Nunchaku":[9],"Happy Flower":[41],"counters":[26,145],"Bag of Preparation":[10],"Orichalcum":[90],"Question Card":43,"Boot":[0],"obtain_stats":[{"Tiny House":17,"Shade:YorickSkull":0,"Bag of Preparation":37,"Boot":47,"jedi:shrinkray":40,"Blood Vial":39,"Nunchaku":27,"Chameleon Ring":27,"beaked:SacredDeck":34,"Red Mask":22,"conspire:Dentures":43,"NeowsBlessing":0,"Happy Flower":15,"aspiration:FetidBarrel":20,"jedi:crownofsimplicity":26,"Orichalcum":30,"hubris:Towel":45,"Question Card":9,"White Beast Statue":3,"infinitespire:EvilPickle":33,"Anchor":42,"ReplayTheSpireMod:Shallot":7,"Molten Egg 2":25,"hubris:Potato":39,"ReplayTheSpireMod:ShopPack":39},{"Tiny House":9,"Shade:YorickSkull":0,"Bag of Preparation":21,"Boot":24,"jedi:shrinkray":22,"Blood Vial":21,"Nunchaku":14,"Chameleon Ring":14,"beaked:SacredDeck":19,"Red Mask":12,"conspire:Dentures":24,"NeowsBlessing":0,"Happy Flower":8,"aspiration:FetidBarrel":10,"jedi:crownofsimplicity":14,"Orichalcum":17,"hubris:Towel":24,"Question Card":3,"White Beast Statue":1,"infinitespire:EvilPickle":19,"Anchor":24,"ReplayTheSpireMod:Shallot":3,"Molten Egg 2":14,"hubris:Potato":21,"ReplayTheSpireMod:ShopPack":21},{"Tiny House":33,"Shade:YorickSkull":0,"Bag of Preparation":106,"Boot":126,"jedi:shrinkray":115,"Blood Vial":106,"Nunchaku":66,"Chameleon Ring":66,"beaked:SacredDeck":95,"Red Mask":50,"conspire:Dentures":126,"NeowsBlessing":0,"Happy Flower":22,"aspiration:FetidBarrel":39,"jedi:crownofsimplicity":66,"Orichalcum":79,"hubris:Towel":126,"Question Card":3,"White Beast Statue":1,"infinitespire:EvilPickle":95,"Anchor":126,"ReplayTheSpireMod:Shallot":3,"Molten Egg 2":66,"hubris:Potato":106,"ReplayTheSpireMod:ShopPack":106}]},"card_choices":[{"not_picked":["Shade:FuneraryArmor","Shade:Brains"],"picked":"Shade:CommandSoldier","floor":1},{"not_picked":["Shade:FreshBones","Shade:BoneShards"],"picked":"Shade:Bite_Shade","floor":5},{"not_picked":["Shade:CoffinDance","Shade:TouchOfTheGrave"],"picked":"Shade:GraveStillness","floor":7},{"not_picked":["Shade:FleshToFlesh","Shade:SoulPierce","Shade:GreyBargain","Shade:BoneShards"],"picked":"SKIP","floor":10},{"not_picked":["Shade:FleshToFlesh","Shade:SoulPierce","Shade:GreyBargain","Shade:BoneShards"],"picked":"SKIP","floor":10},{"not_picked":["Shade:SpontaneousRitual","Shade:GreyBargain","Shade:Bonestorm"],"picked":"Shade:Asphyxiate","floor":11},{"not_picked":["Shade:GraveStillness","Shade:PotionOfRestlessness","Shade:Haruspicy"],"picked":"Shade:FuneraryJewels","floor":12},{"not_picked":["Shade:Premonition","Shade:GoDigging","Shade:TouchOfTheGrave","Shade:GraveStillness"],"picked":"SKIP","floor":13},{"not_picked":["Shade:FuneraryArmor","Shade:SpontaneousRitual","Shade:BoneShards"],"picked":"Shade:Brains","floor":14},{"not_picked":["Shade:FreshBones","Shade:GoDigging","Shade:ScuttlingHand"],"picked":"Shade:GraveStillness","floor":17},{"not_picked":["Shade:Premonition+1","Shade:CallWraith","Shade:Trample"],"picked":"Shade:SkeletonHug","floor":18},{"not_picked":["Shade:GreyBargain","Shade:WallOfFlesh","Shade:GraveStillness"],"picked":"Shade:OpenGraves","floor":21},{"not_picked":["Shade:Brains","Shade:DangerousRitual","Shade:SkeletonArmy"],"picked":"Shade:FuneraryArmor+1","floor":22},{"not_picked":["Shade:OneIsEnough","Shade:Trample","Shade:WallOfFlesh"],"picked":"Shade:Bite_Shade","floor":24},{"not_picked":["Shade:Tombstone+1","Shade:RitualOffering","Shade:ExtraLimbs+1","Shade:CommandSoldier"],"picked":"SKIP","floor":25},{"not_picked":["Shade:Frenzy","Shade:BoneShards+1","Shade:FleshToFlesh"],"picked":"Shade:AuraOfUnlife","floor":28},{"not_picked":["Shade:FeralStrike+1","Shade:FreshBones","Shade:FleshOffering","Shade:OneIsEnough+1"],"picked":"SKIP","floor":29},{"not_picked":["Shade:PoundOfFlesh+1","Shade:ClawBack+1","Shade:SkeletonHug+1"],"picked":"Shade:AblativeArmor","floor":30},{"not_picked":["Shade:CommandSoldier","Shade:ClawBack+1","Shade:LyeBath","Shade:FreshBones+1"],"picked":"SKIP","floor":31},{"not_picked":["Shade:LichForm","Shade:DarkOfNight","Shade:Consume+1"],"picked":"Shade:Putrefaction","floor":33},{"not_picked":["Shade:Trample+1","Shade:FreshBones+1","Shade:ExtraLimbs+1"],"picked":"Shade:Patience","floor":35},{"not_picked":["Shade:Doomsay+1","Shade:Awaken+1","Shade:GreyBargain+1","Shade:SpontaneousRitual+1"],"picked":"SKIP","floor":36},{"not_picked":["Shade:Doomsay+1","Shade:Awaken+1","Shade:GreyBargain+1","Shade:SpontaneousRitual+1"],"picked":"SKIP","floor":36},{"not_picked":["jedi:LeechingStrike","hubris:EnhanceAbility","ReplayTheSpireMod:Brewmster"],"picked":"Apotheosis","floor":39},{"not_picked":["Replay:BasicMightCard","hubris:Ssssneak","hubris:EnhanceAbility"],"picked":"Good Instincts","floor":39},{"not_picked":["Impatience","hubris:Ssssneak","ReplayTheSpireMod:Uncanny Aura"],"picked":"Specialist","floor":39},{"not_picked":["Shade:LyeBath+1","Shade:DangerousRitual+1","Shade:Excise+1","Shade:PotionOfRestlessness+1"],"picked":"SKIP","floor":40},{"not_picked":["Shade:SkeletonArmy","Shade:CallWraith","Shade:ScuttlingHand+1","Shade:Trample+1"],"picked":"SKIP","floor":41},{"not_picked":["Shade:Patience","Shade:GreyBargain","Shade:Haruspicy"],"picked":"Shade:AuraOfUnlife+1","floor":42},{"not_picked":["Shade:CoffinDance+1","Shade:SensePrey","Shade:Bite_Shade+1","Shade:LyeBath+1"],"picked":"SKIP","floor":48}],"player_experience":1488387,"relics_obtained":[{"floor":7,"key":"ReplayTheSpireMod:Shallot"},{"floor":9,"key":"Question Card"},{"floor":15,"key":"Happy Flower"},{"floor":22,"key":"Red Mask"},{"floor":25,"key":"Molten Egg 2"},{"floor":26,"key":"jedi:crownofsimplicity"},{"floor":30,"key":"Orichalcum"},{"floor":40,"key":"jedi:shrinkray"},{"floor":42,"key":"Anchor"},{"floor":43,"key":"conspire:Dentures"},{"floor":47,"key":"Boot"}],"event_choices":[{"damage_healed":0,"gold_gain":0,"player_choice":"Success","damage_taken":7,"relics_obtained":["White Beast Statue"],"max_hp_gain":0,"max_hp_loss":0,"event_name":"Scrap Ooze","floor":3,"gold_loss":0},{"damage_healed":0,"gold_gain":0,"player_choice":"Forge","damage_taken":0,"max_hp_gain":0,"max_hp_loss":0,"event_name":"Accursed Blacksmith","floor":4,"gold_loss":0,"cards_upgraded":["Shade:AnimateDead"]},{"damage_healed":0,"gold_gain":0,"player_choice":"Upgraded Two","damage_taken":0,"max_hp_gain":0,"max_hp_loss":0,"event_name":"Designer","floor":19,"gold_loss":40,"cards_upgraded":["Shade:Defend_Shade","Shade:Strike_Shade"]},{"damage_healed":0,"gold_gain":0,"player_choice":"Fought Bandits","damage_taken":0,"max_hp_gain":0,"max_hp_loss":0,"event_name":"Masked Bandits","floor":22,"gold_loss":0}],"is_beta":false,"boss_relics":[{"not_picked":["aspiration:SecretTechniqueScroll","hubris:CrackedHourglass"],"picked":"Tiny House"},{"not_picked":["Kintsugi","jedi:hotpepper"],"picked":"beaked:SacredDeck"}],"items_purged_floors":[2,20,37],"is_endless":false,"potions_floor_spawned":[1,5,7,10,11,12,13,14,16,18,21,22,24,25,28,29,30,31,33,35,36,40,41,42,48],"ascension_level":0}}