{"host":"mcdusr64esz012l0","time":1608069671,"event":{"mods":["BaseMod","Minty Spire (QoL Compilation)","Relic Stats"],"gold_per_floor":[113,123,48,48,65,65,90,107,132,132,149,182,182,201,201,280,280,298,298,213,213,85,85,115,115,115,130,145,173,191,206,206,282,282,295,295,74,94,94,129,129,129,129],"floor_reached":42,"playtime":1939,"items_purged":["Strike_P","Defend_P","Strike_P"],"score":1047,"play_id":"c4960fa6-7886-4dde-b6b1-8719dce05b0b","local_time":"20201215170111","is_ascension_mode":true,"campfire_choices":[{"data":"Wallop","floor":6,"key":"SMITH"},{"floor":13,"key":"REST"},{"data":"LikeWater","floor":15,"key":"SMITH"},{"floor":23,"key":"REST"},{"floor":25,"key":"REST"},{"floor":32,"key":"REST"},{"floor":41,"key":"REST"}],"circlet_count":0,"master_deck":["AscendersBane","Defend_P+1","Defend_P+1","Eruption","Vigilance","Consecrate","ReachHeaven","Wallop+1","Tantrum","LikeWater+1","BowlingBash","Scrawl","Adaptation","Protect","Meditate","LikeWater","ThirdEye+1","DevaForm","BowlingBash+1","Trip"],"relics":["PureWater","NeowsBlessing","Potion Belt","War Paint","Orichalcum","Fusion Hammer","Happy Flower","MealTicket","Dream Catcher","Smiling Mask","Black Star","Bronze Scales","HandDrill","Centennial Puzzle","WingedGreaves"],"acts_visited":["Exordium","TheCity","TheBeyond"],"potions_floor_usage":[12,16,16,18,30,33,35,40,40],"damage_taken":[{"damage":0,"enemies":"Cultist","floor":1,"turns":1},{"damage":0,"enemies":"Jaw Worm","floor":2,"turns":1},{"damage":0,"enemies":"2 Louse","floor":5,"turns":1},{"damage":48,"enemies":"Lagavulin","floor":7,"turns":9},{"damage":8,"enemies":"Large Slime","floor":8,"turns":4},{"damage":0,"enemies":"Blue Slaver","floor":11,"turns":3},{"damage":0,"enemies":"3 Sentries","floor":12,"turns":3},{"damage":0,"enemies":"Exordium Wildlife","floor":14,"turns":2},{"damage":0,"enemies":"Slime Boss","floor":16,"turns":2},{"damage":9,"enemies":"Shell Parasite","floor":18,"turns":6},{"damage":22,"enemies":"Gremlin Leader","floor":24,"turns":5},{"damage":5,"enemies":"Chosen","floor":27,"turns":5},{"damage":0,"enemies":"Snecko","floor":28,"turns":5},{"damage":6,"enemies":"Book of Stabbing","floor":29,"turns":5},{"damage":0,"enemies":"Cultist and Chosen","floor":30,"turns":3},{"damage":0,"enemies":"3 Cultists","floor":31,"turns":4},{"damage":7,"enemies":"Automaton","floor":33,"turns":7},{"damage":14,"enemies":"3 Shapes","floor":35,"turns":3},{"damage":16,"enemies":"Orb Walker","floor":38,"turns":6},{"damage":31,"enemies":"Nemesis","floor":40,"turns":7},{"damage":52,"enemies":"Reptomancer","floor":42,"turns":2}],"seed_played":"-845449982677278128","potions_obtained":[{"floor":7,"key":"DistilledChaos"},{"floor":8,"key":"Weak Potion"},{"floor":11,"key":"SpeedPotion"},{"floor":12,"key":"FearPotion"},{"floor":14,"key":"DistilledChaos"},{"floor":18,"key":"CultistPotion"},{"floor":27,"key":"DistilledChaos"},{"floor":28,"key":"FairyPotion"},{"floor":31,"key":"Fruit Juice"},{"floor":33,"key":"Swift Potion"},{"floor":38,"key":"Strength Potion"}],"is_trial":false,"path_per_floor":["M","M","$","?","M","R","E","M","T","?","M","E","R","M","R","B",null,"M","?","?","?","$","R","E","R","T","M","M","E","M","M","R","B",null,"M","?","$","M","?","E","R","E"],"character_chosen":"WATCHER","items_purchased":["Protect","HandDrill"],"campfire_rested":5,"item_purchase_floors":[22,37],"current_hp_per_floor":[61,61,61,61,61,61,13,5,5,5,5,5,25,25,25,25,57,48,48,48,48,48,68,46,66,66,61,61,55,55,55,68,61,66,52,52,67,51,51,25,46,0,0],"gold":129,"neow_bonus":"THREE_ENEMY_KILL","is_daily":false,"chose_seed":false,"campfire_upgraded":2,"win_rate":0.0,"timestamp":1608069671,"path_taken":["M","M","$","?","?","R","E","M","T","?","M","E","R","M","R","BOSS","M","?","?","?","?","R","E","R","T","?","M","E","M","M","R","BOSS","M","?","$","?","?","E","R","E"],"items_purchased_type":["Card","Relic"],"build_version":"2020-12-13","purchased_purges":3,"victory":false,"max_hp_per_floor":[68,68,68,68,68,68,68,68,68,68,68,68,68,68,68,68,68,68,68,68,68,68,68,68,68,68,68,68,68,68,68,68,68,68,68,68,68,68,68,73,73,73,73],"relic_stats":{"Dream Catcher":2,"Centennial Puzzle":[3],"Happy Flower":[17],"counters":[21,84],"Bronze Scales":[37],"MealTicket":15,"Black Star":1,"HandDrill":[0],"War Paint":["Defend_P","Defend_P"],"Orichalcum":[60],"Smiling Mask":75,"obtain_stats":[{"Potion Belt":7,"NeowsBlessing":0,"Happy Flower":20,"War Paint":9,"Orichalcum":12,"Smiling Mask":29,"Dream Catcher":26,"Centennial Puzzle":40,"Bronze Scales":36,"MealTicket":24,"Fusion Hammer":17,"WingedGreaves":40,"Black Star":34,"HandDrill":37,"PureWater":0},{"Potion Belt":4,"NeowsBlessing":0,"Happy Flower":10,"War Paint":5,"Orichalcum":7,"Smiling Mask":14,"Dream Catcher":11,"Centennial Puzzle":20,"Bronze Scales":18,"MealTicket":11,"Fusion Hammer":9,"WingedGreaves":20,"Black Star":17,"HandDrill":18,"PureWater":0},{"Potion Belt":12,"NeowsBlessing":0,"Happy Flower":32,"War Paint":16,"Orichalcum":22,"Smiling Mask":52,"Dream Catcher":37,"Centennial Puzzle":82,"Bronze Scales":69,"MealTicket":37,"Fusion Hammer":26,"WingedGreaves":82,"Black Star":66,"HandDrill":69,"PureWater":0}]},"card_choices":[{"not_picked":["Halt","Wireheading"],"picked":"Consecrate","floor":1},{"not_picked":["DeceiveReality","Meditate"],"picked":"ReachHeaven","floor":2},{"not_picked":["SandsOfTime","FollowUp"],"picked":"Wallop","floor":5},{"not_picked":["EmptyBody","Evaluate","SashWhip"],"picked":"SKIP","floor":7},{"not_picked":["Consecrate","Halt","ClearTheMind"],"picked":"SKIP","floor":8},{"not_picked":["Nirvana","FlurryOfBlows"],"picked":"Tantrum","floor":11},{"not_picked":["Consecrate","FlyingSleeves"],"picked":"LikeWater","floor":12},{"not_picked":["Crescendo","EmptyBody"],"picked":"BowlingBash","floor":14},{"not_picked":["DeusExMachina","Brilliance"],"picked":"Scrawl","floor":16},{"not_picked":["Evaluate","Protect"],"picked":"Adaptation","floor":18},{"not_picked":["PathToVictory","SashWhip"],"picked":"Meditate","floor":24},{"not_picked":["ClearTheMind","EmptyFist","SandsOfTime+1"],"picked":"SKIP","floor":27},{"not_picked":["CutThroughFate","CrushJoints","ClearTheMind"],"picked":"SKIP","floor":28},{"not_picked":["Study","Judgement"],"picked":"LikeWater","floor":29},{"not_picked":["Adaptation","Evaluate","FollowUp"],"picked":"SKIP","floor":30},{"not_picked":["SashWhip","ClearTheMind"],"picked":"ThirdEye+1","floor":31},{"not_picked":["Establishment","Devotion"],"picked":"DevaForm","floor":33},{"not_picked":["EmptyBody","CrushJoints","Protect"],"picked":"SKIP","floor":35},{"not_picked":["SashWhip","FlyingSleeves"],"picked":"BowlingBash+1","floor":38},{"not_picked":["Metamorphosis","Impatience"],"picked":"Trip","floor":39},{"not_picked":["Consecrate+1","Perseverance","FlyingSleeves"],"picked":"SKIP","floor":40}],"player_experience":986032,"relics_obtained":[{"floor":7,"key":"Potion Belt"},{"floor":9,"key":"War Paint"},{"floor":12,"key":"Orichalcum"},{"floor":24,"key":"MealTicket"},{"floor":26,"key":"Dream Catcher"},{"floor":29,"key":"Smiling Mask"},{"floor":40,"key":"Centennial Puzzle"},{"floor":40,"key":"WingedGreaves"}],"event_choices":[{"cards_removed":["Strike_P"],"damage_healed":0,"gold_gain":0,"player_choice":"Offered Basic","damage_taken":0,"max_hp_gain":0,"max_hp_loss":0,"event_name":"Bonfire Elementals","floor":4,"gold_loss":0},{"cards_removed":["Defend_P"],"damage_healed":0,"gold_gain":0,"player_choice":"Forget","damage_taken":0,"max_hp_gain":0,"max_hp_loss":0,"event_name":"Living Wall","floor":10,"gold_loss":0},{"cards_removed":["Strike_P"],"damage_healed":0,"gold_gain":0,"player_choice":"Elegance","damage_taken":0,"max_hp_gain":0,"max_hp_loss":0,"event_name":"Back to Basics","floor":19,"gold_loss":0},{"damage_healed":0,"gold_gain":0,"player_choice":"Obtained Relic","damage_taken":0,"relics_obtained":["Happy Flower"],"max_hp_gain":0,"max_hp_loss":0,"event_name":"Addict","floor":20,"gold_loss":85},{"damage_healed":0,"gold_gain":0,"player_choice":"Ignored","damage_taken":0,"max_hp_gain":0,"max_hp_loss":0,"event_name":"The Mausoleum","floor":21,"gold_loss":0},{"damage_healed":0,"gold_gain":0,"player_choice":"Gave Potion","damage_taken":0,"relics_obtained":["Bronze Scales"],"max_hp_gain":0,"max_hp_loss":0,"event_name":"WeMeetAgain","floor":36,"gold_loss":0},{"damage_healed":0,"gold_gain":0,"player_choice":"Memory 1","damage_taken":0,"max_hp_gain":0,"max_hp_loss":0,"event_name":"SensoryStone","floor":39,"gold_loss":0}],"is_beta":false,"boss_relics":[{"not_picked":["Runic Dome","Ectoplasm"],"picked":"Fusion Hammer"},{"not_picked":["HolyWater","Empty Cage"],"picked":"Black Star"}],"items_purged_floors":[3,22,37],"is_endless":false,"potions_floor_spawned":[7,8,11,12,14,18,27,28,31,33,38],"killed_by":"Reptomancer","ascension_level":18}}