{"host":"h0xw20cia6ppa69g","time":1608017870,"event":{"mods":["AchievementEnabler","BaseMod","Colored Map","Googly Eyes","Minty Spire (QoL Compilation)","Relic Stats","StSLib","The Awakened One except there are too many feathers","everything is the same but u backflip on backflip"],"gold_per_floor":[17,37,47,47,61,61,61],"floor_reached":6,"playtime":289,"items_purged":[],"score":40,"play_id":"608dd0d3-6934-4590-8d91-70e7f1737bf4","local_time":"20201215013750","is_ascension_mode":true,"campfire_choices":[],"circlet_count":0,"master_deck":["Strike_B","Strike_B","Strike_B","Defend_B","Defend_B","Defend_B","Defend_B","Zap","Dualcast","Machine Learning","Streamline","Cold Snap","Skim","Blizzard"],"relics":["Cracked Core"],"acts_visited":["Exordium"],"potions_floor_usage":[6],"damage_taken":[{"damage":7.0,"enemies":"Small Slimes","floor":1.0,"turns":3.0},{"damage":0,"enemies":"2 Louse","floor":2,"turns":2},{"damage":1,"enemies":"Cultist","floor":3,"turns":3},{"damage":28,"enemies":"Gremlin Gang","floor":5,"turns":5},{"damage":35,"enemies":"3 Sentries","floor":6,"turns":6}],"seed_played":"637854089525936054","potions_obtained":[{"floor":3,"key":"Strength Potion"},{"floor":5,"key":"Ancient Potion"}],"is_trial":false,"path_per_floor":["M","M","M","?","M","E"],"character_chosen":"DEFECT","items_purchased":[],"campfire_rested":0,"item_purchase_floors":[],"current_hp_per_floor":[68,68,67,60,32,0,0],"gold":61,"neow_bonus":"THREE_RARE_CARDS","is_daily":false,"chose_seed":false,"campfire_upgraded":0,"win_rate":0.0,"timestamp":1608017870,"path_taken":["M","M","M","?","M","E"],"items_purchased_type":[],"build_version":"2020-12-13","purchased_purges":0,"victory":false,"max_hp_per_floor":[75,75,75,75,75,75,75],"relic_stats":{"counters":[5,19],"obtain_stats":[{"Cracked Core":0},{"Cracked Core":0},{"Cracked Core":0}]},"card_choices":[{"not_picked":["Rainbow","Seek"],"picked":"Machine Learning","floor":0.0},{"not_picked":["Leap","Genetic Algorithm"],"picked":"Streamline","floor":1},{"not_picked":["Streamline","Redo"],"picked":"Cold Snap","floor":2},{"not_picked":["Steam","Auto Shields"],"picked":"Skim","floor":3},{"not_picked":["Beam Cell","Storm"],"picked":"Blizzard","floor":5}],"player_experience":3508884,"relics_obtained":[],"event_choices":[{"cards_removed":["Strike_B"],"damage_healed":0,"gold_gain":0,"player_choice":"Card Removal","damage_taken":7,"max_hp_gain":0,"max_hp_loss":0,"event_name":"Golden Wing","floor":4,"gold_loss":0}],"is_beta":false,"boss_relics":[],"items_purged_floors":[],"is_endless":false,"potions_floor_spawned":[3,5],"killed_by":"3 Sentries","ascension_level":1}}