{"host":"28p8ce41sjwa6lzf","time":1608060161,"event":{"mods":["BaseMod","Colored Map","Colored Powertips","Highlight Path","Minty Spire (QoL Compilation)","Permanent Neow","Quick Restart","Random Character Button","Rare Cards Sparkle","Relic Stats","StSLib","Unceasing Turn Reminder"],"gold_per_floor":[113,113,38,38,56,56,90,103,173,183,183,183,183,196,196,292,292,316,198,123,148,171,171,204,204,204,238,306,320,320,355,355,428,428,443,443,454,434,108,137,162,162,187,187,202,229,229,259,259,259,259,259,259,8,43,43],"floor_reached":57,"playtime":6718,"items_purged":["Strike_R","Cleave"],"score":2838,"play_id":"314edb55-6175-4692-8acf-9f776ced0777","local_time":"20201215132241","is_ascension_mode":true,"campfire_choices":[{"data":"Carnage","floor":6.0,"key":"SMITH"},{"data":"Demon Form","floor":13.0,"key":"SMITH"},{"data":"Infernal Blade","floor":15.0,"key":"SMITH"},{"data":"Feel No Pain","floor":23.0,"key":"SMITH"},{"data":"Spot Weakness","floor":25.0,"key":"SMITH"},{"floor":32.0,"key":"REST"},{"data":"True Grit","floor":42.0,"key":"SMITH"},{"data":"Juggernaut","floor":44.0,"key":"SMITH"},{"floor":47.0,"key":"RECALL"},{"data":"Burning Pact","floor":49.0,"key":"SMITH"},{"floor":53.0,"key":"REST"}],"circlet_count":0,"master_deck":["AscendersBane","Defend_R","Defend_R","Defend_R","Bash","Carnage+1","Clothesline","Demon Form+1","Infernal Blade+1","Dark Embrace","Sword Boomerang","Feed","Shrug It Off","Feel No Pain","Juggernaut+1","Corruption","Feel No Pain+1","Second Wind","Spot Weakness+1","Rage","Burning Pact+1","Sword Boomerang+1","Bludgeon","Armaments+1","True Grit+1","Dodge and Roll","Well Laid Plans+1","Seeing Red","Leap+1"],"relics":["Burning Blood","Tiny Chest","Bloody Idol","Snecko Eye","Bottled Tornado","Ornamental Fan","Pantograph","Letter Opener","Darkstone Periapt","Mark of Pain","PrismaticShard","Vajra","Potion Belt","Smiling Mask","InkBottle","Anchor","Pear"],"acts_visited":["Exordium","TheCity","TheBeyond","TheEnding"],"potions_floor_usage":[56],"damage_taken":[{"damage":9.0,"enemies":"2 Louse","floor":1.0,"turns":2.0},{"damage":24.0,"enemies":"Jaw Worm","floor":5.0,"turns":4.0},{"damage":37.0,"enemies":"Gremlin Nob","floor":7.0,"turns":5.0},{"damage":0.0,"enemies":"Small Slimes","floor":8.0,"turns":2.0},{"damage":8.0,"enemies":"3 Louse","floor":10.0,"turns":3.0},{"damage":10.0,"enemies":"Exordium Thugs","floor":14.0,"turns":4.0},{"damage":33.0,"enemies":"Hexaghost","floor":16.0,"turns":7.0},{"damage":13.0,"enemies":"3 Byrds","floor":18.0,"turns":4.0},{"damage":7.0,"enemies":"Spheric Guardian","floor":21.0,"turns":4.0},{"damage":2.0,"enemies":"Snecko","floor":22.0,"turns":5.0},{"damage":25.0,"enemies":"Gremlin Leader","floor":24.0,"turns":4.0},{"damage":29.0,"enemies":"Slavers","floor":27.0,"turns":5.0},{"damage":2.0,"enemies":"Cultist and Chosen","floor":29.0,"turns":4.0},{"damage":21.0,"enemies":"Book of Stabbing","floor":31.0,"turns":4.0},{"damage":11.0,"enemies":"Champ","floor":33.0,"turns":7.0},{"damage":0.0,"enemies":"Orb Walker","floor":35.0,"turns":2.0},{"damage":1.0,"enemies":"3 Darklings","floor":37.0,"turns":3.0},{"damage":0.0,"enemies":"Giant Head","floor":40.0,"turns":5.0},{"damage":22.0,"enemies":"Spire Growth","floor":45.0,"turns":4.0},{"damage":0.0,"enemies":"Reptomancer","floor":46.0,"turns":4.0},{"damage":13.0,"enemies":"Nemesis","floor":48.0,"turns":5.0},{"damage":3.0,"enemies":"Donu and Deca","floor":50.0,"turns":7.0},{"damage":118.0,"enemies":"Awakened One","floor":51.0,"turns":8.0},{"damage":31,"enemies":"Shield and Spear","floor":55,"turns":5},{"damage":56,"enemies":"The Heart","floor":56,"turns":7}],"seed_played":"-4157943244282336145","potions_obtained":[{"floor":1.0,"key":"Swift Potion"},{"floor":8.0,"key":"FearPotion"},{"floor":14.0,"key":"EssenceOfSteel"},{"floor":24.0,"key":"Energy Potion"},{"floor":27.0,"key":"SteroidPotion"},{"floor":29.0,"key":"LiquidBronze"},{"floor":35.0,"key":"GamblersBrew"},{"floor":38.0,"key":"Fruit Juice"},{"floor":40.0,"key":"Explosive Potion"},{"floor":46.0,"key":"Fire Potion"}],"is_trial":false,"path_per_floor":["M","?","?","?","M","R","E","M","T","M","?","?","R","M","R","B",null,"M","$","?","M","M","R","E","R","T","E","T","M","?","E","R","B",null,"M","?","M","?","$","E","T","R","T","R","M","E","R","E","R","B","B",null,"R","$","E","B",null],"character_chosen":"IRONCLAD","items_purchased":["Feel No Pain","PrismaticShard","True Grit","DuplicationPotion","Seeing Red","LiquidMemories"],"campfire_rested":2,"item_purchase_floors":[19,39,39,54,54,54],"current_hp_per_floor":[65,70,70,70,52,52,21,27,27,25,25,82,82,78,78,51,74,70,70,70,72,79,79,60,60,60,40,40,47,47,37,66,94,99,103,103,106,106,106,115,115,115,115,115,107,121,121,119,119,124,12,96,124,124,114,87],"gold":43,"neow_bonus":"TRANSFORM_TWO_CARDS","is_daily":false,"chose_seed":false,"campfire_upgraded":8,"win_rate":0.0,"timestamp":1608060161,"path_taken":["M","?","?","?","M","R","E","M","T","M","?","?","R","M","R","BOSS","M","$","?","M","M","R","E","R","T","E","?","M","?","E","R","BOSS","M","?","M","?","$","E","?","R","T","R","M","E","R","E","R","BOSS","BOSS","R","$","E","BOSS"],"items_purchased_type":["Card","Relic","Card","Potion","Card","Potion"],"build_version":"2020-12-13","purchased_purges":2,"victory":true,"max_hp_per_floor":[75,80,80,80,80,80,80,80,80,80,72,82,82,82,82,82,82,85,85,85,88,91,91,91,91,91,94,94,97,97,97,97,100,100,103,103,106,106,106,115,115,115,115,115,118,121,121,121,121,124,124,124,124,124,134,137],"relic_stats":{"Darkstone Periapt":0,"counters":[25,114],"Ornamental Fan":[76],"Bloody Idol":30,"Pantograph":47,"Snecko Eye":[161,173,167,153],"Tiny Chest":2,"Letter Opener":[151],"Smiling Mask":0,"obtain_stats":[{"Darkstone Periapt":31,"Potion Belt":41,"Pear":55,"Golden Idol":11,"Vajra":40,"Letter Opener":28,"Bottled Tornado":24,"PrismaticShard":39,"Smiling Mask":43,"Burning Blood":0,"Anchor":48,"Ornamental Fan":26,"Pantograph":27,"Bloody Idol":30,"Snecko Eye":17,"Tiny Chest":7,"Mark of Pain":34,"InkBottle":46},{"Darkstone Periapt":14,"Potion Belt":18,"Pear":24,"Golden Idol":5,"Vajra":18,"Letter Opener":12,"Bottled Tornado":11,"PrismaticShard":17,"Smiling Mask":18,"Burning Blood":0,"Anchor":21,"Ornamental Fan":11,"Pantograph":12,"Bloody Idol":13,"Snecko Eye":7,"Tiny Chest":3,"Mark of Pain":15,"InkBottle":20},{"Darkstone Periapt":57,"Potion Belt":74,"Pear":107,"Golden Idol":16,"Vajra":74,"Letter Opener":49,"Bottled Tornado":44,"PrismaticShard":69,"Smiling Mask":74,"Burning Blood":0,"Anchor":87,"Ornamental Fan":44,"Pantograph":49,"Bloody Idol":53,"Snecko Eye":27,"Tiny Chest":11,"Mark of Pain":64,"InkBottle":82}],"Burning Blood":131,"InkBottle":[14]},"card_choices":[{"not_picked":["Dark Embrace","Dropkick"],"picked":"Clothesline","floor":1.0},{"not_picked":["Flex","Havoc"],"picked":"Cleave","floor":5.0},{"not_picked":["Intimidate","Sword Boomerang"],"picked":"Demon Form","floor":7.0},{"not_picked":["Body Slam","Combust"],"picked":"Infernal Blade","floor":8.0},{"not_picked":["Seeing Red","Fire Breathing"],"picked":"Dark Embrace","floor":10.0},{"not_picked":["Thunderclap","Warcry"],"picked":"Sword Boomerang","floor":14.0},{"not_picked":["Immolate","Fiend Fire"],"picked":"Feed","floor":16.0},{"not_picked":["Fire Breathing","Wild Strike"],"picked":"Shrug It Off","floor":18.0},{"not_picked":["Clothesline+1","Heavy Blade+1"],"picked":"Feel No Pain","floor":21.0},{"not_picked":["Carnage","Pommel Strike"],"picked":"Second Wind","floor":22.0},{"not_picked":["Rampage","Barricade"],"picked":"Spot Weakness","floor":24.0},{"not_picked":["Iron Wave","Twin Strike"],"picked":"Rage","floor":27.0},{"not_picked":["Havoc","Wild Strike"],"picked":"Burning Pact","floor":29.0},{"not_picked":["Flex+1","Sever Soul+1"],"picked":"Sword Boomerang+1","floor":31.0},{"not_picked":["Corruption","Feed"],"picked":"Bludgeon","floor":33.0},{"not_picked":["Cleave","Anger"],"picked":"Armaments+1","floor":35.0},{"not_picked":["Wild Strike","Uppercut","Brutality"],"picked":"SKIP","floor":37.0},{"not_picked":["Havoc","BootSequence+1","Consecrate"],"picked":"SKIP","floor":40.0},{"not_picked":["Backstab","Noxious Fumes"],"picked":"Dodge and Roll","floor":45.0},{"not_picked":["Gash","Heel Hook"],"picked":"Well Laid Plans+1","floor":46.0},{"not_picked":["Deep Breath","Flying Knee","Clothesline"],"picked":"SKIP","floor":48.0},{"not_picked":["Poisoned Stab+1","Pray"],"picked":"Leap+1","floor":55}],"player_experience":991577,"relics_obtained":[{"floor":7.0,"key":"Tiny Chest"},{"floor":24.0,"key":"Bottled Tornado"},{"floor":26.0,"key":"Ornamental Fan"},{"floor":27.0,"key":"Pantograph"},{"floor":28.0,"key":"Letter Opener"},{"floor":31.0,"key":"Darkstone Periapt"},{"floor":40.0,"key":"Vajra"},{"floor":41.0,"key":"Potion Belt"},{"floor":43.0,"key":"Smiling Mask"},{"floor":46.0,"key":"InkBottle"},{"floor":48.0,"key":"Anchor"},{"floor":55,"key":"Pear"}],"event_choices":[{"damage_healed":0.0,"max_hp_gain":5.0,"max_hp_loss":0.0,"gold_gain":0.0,"event_name":"Big Fish","player_choice":"Donut","floor":2.0,"gold_loss":0.0,"damage_taken":0.0},{"cards_removed":["Normality"],"damage_healed":0.0,"max_hp_gain":0.0,"max_hp_loss":0.0,"gold_gain":0.0,"event_name":"The Cleric","player_choice":"Card Removal","floor":3.0,"gold_loss":75.0,"damage_taken":0.0},{"damage_healed":0.0,"max_hp_gain":0.0,"max_hp_loss":0.0,"gold_gain":0.0,"event_name":"Liars Game","player_choice":"Ignored","floor":4.0,"gold_loss":0.0,"damage_taken":0.0},{"damage_healed":0.0,"max_hp_gain":0.0,"max_hp_loss":8.0,"gold_gain":0.0,"event_name":"Golden Idol","player_choice":"Lose Max HP","floor":11.0,"gold_loss":0.0,"damage_taken":0.0,"relics_obtained":["Golden Idol"]},{"cards_removed":["Brutality"],"damage_healed":47.0,"max_hp_gain":10.0,"max_hp_loss":0.0,"gold_gain":0.0,"event_name":"Bonfire Elementals","player_choice":"Offered Rare","floor":12.0,"gold_loss":0.0,"damage_taken":0.0},{"damage_healed":0.0,"max_hp_gain":0.0,"max_hp_loss":0.0,"gold_gain":0.0,"cards_transformed":["Strike_R","Strike_R"],"event_name":"Designer","player_choice":"Transformed Cards","floor":20.0,"gold_loss":75.0,"damage_taken":0.0,"cards_obtained":["Juggernaut","Corruption"]},{"damage_healed":0.0,"max_hp_gain":0.0,"max_hp_loss":0.0,"gold_gain":0.0,"event_name":"Forgotten Altar","player_choice":"Gave Idol","floor":30.0,"relics_lost":["Golden Idol"],"gold_loss":0.0,"damage_taken":0.0,"relics_obtained":["Bloody Idol"]},{"cards_removed":["Defend_R"],"damage_healed":0.0,"max_hp_gain":0.0,"max_hp_loss":0.0,"gold_gain":0.0,"event_name":"Falling","player_choice":"Removed Skill","floor":36.0,"gold_loss":0.0,"damage_taken":0.0},{"damage_healed":0.0,"max_hp_gain":0.0,"max_hp_loss":0.0,"gold_gain":0.0,"event_name":"The Woman in Blue","player_choice":"Bought 1 Potion","floor":38.0,"gold_loss":0.0,"damage_taken":0.0}],"is_beta":false,"boss_relics":[{"not_picked":["Pandora\u0027s Box","Black Blood"],"picked":"Snecko Eye"},{"not_picked":["Black Star","Empty Cage"],"picked":"Mark of Pain"}],"items_purged_floors":[19,39],"is_endless":false,"potions_floor_spawned":[1,8,14,24,27,29,35,40,46],"ascension_level":20}}