{"host":"svwqvw2il1zfkkg0","time":1608009784,"event":{"mods":["AchievementEnabler","BaseMod","BetterRewards","Colored Map","Colored Powertips","Custom Start","Downfall","GifTheSpireLib","Highlight Path","Hubris","Infinite Spire","Minty Spire (QoL Compilation)","Quick Restart","Replay The Spire","Shop Mod","StSLib","SuperFastMode"],"gold_per_floor":[114,114,114,114,133,164,176,12,12,32,46,46,61,83,83,190,190,210,229,4,28,50,54,54],"floor_reached":23,"playtime":810,"items_purged":["Looming Evil"],"score":195,"play_id":"c3cd967f-0621-4022-995e-8574e322232a","local_time":"20201214212304","is_ascension_mode":false,"campfire_choices":[{"floor":7,"key":"REST"},{"floor":12,"key":"REST"},{"data":"Cloak And Dagger","floor":15,"key":"SMITH"}],"circlet_count":0,"master_deck":["Strike_G","Strike_G+1","Strike_G","Strike_G","Strike_G","Defend_G","Defend_G","Defend_G","Defend_G","Defend_G","Survivor+1","Neutralize","Cloak And Dagger+1","Dagger Spray","Dagger Throw","Flying Knee","All Out Attack","Caltrops","Phantasmal Killer","Hidden Blade","Accuracy+1","Cloak And Dagger+1","Finisher","Quick Slash"],"relics":["Ring of the Snake","MawBank","infinitespire:Midas Blood","WristBlade","DollysMirror"],"acts_visited":["Exordium","TheCity"],"potions_floor_usage":[16,16,16,22],"damage_taken":[{"damage":0,"enemies":"2 Louse","floor":1,"turns":3},{"damage":0,"enemies":"Jaw Worm","floor":5,"turns":3},{"damage":37,"enemies":"Replay:BlueRogue","floor":6,"turns":9},{"damage":1,"enemies":"Cultist","floor":10,"turns":3},{"damage":2,"enemies":"2 Fungi Beasts","floor":11,"turns":3},{"damage":11,"enemies":"3 Louse","floor":13,"turns":3},{"damage":2,"enemies":"Red Slaver","floor":14,"turns":3},{"damage":32,"enemies":"Fading Forest","floor":16,"turns":11},{"damage":11,"enemies":"2 Thieves","floor":18,"turns":4},{"damage":11,"enemies":"Spheric Guardian","floor":19,"turns":4},{"damage":26,"enemies":"Snake Plant","floor":21,"turns":4},{"damage":27,"enemies":"Centurion and Healer","floor":22,"turns":4},{"damage":11,"enemies":"Replay:Snechameleon","floor":23,"turns":3}],"seed_played":"-2899065036153123872","potions_obtained":[{"floor":1,"key":"Dexterity Potion"},{"floor":14,"key":"Languid Potion"},{"floor":18,"key":"Ancient Potion"},{"floor":19,"key":"Strength Potion"}],"is_trial":false,"path_per_floor":["M","?","?","?","M","E","R","$","T","M","M","R","M","M","R","B",null,"M","M","$","M","M","E"],"character_chosen":"THE_SILENT","items_purchased":["Flying Knee","SteroidPotion","DollysMirror","Finisher"],"campfire_rested":2,"item_purchase_floors":[8,8,20,20],"current_hp_per_floor":[84,84,84,67,67,30,55,55,55,54,52,77,66,64,64,52,84,73,62,62,36,9,0,0],"gold":54,"neow_bonus":"TWENTY_PERCENT_HP_BONUS","is_daily":false,"chose_seed":false,"campfire_upgraded":1,"win_rate":0.0,"timestamp":1608009784,"path_taken":["M","?","?","?","M","E","R","$","T","M","M","R","M","M","R","BOSS","M","M","$","M","M","E"],"items_purchased_type":["Card","Potion","Relic","Card"],"build_version":"2020-12-13","purchased_purges":1,"victory":false,"max_hp_per_floor":[84,84,84,84,84,84,84,84,84,84,84,84,84,84,84,84,84,84,84,84,84,84,84,84],"card_choices":[{"not_picked":["Acrobatics","Leg Sweep"],"picked":"Cloak And Dagger","floor":1},{"not_picked":["Underhanded Strike","ReplayTheSpireMod:Exploit Weakness"],"picked":"Dagger Spray","floor":5},{"not_picked":["Fluid Movement","Crippling Poison"],"picked":"Dagger Throw","floor":6},{"not_picked":["Distraction","Backflip","Reflex"],"picked":"SKIP","floor":10},{"not_picked":["Backflip","Escape Plan","Deadly Poison"],"picked":"SKIP","floor":11},{"not_picked":["PiercingWail","Masterful Stab"],"picked":"All Out Attack","floor":13},{"not_picked":["hubris:Sniper","Toxin Wave"],"picked":"Caltrops","floor":14},{"not_picked":["Night Terror","ReplayTheSpireMod:From All Sides"],"picked":"Phantasmal Killer","floor":16},{"not_picked":["Poisoned Stab","Deadly Poison"],"picked":"Hidden Blade","floor":18},{"not_picked":["Outmaneuver","Dagger Throw"],"picked":"Accuracy+1","floor":19},{"not_picked":["Backflip","Terror"],"picked":"Quick Slash","floor":21},{"not_picked":["Outmaneuver","hubris:SlightOfHand","Slice"],"picked":"SKIP","floor":22}],"player_experience":377870,"relics_obtained":[{"floor":6,"key":"MawBank"},{"floor":9,"key":"infinitespire:Midas Blood"}],"event_choices":[{"damage_healed":0,"gold_gain":0,"player_choice":"Entered Light","damage_taken":17,"max_hp_gain":0,"max_hp_loss":0,"event_name":"Shining Light","floor":4,"gold_loss":0,"cards_upgraded":["Survivor","Strike_G"]}],"is_beta":false,"boss_relics":[{"not_picked":["Sozu","Ring of the Serpent"],"picked":"WristBlade"}],"items_purged_floors":[8],"is_endless":false,"potions_floor_spawned":[1,14,18,19],"killed_by":"Replay:Snechameleon","ascension_level":0}}