{"host":"sxnl403xm2xmiyj1","time":1608058856,"event":{"mods":["AchievementEnabler","BaseMod","Colored Map","Keyboard Shortcuts","Minty Spire (QoL Compilation)","Quick Restart","StSLib","SuperFastMode"],"gold_per_floor":[367,442,452,452,470,501,501,50,50,78,78,78,112,122,122,225,225,242,54,54,74,89,119,132,143,189,216,216,233,262,262,262,360,360,380,380,380,28,38,64,64,64,64,64,91,0,0,29,29,29,29,29,29,61,61,61],"floor_reached":55,"playtime":1087,"items_purged":["Strike_G"],"score":1103,"play_id":"41d03e2f-d2ab-4877-bd37-871afce1bdb5","local_time":"20201216040056","is_ascension_mode":true,"campfire_choices":[{"data":"Phantasmal Killer","floor":7.0,"key":"SMITH"},{"data":"Footwork","floor":11.0,"key":"SMITH"},{"data":"Cloak And Dagger","floor":15.0,"key":"SMITH"},{"data":"Accuracy","floor":28.0,"key":"SMITH"},{"floor":32.0,"key":"REST"},{"data":"Envenom","floor":41,"key":"SMITH"},{"floor":44,"key":"RECALL"},{"data":"Apotheosis","floor":47,"key":"SMITH"},{"data":"Infinite Blades","floor":49,"key":"SMITH"},{"data":"Malaise","floor":52,"key":"SMITH"}],"circlet_count":0,"master_deck":["Strike_G","Defend_G","Defend_G","Defend_G","Defend_G","Defend_G","Survivor","Neutralize","Infinite Blades+1","Blade Dance","Blade Dance","Phantasmal Killer+1","Footwork+1","Cloak And Dagger+1","Blade Dance","Deflect","Blade Dance","Envenom+1","Accuracy+1","Deflect","Prepared","Backstab","Malaise+1","Cloak And Dagger","Prepared","Tools of the Trade+1","Tactician","Madness","Apotheosis+1","Bandage Up","Finesse","Infinite Blades+1","Escape Plan","Dodge and Roll","Finisher+1","Expertise+1","Finisher+1","Tactician"],"relics":["Ring of the Snake","Paper Crane","Ninja Scroll","Akabeko","Bottled Lightning","SlaversCollar","Bag of Preparation","Frozen Egg 2","Toy Ornithopter","Bronze Scales","MealTicket","Kunai","Empty Cage","TheAbacus","Ginger","Letter Opener","HornCleat","Red Mask","Gremlin Horn","Lantern"],"acts_visited":["Exordium","TheCity","TheBeyond","TheEnding"],"potions_floor_usage":[33,40,55],"damage_taken":[{"damage":2.0,"enemies":"Cultist","floor":1.0,"turns":5.0},{"damage":0.0,"enemies":"Small Slimes","floor":3.0,"turns":4.0},{"damage":0.0,"enemies":"Jaw Worm","floor":5.0,"turns":4.0},{"damage":26.0,"enemies":"Lagavulin","floor":6.0,"turns":9.0},{"damage":0.0,"enemies":"3 Sentries","floor":10.0,"turns":6.0},{"damage":12.0,"enemies":"Gremlin Nob","floor":13.0,"turns":3.0},{"damage":0.0,"enemies":"Exordium Wildlife","floor":14.0,"turns":3.0},{"damage":0.0,"enemies":"The Guardian","floor":16.0,"turns":12.0},{"damage":2.0,"enemies":"Shell Parasite","floor":18.0,"turns":4.0},{"damage":0.0,"enemies":"Spheric Guardian","floor":21.0,"turns":2.0},{"damage":22.0,"enemies":"Snecko","floor":22.0,"turns":4.0},{"damage":0.0,"enemies":"Book of Stabbing","floor":23.0,"turns":2.0},{"damage":3.0,"enemies":"Centurion and Healer","floor":24.0,"turns":6.0},{"damage":21.0,"enemies":"Snake Plant","floor":25.0,"turns":2.0},{"damage":0.0,"enemies":"Gremlin Leader","floor":27.0,"turns":6.0},{"damage":18.0,"enemies":"Cultist and Chosen","floor":29.0,"turns":5.0},{"damage":10.0,"enemies":"Slavers","floor":30.0,"turns":3.0},{"damage":29,"enemies":"Collector","floor":33,"turns":9},{"damage":0,"enemies":"3 Darklings","floor":35,"turns":5},{"damage":12,"enemies":"3 Shapes","floor":39,"turns":7},{"damage":0,"enemies":"Giant Head","floor":40,"turns":7},{"damage":0,"enemies":"Nemesis","floor":45,"turns":7},{"damage":0,"enemies":"Giant Head","floor":48,"turns":3},{"damage":12,"enemies":"Donu and Deca","floor":50,"turns":6},{"damage":30,"enemies":"Shield and Spear","floor":54,"turns":5},{"damage":48,"enemies":"The Heart","floor":55,"turns":5}],"seed_played":"87855283739889834","potions_obtained":[{"floor":3.0,"key":"Explosive Potion"},{"floor":5.0,"key":"Ancient Potion"},{"floor":14.0,"key":"FearPotion"},{"floor":21.0,"key":"Regen Potion"},{"floor":22.0,"key":"DuplicationPotion"},{"floor":29.0,"key":"AttackPotion"},{"floor":30.0,"key":"Weak Potion"},{"floor":35,"key":"SkillPotion"},{"floor":48,"key":"Poison Potion"}],"is_trial":false,"path_per_floor":["M","?","M","?","M","E","R","$","T","E","R","?","E","M","R","B",null,"M","$","?","M","M","E","M","M","T","E","R","M","E","T","R","B",null,"M","?","?","$","M","E","R","?","T","R","E","?","R","E","R","B",null,"R","$","E","B"],"character_chosen":"THE_SILENT","items_purchased":["Footwork","Cloak And Dagger","Ninja Scroll","Accuracy","Bag of Preparation","Infinite Blades+1","Escape Plan","TheAbacus","Dodge and Roll"],"campfire_rested":1,"item_purchase_floors":[8,8,8,19,19,38,38,38,38],"current_hp_per_floor":[68,57,57,57,57,31,31,31,31,31,31,31,19,19,19,19,70,68,68,68,68,46,55,52,31,31,31,31,13,8,8,29,5,70,70,61,51,66,58,69,69,69,69,69,70,70,70,70,70,64,70,70,70,40,0,0],"gold":61,"neow_bonus":"TWO_FIFTY_GOLD","is_daily":false,"chose_seed":false,"campfire_upgraded":8,"win_rate":0.0,"timestamp":1608058856,"path_taken":["M","?","M","?","M","E","R","$","T","E","R","?","E","M","R","BOSS","M","$","?","M","M","E","M","M","T","E","R","M","E","?","R","BOSS","M","?","?","$","M","E","R","?","T","R","E","?","R","E","R","BOSS","R","$","E","BOSS"],"items_purchased_type":["Card","Card","Relic","Card","Relic","Card","Card","Relic","Card"],"build_version":"2020-12-13","purchased_purges":1,"victory":false,"max_hp_per_floor":[70,70,70,70,70,70,70,70,70,70,70,70,70,70,70,70,70,70,70,70,70,70,70,70,70,70,70,70,70,70,70,70,70,70,70,70,70,70,70,70,70,70,70,70,70,70,70,70,70,70,70,70,70,70,70,70],"card_choices":[{"not_picked":["Prepared","Bane"],"picked":"Infinite Blades","floor":1.0},{"not_picked":["Masterful Stab","Skewer"],"picked":"Blade Dance","floor":3.0},{"not_picked":["Well Laid Plans","Cloak And Dagger"],"picked":"Blade Dance","floor":5.0},{"not_picked":["Flechettes","Masterful Stab"],"picked":"Phantasmal Killer","floor":6.0},{"not_picked":["Slice","Storm of Steel"],"picked":"Blade Dance","floor":10.0},{"not_picked":["Quick Slash","Dodge and Roll"],"picked":"Deflect","floor":13.0},{"not_picked":["Noxious Fumes","Dagger Throw"],"picked":"Blade Dance","floor":14.0},{"not_picked":["Malaise","Corpse Explosion"],"picked":"Envenom","floor":16.0},{"not_picked":["Quick Slash","All Out Attack","Deadly Poison"],"picked":"SKIP","floor":18.0},{"not_picked":["Bane+1","Outmaneuver"],"picked":"Deflect","floor":21.0},{"not_picked":["Caltrops","Catalyst+1","Poisoned Stab"],"picked":"SKIP","floor":22.0},{"not_picked":["Quick Slash","Poisoned Stab"],"picked":"Prepared","floor":23.0},{"not_picked":["Setup","Bane"],"picked":"Backstab","floor":24.0},{"not_picked":["Slice","Backflip"],"picked":"Malaise","floor":25.0},{"not_picked":["Riddle With Holes","Expertise","Bouncing Flask+1"],"picked":"SKIP","floor":27.0},{"not_picked":["Underhanded Strike","Reflex"],"picked":"Cloak And Dagger","floor":29.0},{"not_picked":["Leg Sweep","Poisoned Stab"],"picked":"Prepared","floor":30.0},{"not_picked":["Night Terror","Venomology"],"picked":"Tools of the Trade+1","floor":33},{"not_picked":["Skewer+1","PiercingWail"],"picked":"Tactician","floor":35},{"not_picked":["Trip","Finesse"],"picked":"Apotheosis","floor":37},{"not_picked":["PanicButton","Violence"],"picked":"Bandage Up","floor":37},{"not_picked":["Madness","Impatience"],"picked":"Finesse","floor":37},{"not_picked":["Calculated Gamble","Dagger Throw+1"],"picked":"Finisher+1","floor":39},{"not_picked":["Deadly Poison+1","Sucker Punch","Flying Knee"],"picked":"SKIP","floor":40},{"not_picked":["Predator","Poisoned Stab"],"picked":"Expertise+1","floor":45},{"not_picked":["Blade Dance+1","Dagger Spray+1"],"picked":"Finisher+1","floor":48},{"not_picked":["PiercingWail","Quick Slash"],"picked":"Tactician","floor":54}],"player_experience":101988,"relics_obtained":[{"floor":6.0,"key":"Paper Crane"},{"floor":10.0,"key":"Akabeko"},{"floor":13.0,"key":"Bottled Lightning"},{"floor":23.0,"key":"Frozen Egg 2"},{"floor":26.0,"key":"Toy Ornithopter"},{"floor":27.0,"key":"Bronze Scales"},{"floor":30.0,"key":"MealTicket"},{"floor":31.0,"key":"Kunai"},{"floor":40,"key":"Ginger"},{"floor":43,"key":"Letter Opener"},{"floor":45,"key":"HornCleat"},{"floor":48,"key":"Gremlin Horn"},{"floor":54,"key":"Lantern"}],"event_choices":[{"damage_healed":0.0,"max_hp_gain":0.0,"max_hp_loss":0.0,"gold_gain":75.0,"event_name":"World of Goop","player_choice":"Gather Gold","floor":2.0,"gold_loss":0.0,"damage_taken":11.0},{"cards_removed":["Injury"],"damage_healed":0.0,"max_hp_gain":0.0,"max_hp_loss":0.0,"gold_gain":0.0,"event_name":"Living Wall","player_choice":"Forget","floor":4.0,"gold_loss":0.0,"damage_taken":0.0},{"damage_healed":0.0,"max_hp_gain":0.0,"max_hp_loss":0.0,"gold_gain":0.0,"event_name":"Liars Game","player_choice":"Ignored","floor":12.0,"gold_loss":0.0,"damage_taken":0.0},{"cards_removed":["Strike_G"],"damage_healed":0.0,"max_hp_gain":0.0,"max_hp_loss":0.0,"gold_gain":0.0,"event_name":"Back to Basics","player_choice":"Elegance","floor":20.0,"gold_loss":0.0,"damage_taken":0.0},{"damage_healed":0,"gold_gain":0,"player_choice":"Embrace Madness","damage_taken":9,"max_hp_gain":0,"max_hp_loss":0,"event_name":"Winding Halls","floor":36,"gold_loss":0,"cards_obtained":["Madness","Madness"]},{"damage_healed":0,"gold_gain":0,"player_choice":"Memory 3","damage_taken":10,"max_hp_gain":0,"max_hp_loss":0,"event_name":"SensoryStone","floor":37,"gold_loss":0},{"cards_removed":["Madness"],"damage_healed":0,"gold_gain":0,"player_choice":"Removed Skill","damage_taken":0,"max_hp_gain":0,"max_hp_loss":0,"event_name":"Falling","floor":42,"gold_loss":0},{"damage_healed":0,"gold_gain":0,"player_choice":"Paid","damage_taken":0,"relics_obtained":["Red Mask"],"max_hp_gain":0,"max_hp_loss":0,"event_name":"Tomb of Lord Red Mask","floor":46,"gold_loss":91}],"is_beta":false,"boss_relics":[{"not_picked":["Snecko Eye","Tiny House"],"picked":"SlaversCollar"},{"not_picked":["Sozu","Runic Dome"],"picked":"Empty Cage"}],"items_purged_floors":[8],"is_endless":false,"potions_floor_spawned":[3,5,14,21,22,29,30,35,48],"killed_by":"The Heart","ascension_level":1}}