{"host":"ztqjwusiwlngvd4e","time":1608016748,"event":{"mods":["BaseMod","BetterRewards","Downfall","Minty Spire (QoL Compilation)","Replay The Spire","StSLib","The Bug Knight"],"gold_per_floor":[138,168,168,24,24,105,138,228,253,337,382,382,469,469,469,757,757,811,33,33,33,33,33,75,75,162,201,201,300,345,444,474,525,525,834,834,888,942,975,1035,1068,1149,408,504,530,659,704,794,794,854,854,854],"floor_reached":53,"playtime":5897,"items_purged":["PanicButton"],"score":1369,"play_id":"50f11698-7d2b-4027-b3de-8a9c87af7f60","local_time":"20201215181908","daily_mods":["Insanity","Vintage","Allstar","Colorless Cards","Heirloom","Time Dilation","downfall:Jewelcrafting","downfall:Improvised","downfall:Lament","DeadlyEvents","Elite Swarm","Midas","downfall:Hexed","downfall:ExchangeController","Binary"],"is_ascension_mode":false,"campfire_choices":[{"data":"1","floor":51,"key":"LIFT"}],"circlet_count":0,"master_deck":["Demon Form","Wraith Form v2","Echo Form","DevaForm","Guardian:ConstructionForm","hexamod:ParanormalForm","Slimebound:DuplicatedForm","sneckomod:SerpentMind","True Grit","Flex","Shrug It Off","Sword Boomerang","Perfected Strike","Finesse","Wild Strike","Run Through","Shrug It Off","Warcry+1","Rampage","Sword Boomerang","Clash","Clash","Uppercut","Iron Wave","Shrug It Off","Shrug It Off","Carnage","ReplayTheSpireMod:Strike From Hell","Bloodletting","Shrug It Off","Heavy Blade","ReplayTheSpireMod:Strike From Hell","Sword Boomerang","expansioncontent:DefensiveMode","Heavy Blade","Wild Strike","ReplayReversal","expansioncontent:CaCaw","Twin Strike","Burning Pact","Pommel Strike","Body Slam","Havoc","expansioncontent:Hexaburn","Clash","Perfected Strike","Cleave","ReplayTheSpireMod:Strike From Hell","ReplayTheSpireMod:Strike From Hell","Flash of Steel","Twin Strike","Abandon","Massacre","Replay:Undeath\u0027s Touch","Rage","Second Wind","Combust","Guardian:ExploitGems","Guardian:ExploitGems","sneckomod:UnknownCommonAttack","sneckomod:UnknownCommonAttack","sneckomod:UnknownCommonAttack","sneckomod:UnknownCommonSkill","sneckomod:UnknownCommonSkill","sneckomod:UnknownCommonSkill","sneckomod:UnknownUncommonAttack","sneckomod:UnknownUncommonSkill","sneckomod:UnknownUncommonPower","sneckomod:Unknown","expansioncontent:CaCaw","Finesse+1","expansioncontent:Corrupt","Apotheosis","ReplayUltimateDefense","Pot Of Greed","Pot Of Greed","Pot Of Greed","Pot Of Greed","Pot Of Greed","Pot Of Greed","Pot Of Greed","Havoc+1","Metallicize","expansioncontent:PolyBeam+1","expansioncontent:Torchfire+1","Pot Of Greed","expansioncontent:DashGenerateEvil+1","Dark Embrace","Sword Boomerang+1"],"relics":["Burning Blood","Busted Crown","Guardian:PickAxe","Velvet Choker","downfall:NeowBlessing_Player","NeowsBlessing","Du-Vu Doll","Vajra","Grinning Jar","Art of War","NeowsBlessing","Replay:Arrowhead","Molten Egg 2","Gremlin Horn","Blood Vial","Bag of Preparation","Girya","ReplayTheSpireMod:Ring of Collecting","Ring of Panic","Iron Hammer","Snecko Heart","Replay:Bottled Snecko","Champion Belt","ClockworkSouvenir","Boot","ReplayFunnel","Centennial Puzzle","Quantum Egg","Pet Ghost","Akabeko","Ring of Hypnosis","Oddly Smooth Stone","Onion Ring","Guardian:PocketSentry","Happy Flower","Paper Frog","Velvet Choker","hexamod:BolsterEngine","Replay:Accelerometer","ReplayTheSpireMod:Ninjato","Eternal Feather","Regal Pillow","Sling","War Paint","Golden Egg","Omamori","ReplayTheSpireMod:Ring of Challenge","Meat on the Bone","Sundial","Unceasing Top","Kunai"],"acts_visited":["Exordium","TheCity","TheBeyond"],"potions_floor_usage":[],"damage_taken":[{"damage":0.0,"enemies":"Small Slimes","floor":1.0,"turns":1.0},{"damage":0.0,"enemies":"Cultist","floor":2.0,"turns":1.0},{"damage":0.0,"enemies":"Lagavulin","floor":6.0,"turns":1.0},{"damage":0.0,"enemies":"Jaw Worm","floor":7.0,"turns":1.0},{"damage":0.0,"enemies":"3 Sentries","floor":8.0,"turns":1.0},{"damage":1.0,"enemies":"Replay:BlueRogue","floor":10.0,"turns":3.0},{"damage":15.0,"enemies":"Large Slime","floor":11.0,"turns":4.0},{"damage":16.0,"enemies":"3 Sentries","floor":13.0,"turns":4.0},{"damage":15.0,"enemies":"Slime Boss","floor":16.0,"turns":4.0},{"damage":0.0,"enemies":"Shell Parasite","floor":18.0,"turns":3.0},{"damage":30.0,"enemies":"Spheric Guardian","floor":24.0,"turns":3.0},{"damage":14,"enemies":"HollowMod:Nosk","floor":26,"turns":4},{"damage":6,"enemies":"3 Cultists","floor":27,"turns":5},{"damage":12,"enemies":"Slavers","floor":29,"turns":6},{"damage":17,"enemies":"Snake Plant","floor":30,"turns":2},{"damage":0,"enemies":"HollowMod:Nosk","floor":31,"turns":4},{"damage":0,"enemies":"Shelled Parasite and Fungi","floor":32,"turns":1},{"damage":0,"enemies":"Snecko","floor":33,"turns":3},{"damage":43,"enemies":"Champ","floor":35,"turns":8},{"damage":0,"enemies":"3 Darklings","floor":37,"turns":2},{"damage":0,"enemies":"Orb Walker","floor":38,"turns":1},{"damage":2,"enemies":"Transient","floor":39,"turns":5},{"damage":6,"enemies":"3 Darklings","floor":40,"turns":1},{"damage":0,"enemies":"Writhing Mass","floor":41,"turns":2},{"damage":0,"enemies":"HollowMod:StalkingDevout","floor":42,"turns":5},{"damage":0,"enemies":"Reptomancer","floor":44,"turns":2},{"damage":0,"enemies":"Giant Head","floor":46,"turns":5},{"damage":41,"enemies":"4 Shapes","floor":47,"turns":4},{"damage":0,"enemies":"Nemesis","floor":48,"turns":5},{"damage":0,"enemies":"Sphere and 2 Shapes","floor":50,"turns":2},{"damage":12,"enemies":"Awakened One","floor":52,"turns":9}],"seed_played":"-5968532246422542327","potions_obtained":[{"floor":7.0,"key":"SpeedPotion"},{"floor":10.0,"key":"Swift Potion"},{"floor":11.0,"key":"hexamod:EctoCoolerPotion"},{"floor":27,"key":"champ:CounterPotion"},{"floor":29,"key":"Guardian:BlockOnCardUsePotion"},{"floor":31,"key":"BlessingOfTheForge"},{"floor":32,"key":"SneckoOil"},{"floor":33,"key":"Block Potion"},{"floor":35,"key":"Regen Potion"},{"floor":37,"key":"Regen Potion"},{"floor":38,"key":"ColorlessPotion"},{"floor":40,"key":"Languid Potion"},{"floor":46,"key":"Block Potion"}],"is_trial":true,"path_per_floor":["M","M","WH","$","WH","E","M","E","T","E","M","?","E","?","R","B",null,"M","$","?","PTL","PTL","$","M","R","E","M","T","E","M","E","M","M","R","B",null,"M","M","M","M","M","E","$","E","T","E","M","E","?","M","R","B",null],"character_chosen":"IRONCLAD","items_purchased":["Art of War","Champion Belt","Havoc+1","Metallicize","ClockworkSouvenir","Boot","expansioncontent:PolyBeam+1","Sling","expansioncontent:Torchfire+1","expansioncontent:DashGenerateEvil+1","War Paint","Dark Embrace","Sword Boomerang+1"],"campfire_rested":0,"item_purchase_floors":[4,19,19,19,19,19,19,43,43,43,43,43,43],"current_hp_per_floor":[180,180,198,198,198,198,198,198,198,198,189,189,181,181,181,189,298,298,298,298,298,298,298,298,298,290,296,296,296,287,295,298,298,298,261,398,398,398,398,398,398,398,398,398,398,398,363,374,374,382,398,392],"gold":854,"neow_bonus":"THREE_ENEMY_KILL","is_daily":false,"chose_seed":false,"campfire_upgraded":0,"win_rate":0.0,"timestamp":1608016748,"path_taken":["M","M","WH","$","WH","E","M","E","T","E","M","?","E","?","R","BOSS","M","$","?","PTL","PTL","$","M","R","E","M","T","E","M","E","M","M","R","BOSS","M","M","M","M","M","E","$","E","T","E","M","E","?","M","R","BOSS"],"items_purchased_type":["Relic","Relic","Card","Card","Relic","Relic","Card","Relic","Card","Card","Relic","Card","Card"],"build_version":"2020-12-13","purchased_purges":1,"victory":true,"max_hp_per_floor":[180,180,198,198,198,198,198,198,198,198,198,198,198,198,198,198,298,298,298,298,298,298,298,298,298,298,298,298,298,298,298,298,298,298,298,398,398,398,398,398,398,398,398,398,398,398,398,398,398,398,398,398],"card_choices":[],"player_experience":23732,"relics_obtained":[{"floor":1.0,"key":"Vajra"},{"floor":2.0,"key":"Grinning Jar"},{"floor":6.0,"key":"Replay:Arrowhead"},{"floor":7.0,"key":"Molten Egg 2"},{"floor":8.0,"key":"Gremlin Horn"},{"floor":9.0,"key":"Blood Vial"},{"floor":10.0,"key":"Bag of Preparation"},{"floor":11.0,"key":"Girya"},{"floor":12.0,"key":"ReplayTheSpireMod:Ring of Collecting"},{"floor":12.0,"key":"Ring of Panic"},{"floor":13.0,"key":"Iron Hammer"},{"floor":18.0,"key":"Replay:Bottled Snecko"},{"floor":24.0,"key":"Centennial Puzzle"},{"floor":26,"key":"Quantum Egg"},{"floor":27,"key":"Pet Ghost"},{"floor":28,"key":"Akabeko"},{"floor":28,"key":"Ring of Hypnosis"},{"floor":29,"key":"Oddly Smooth Stone"},{"floor":30,"key":"Onion Ring"},{"floor":31,"key":"Guardian:PocketSentry"},{"floor":32,"key":"Happy Flower"},{"floor":33,"key":"Paper Frog"},{"floor":37,"key":"hexamod:BolsterEngine"},{"floor":38,"key":"Replay:Accelerometer"},{"floor":39,"key":"ReplayTheSpireMod:Ninjato"},{"floor":40,"key":"Eternal Feather"},{"floor":42,"key":"Regal Pillow"},{"floor":44,"key":"Golden Egg"},{"floor":45,"key":"Omamori"},{"floor":45,"key":"ReplayTheSpireMod:Ring of Challenge"},{"floor":46,"key":"Meat on the Bone"},{"floor":47,"key":"Sundial"},{"floor":48,"key":"Unceasing Top"},{"floor":50,"key":"Kunai"}],"event_choices":[{"cards_removed":["Languid"],"damage_healed":0.0,"max_hp_gain":0.0,"max_hp_loss":0.0,"gold_gain":0.0,"event_name":"Fountain of Cleansing","player_choice":"Removed Curses","floor":14.0,"gold_loss":0.0,"damage_taken":0.0},{"damage_healed":0,"gold_gain":0,"player_choice":"Ignored","damage_taken":0,"max_hp_gain":0,"max_hp_loss":0,"event_name":"SecretPortal","floor":49,"gold_loss":0}],"is_beta":false,"boss_relics":[{"not_picked":["Runic Pyramid","Replay:Grab Bag"],"picked":"Snecko Heart"},{"not_picked":["Honey Jar","Ooze Armor"],"picked":"Velvet Choker"}],"items_purged_floors":[43],"is_endless":false,"potions_floor_spawned":[7,10,11,27,29,31,32,33,35,37,38,40,46],"ascension_level":0}}