{"host":"h8bshyl4dp77d6d9","time":1608049671,"event":{"mods":["AchievementEnabler","Aspiration","BaseMod","Better Altar","Better Match","Better Note","Better Sensory Stone","Better Skull","Better Third Choice","BetterRewards","CCEM","Colored Map","Downfall","GifTheSpireLib","Halation","Highlight Path","Hubris","Minty Spire (QoL Compilation)","Permanent Neow","Replay The Spire","Spicy Shops","StSLib","Stuff the Spire","Unceasing Turn Reminder"],"gold_per_floor":[99,117,129,162,172,172,172,272,272,304,25,42,42,53,71,71,71],"floor_reached":16,"playtime":1621,"items_purged":["hexamod:Defend"],"score":112,"play_id":"02e25b6e-0e6b-4ff5-98d7-232e2be074cd","local_time":"20201215182751","is_ascension_mode":false,"campfire_choices":[{"floor":1,"key":"RECALL"},{"floor":9,"key":"REST"}],"circlet_count":0,"master_deck":["hexamod:Strike","hexamod:Strike","hexamod:Strike","hexamod:Defend","hexamod:Defend","hexamod:Defend","hexamod:Sear","hexamod:Float","hexamod:SkipABeat+1","hexamod:NightmareStrike","hexamod:SkipABeat+1","hexamod:StepThrough+1","hexamod:Firestarter","hexamod:InspiringFlames","hexamod:ThermalTransfer","hexamod:EtherealExpedition","hexamod:GhostflameBarrier","Guardian:PiercingHide","hexamod:FirstSeal","hexamod:NightmareGuise","hexamod:SpectersWail"],"relics":["hexamod:SpiritBrand","StuffTheSpire:GrapeVine","Replay:Bottled Eggs","hubris:DisguiseKit","hubris:DeckOfHolding","hubris:TenFootPole","hexamod:MatchstickCase"],"acts_visited":["Exordium"],"potions_floor_usage":[8,16,16],"damage_taken":[{"damage":1,"enemies":"2 Louse","floor":2,"turns":3},{"damage":0,"enemies":"Small Slimes","floor":3,"turns":4},{"damage":10,"enemies":"3 Sentries","floor":4,"turns":7},{"damage":0,"enemies":"Jaw Worm","floor":5,"turns":3},{"damage":38,"enemies":"downfall:Heads","floor":8,"turns":8},{"damage":14,"enemies":"Lagavulin","floor":10,"turns":6},{"damage":0,"enemies":"downfall:FleeingMerchant","floor":11,"turns":4},{"damage":1,"enemies":"Large Slime","floor":12,"turns":4},{"damage":10,"enemies":"Lots of Slimes","floor":14,"turns":4},{"damage":1,"enemies":"Blue Slaver","floor":15,"turns":4},{"damage":29,"enemies":"downfall:Defect","floor":16,"turns":6}],"seed_played":"662159979440918452","potions_obtained":[{"floor":5,"key":"Strength Potion"},{"floor":14,"key":"PowerPotion"},{"floor":15,"key":"ColorlessPotion"}],"is_trial":false,"path_per_floor":["R","M","M","E","M","?","T","?","R","E","$","M","?","M","M","B"],"character_chosen":"THE_SPIRIT","items_purchased":["hexamod:MatchstickCase","hexamod:GhostflameBarrier"],"campfire_rested":1,"item_purchase_floors":[11,11],"current_hp_per_floor":[70,69,69,59,59,59,59,21,42,28,28,27,24,21,27,0,0],"gold":71,"neow_bonus":"RANDOM_COMMON_RELIC","is_daily":false,"chose_seed":false,"campfire_upgraded":0,"win_rate":0.0,"timestamp":1608049671,"path_taken":["R","M","M","E","M","?","T","?","R","E","$","M","?","?","M","BOSS"],"items_purchased_type":["Relic","Card"],"build_version":"2020-12-13","purchased_purges":1,"victory":false,"max_hp_per_floor":[70,70,70,70,70,70,70,70,70,70,70,70,70,70,70,70,70],"card_choices":[{"not_picked":["hexamod:GhostLash","hexamod:BacktrackSmack"],"picked":"hexamod:SkipABeat","floor":2},{"not_picked":["hexamod:NightmareGuise","hexamod:AdvancingGuard"],"picked":"hexamod:NightmareStrike","floor":3},{"not_picked":["hexamod:FastForward","hexamod:Rewind"],"picked":"hexamod:SkipABeat","floor":4},{"not_picked":["hexamod:BacktrackSmack","hexamod:SpectersWail"],"picked":"hexamod:StepThrough","floor":5},{"not_picked":["hexamod:DynamicBlow","hexamod:Hexaguard","Guardian:Gem_Purple"],"picked":"hexamod:InspiringFlames","floor":8},{"not_picked":["hexamod:GhostflameBarrier","hexamod:NightmareStrike","Guardian:Incinerate"],"picked":"hexamod:ThermalTransfer","floor":10},{"not_picked":["hexamod:ExtraCrispy","hexamod:VolcanoVisage","Guardian:ChargeUp"],"picked":"hexamod:EtherealExpedition","floor":11},{"not_picked":["hexamod:HeatCrush","hexamod:RetreatToShadows","hexamod:BacktrackSmack"],"picked":"Guardian:PiercingHide","floor":12},{"not_picked":["hexamod:ShieldOfDarkness","hexamod:NightmareStrike","Guardian:PrimingBeam"],"picked":"hexamod:NightmareGuise","floor":14},{"not_picked":["hexamod:ShieldOfDarkness","hexamod:Hexaguard","Guardian:MultiBeam"],"picked":"hexamod:SpectersWail","floor":15}],"player_experience":23735,"relics_obtained":[{"floor":4,"key":"Replay:Bottled Eggs"},{"floor":7,"key":"hubris:DeckOfHolding"},{"floor":10,"key":"hubris:TenFootPole"}],"event_choices":[],"is_beta":false,"boss_relics":[],"items_purged_floors":[11],"is_endless":false,"potions_floor_spawned":[5,14,15],"killed_by":"downfall:Defect","ascension_level":0}}