{"host":"bi6hp2lw0u7dctop","time":1608044319,"event":{"mods":["BaseMod","GifTheSpireLib","Minty Spire (QoL Compilation)","MostiFishMod","Relic Stats","Replay The Spire","Spicy Shops","StSLib","simple","°æπ¶ƒ‹Mod°øªÏ„Á÷Æª∑–ﬁ∏¥≤π∂°","°æ“≈ŒÔø®≈∆°øREMEMod"],"gold_per_floor":[112,10,24,44,44,79,79,91,160,160,180,130,144,164,164,262,262,278,278,278,278,278,296,296,326,326,340,340,340,101,61,134,239,239,253,253,253,7,22,56,56,88,165,165,165,177,192,245,245,245,245,245,75,106,106],"floor_reached":56,"playtime":3055,"items_purged":[],"score":1427,"play_id":"1c073f4d-64bd-434d-a33a-eb0f932fee8b","local_time":"20201215225839","is_ascension_mode":false,"campfire_choices":[{"data":"MostiFishMod:ButterFly","floor":7,"key":"SMITH"},{"data":"ReplayTheSpireMod:LeadingStrike","floor":10,"key":"SMITH"},{"floor":15,"key":"DIG"},{"data":"REME_ACTH","floor":24,"key":"SMITH"},{"data":"Cleave","floor":41,"key":"SMITH"},{"floor":44,"key":"RECALL"},{"data":"MostiFishMod:TheEndOfMoonlight","floor":49,"key":"SMITH"},{"data":"MostiFishMod:Overload","floor":52,"key":"SMITH"}],"circlet_count":0,"master_deck":["Strike_R+1","Strike_R+1","Strike_R+1","Strike_R+1","Defend_R+1","Defend_R+1","Defend_R+1","Bash","MostiFishMod:Overload+1","Shrug It Off","MostiFishMod:ButterFly+1","ReplayTheSpireMod:LeadingStrike+1","Flex+1","Melter+1","Cleave+1","REME_ACTH+1","Dagger Spray+1","Necronomicurse","Acrobatics+1","Massacre+1","Consecrate","Hemogenesis+1","MostiFishMod:Neptune","MostiFishMod:TheEndOfMoonlight+1","MostiFishMod:SparklingWater+1","MostiFishMod:FantasySummer","MostiFishMod:NightSea+1","REME_Cut+1","Replay:Undeath\u0027s Touch","FollowUp","Rupture+1","REME_ACTH+1","Armaments","Flex+1"],"relics":["Burning Blood","REME_ComplimentaryCards","DaveBox","DaCapo","NeowsBlessing","Question Card","PrismaticShard","Sundial","Peace Pipe","Replay:Ringing Soul","Centennial Puzzle","ImportantClient","JellyFishMachine","Ring of Fury","ReplayTheSpireMod:Ring of Challenge","Necronomicon","Spirit Poop","Juzu Bracelet","ImprovedEquipment","Vajra","Bronze Scales","MoonlightInvasionPlan","Guide Book","OrangePellets","ReplayTheSpireMod:Shallot","Paper Frog","Strawberry","Technique","ReplayTheSpireMod:Spearhead"],"acts_visited":["Exordium","TheCity","TheBeyond","TheEnding"],"potions_floor_usage":[11,11,16,25,46,48,50,55,55],"damage_taken":[{"damage":0,"enemies":"Cultist","floor":1,"turns":1},{"damage":0,"enemies":"2 Louse","floor":3,"turns":1},{"damage":0,"enemies":"Jaw Worm","floor":4,"turns":1},{"damage":4,"enemies":"Lagavulin","floor":6,"turns":3},{"damage":0,"enemies":"3 Louse","floor":8,"turns":3},{"damage":0,"enemies":"2 Fungi Beasts","floor":11,"turns":2},{"damage":8,"enemies":"Lots of Slimes","floor":13,"turns":3},{"damage":0,"enemies":"3 Louse","floor":14,"turns":1},{"damage":24,"enemies":"Hexaghost","floor":16,"turns":7},{"damage":0,"enemies":"Chosen","floor":18,"turns":1},{"damage":5,"enemies":"2 Thieves","floor":23,"turns":2},{"damage":1,"enemies":"Replay:Snechameleon","floor":25,"turns":2},{"damage":0,"enemies":"Centurion and Healer","floor":27,"turns":1},{"damage":17,"enemies":"Automaton","floor":33,"turns":7},{"damage":0,"enemies":"Orb Walker","floor":35,"turns":2},{"damage":2,"enemies":"3 Shapes","floor":39,"turns":1},{"damage":0,"enemies":"R_Hoarder","floor":40,"turns":3},{"damage":0,"enemies":"Reptomancer","floor":42,"turns":1},{"damage":5,"enemies":"Jaw Worm Horde","floor":46,"turns":2},{"damage":0,"enemies":"4 Shapes","floor":47,"turns":1},{"damage":3,"enemies":"R_Hoarder","floor":48,"turns":4},{"damage":61,"enemies":"Time Eater","floor":50,"turns":9},{"damage":5,"enemies":"Shield and Spear","floor":54,"turns":2},{"damage":99,"enemies":"The Heart","floor":55,"turns":9}],"seed_played":"5799216667560236423","potions_obtained":[{"floor":4,"key":"SkillPotion"},{"floor":6,"key":"AttackPotion"},{"floor":8,"key":"BloodPotion"},{"floor":13,"key":"Flashbang"},{"floor":23,"key":"DistilledChaos"},{"floor":33,"key":"Swift Potion"},{"floor":35,"key":"AttackPotion"},{"floor":47,"key":"LiquidBronze"},{"floor":54,"key":"ColorlessPotion"}],"is_trial":false,"path_per_floor":["M","$","M","M","?","E","R","M","T","R","M","?","M","M","R","B",null,"M","?","?","?","?","M","R","E","T","M","?","?","$","?","R","B",null,"M","?","?","$","M","E","R","E","T","R","?","M","M","E","R","B",null,"R","$","E","B",null],"character_chosen":"IRONCLAD","items_purchased":["Sundial","Vajra","Bronze Scales","Guide Book","OrangePellets","Technique","Armaments"],"campfire_rested":0,"item_purchase_floors":[2,30,30,38,38,53,53],"current_hp_per_floor":[80,80,80,80,80,80,80,80,80,80,80,80,83,83,83,68,86,89,92,79,60,60,68,68,80,80,89,92,92,92,92,92,95,115,118,118,118,118,121,124,124,127,127,127,130,130,130,137,137,82,137,137,140,143,79],"gold":106,"neow_bonus":"THREE_ENEMY_KILL","is_daily":false,"chose_seed":false,"campfire_upgraded":6,"win_rate":0.0,"timestamp":1608044319,"path_taken":["M","$","M","?","?","E","R","M","T","R","M","?","M","M","R","BOSS","M","?","?","?","?","M","R","E","T","M","?","?","$","?","R","BOSS","M","?","?","?","M","E","R","E","T","R","?","M","M","E","R","BOSS","R","$","E","BOSS"],"items_purchased_type":["Relic","Relic","Relic","Relic","Relic","Relic","Card"],"build_version":"2020-12-13","purchased_purges":0,"victory":true,"max_hp_per_floor":[80,80,80,80,80,80,80,80,80,80,80,80,83,83,83,86,86,89,92,95,100,100,103,103,106,106,109,112,112,112,112,112,112,115,118,118,118,118,121,124,124,127,127,127,130,130,130,137,137,137,137,137,140,143,143],"relic_stats":{"Peace Pipe":0,"OrangePellets":[6],"Centennial Puzzle":[30],"counters":[24,69],"Sundial":[10],"Bronze Scales":[142],"Necronomicon":[19],"Juzu Bracelet":2,"Question Card":22,"obtain_stats":[{"DaveBox":0,"Spirit Poop":22,"Vajra":30,"Juzu Bracelet":25,"PrismaticShard":1,"Burning Blood":0,"Replay:Ringing Soul":9,"Centennial Puzzle":15,"Sundial":2,"Strawberry":48,"DaCapo":0,"Necronomicon":20,"ImportantClient":16,"Paper Frog":42,"NeowsBlessing":0,"JellyFishMachine":17,"ImprovedEquipment":26,"Guide Book":38,"MoonlightInvasionPlan":34,"Question Card":1,"Peace Pipe":6,"OrangePellets":38,"ReplayTheSpireMod:Spearhead":54,"ReplayTheSpireMod:Shallot":40,"Bronze Scales":30,"Ring of Fury":19,"Technique":53,"ReplayTheSpireMod:Ring of Challenge":19,"REME_ComplimentaryCards":0},{"DaveBox":0,"Spirit Poop":10,"Vajra":13,"Juzu Bracelet":12,"PrismaticShard":1,"Burning Blood":0,"Replay:Ringing Soul":5,"Centennial Puzzle":8,"Sundial":1,"Strawberry":21,"DaCapo":0,"Necronomicon":10,"ImportantClient":9,"Paper Frog":18,"NeowsBlessing":0,"JellyFishMachine":9,"ImprovedEquipment":12,"Guide Book":15,"MoonlightInvasionPlan":14,"Question Card":1,"Peace Pipe":4,"OrangePellets":15,"ReplayTheSpireMod:Spearhead":23,"ReplayTheSpireMod:Shallot":17,"Bronze Scales":13,"Ring of Fury":10,"Technique":22,"ReplayTheSpireMod:Ring of Challenge":10,"REME_ComplimentaryCards":0},{"DaveBox":0,"Spirit Poop":23,"Vajra":28,"Juzu Bracelet":27,"PrismaticShard":1,"Burning Blood":0,"Replay:Ringing Soul":9,"Centennial Puzzle":15,"Sundial":1,"Strawberry":49,"DaCapo":0,"Necronomicon":23,"ImportantClient":22,"Paper Frog":42,"NeowsBlessing":0,"JellyFishMachine":22,"ImprovedEquipment":27,"Guide Book":37,"MoonlightInvasionPlan":35,"Question Card":1,"Peace Pipe":6,"OrangePellets":37,"ReplayTheSpireMod:Spearhead":60,"ReplayTheSpireMod:Shallot":41,"Bronze Scales":28,"Ring of Fury":23,"Technique":58,"ReplayTheSpireMod:Ring of Challenge":23,"REME_ComplimentaryCards":0}],"Burning Blood":56},"card_choices":[{"not_picked":["Entrench","Body Slam"],"picked":"Shrug It Off","floor":1},{"not_picked":["Beam Cell","Go for the Eyes","Prepared"],"picked":"MostiFishMod:ButterFly","floor":3},{"not_picked":["EmptyMind","Aggregate","Hologram"],"picked":"ReplayTheSpireMod:LeadingStrike","floor":4},{"not_picked":["ReplayTheSpireMod:Tripwire","MostiFishMod:IntelligentEquipment","MostiFishMod:NightSea","Steam"],"picked":"SKIP","floor":6},{"not_picked":["Leap","Redo","Reckless Charge"],"picked":"Melter","floor":8},{"not_picked":["EmptyMind","Cold Snap","Replay:AtTheReady","Body Slam"],"picked":"SKIP","floor":11},{"not_picked":["REME_Repentance","Heel Hook","ThirdEye"],"picked":"Cleave","floor":13},{"not_picked":["Sunder","Sword Boomerang","MostiFishMod:ChineseTea","Cold Snap"],"picked":"SKIP","floor":14},{"not_picked":["Tools of the Trade","MostiFishMod:FantasySummer","Devotion"],"picked":"REME_ACTH","floor":16},{"not_picked":["True Grit+1","EmptyFist","Static Discharge+1"],"picked":"Dagger Spray","floor":18},{"not_picked":["Enlightenment","Hidden Blade+1","Pommel Strike"],"picked":"Acrobatics+1","floor":23},{"not_picked":["FlyingSleeves+1","Protect","Panic Button"],"picked":"Massacre","floor":25},{"not_picked":["Coolheaded+1","ClearTheMind","Crippling Poison+1"],"picked":"Consecrate","floor":27},{"not_picked":["Hidden Blade+1","Poisoned Stab+1","Steam"],"picked":"REME_Cut","floor":35},{"not_picked":["PiercingWail","Whirlwind+1","Sever Soul"],"picked":"Replay:Undeath\u0027s Touch","floor":39},{"not_picked":["Beam Cell","Deadly Poison","Replay:Sssssssssstrike+1"],"picked":"FollowUp","floor":40},{"not_picked":["Escape Plan+1","Consecrate","Weave+1"],"picked":"Rupture+1","floor":42},{"not_picked":["Run Through","ReplayTheSpireMod:Trickstab+1","ReplaySolidLightProjector","ReplayTheSpireMod:LeadingStrike"],"picked":"SKIP","floor":46},{"not_picked":["Consume","Iron Wave","Hidden Blade+1","PathToVictory+1"],"picked":"SKIP","floor":47},{"not_picked":["Replay:Sssssssssstrike","Clash+1","Perfected Strike","Sanctity"],"picked":"SKIP","floor":48},{"not_picked":["REME_PuzzleBox","Replay:Vibes","Sanctity+1"],"picked":"Flex+1","floor":54}],"player_experience":170708,"relics_obtained":[{"floor":1,"key":"Question Card"},{"floor":1,"key":"PrismaticShard"},{"floor":6,"key":"Peace Pipe"},{"floor":9,"key":"Replay:Ringing Soul"},{"floor":15,"key":"Centennial Puzzle"},{"floor":16,"key":"ImportantClient"},{"floor":19,"key":"Ring of Fury"},{"floor":19,"key":"ReplayTheSpireMod:Ring of Challenge"},{"floor":20,"key":"Necronomicon"},{"floor":25,"key":"Juzu Bracelet"},{"floor":26,"key":"ImprovedEquipment"},{"floor":40,"key":"ReplayTheSpireMod:Shallot"},{"floor":42,"key":"Paper Frog"},{"floor":48,"key":"Strawberry"},{"floor":54,"key":"ReplayTheSpireMod:Spearhead"}],"event_choices":[{"cards_removed":["Regret"],"damage_healed":0,"gold_gain":0,"player_choice":"Card Removal","damage_taken":0,"max_hp_gain":0,"max_hp_loss":0,"event_name":"The Cleric","floor":12,"gold_loss":50},{"damage_healed":0,"gold_gain":0,"player_choice":"Obtained Book","damage_taken":16,"max_hp_gain":0,"max_hp_loss":0,"event_name":"Cursed Tome","floor":20,"gold_loss":0},{"damage_healed":0,"gold_gain":0,"player_choice":"Shed Blood","damage_taken":24,"max_hp_gain":5,"max_hp_loss":0,"event_name":"Forgotten Altar","floor":21,"gold_loss":0},{"cards_removed":["Spreading Infection"],"damage_healed":0,"gold_gain":0,"player_choice":"Offered Curse","damage_taken":0,"relics_obtained":["Spirit Poop"],"max_hp_gain":0,"max_hp_loss":0,"event_name":"Bonfire Elementals","floor":22,"gold_loss":0},{"damage_healed":0,"gold_gain":0,"player_choice":"Read","damage_taken":0,"max_hp_gain":0,"max_hp_loss":0,"event_name":"The Library","floor":28,"gold_loss":0,"cards_obtained":["Hemogenesis"]},{"damage_healed":0,"gold_gain":0,"player_choice":"Simplicity","damage_taken":0,"max_hp_gain":0,"max_hp_loss":0,"event_name":"Back to Basics","floor":29,"gold_loss":0,"cards_upgraded":["Strike_R","Strike_R","Strike_R","Strike_R","Defend_R","Defend_R","Defend_R","Defend_R"]},{"damage_healed":0,"gold_gain":0,"player_choice":"Upgraded Two","damage_taken":0,"max_hp_gain":0,"max_hp_loss":0,"event_name":"Designer","floor":31,"gold_loss":40,"cards_upgraded":["Dagger Spray","Melter"]},{"damage_healed":0,"gold_gain":0,"player_choice":"Forge","damage_taken":0,"max_hp_gain":0,"max_hp_loss":0,"event_name":"Accursed Blacksmith","floor":36,"gold_loss":0,"cards_upgraded":["Massacre"]},{"cards_removed":["Defend_R"],"damage_healed":0,"gold_gain":0,"player_choice":"Purged","damage_taken":0,"max_hp_gain":0,"max_hp_loss":0,"event_name":"Purifier","floor":37,"gold_loss":0},{"damage_healed":0,"gold_gain":0,"player_choice":"Copied","damage_taken":0,"max_hp_gain":0,"max_hp_loss":0,"event_name":"Duplicator","floor":45,"gold_loss":0,"cards_obtained":["REME_ACTH"]}],"is_beta":false,"boss_relics":[{"not_picked":["Snecko Eye","FixedStarFall"],"picked":"JellyFishMachine"},{"not_picked":["Runic Pyramid","GuanYuAspect"],"picked":"MoonlightInvasionPlan"}],"items_purged_floors":[],"is_endless":false,"potions_floor_spawned":[4,6,8,13,23,33,35,40,47,54],"ascension_level":0}}