{"host":"7sy3dyg71hje4mzx","time":1608022622,"event":{"mods":["BaseMod","Minty Spire (QoL Compilation)","StSLib"],"gold_per_floor":[115,125,125,143,154,154,186,186,186,186,200,200,200],"floor_reached":12,"playtime":439,"items_purged":[],"score":113,"play_id":"4468c30f-3733-4852-a5a5-7f106db091bb","local_time":"20201215195702","is_ascension_mode":true,"campfire_choices":[{"data":"Capacitor","floor":6,"key":"SMITH"},{"floor":8,"key":"REST"}],"circlet_count":0,"master_deck":["Strike_B","Strike_B","Strike_B","Strike_B","Defend_B","Defend_B","Defend_B","Defend_B","Zap","Dualcast","Self Repair","Conserve Battery","Fusion","Capacitor+1","Redo","Multi-Cast","Shame","Barrage"],"relics":["Cracked Core","Pear"],"acts_visited":["Exordium"],"potions_floor_usage":[7],"damage_taken":[{"damage":5,"enemies":"Small Slimes","floor":1,"turns":3},{"damage":0,"enemies":"Cultist","floor":2,"turns":3},{"damage":2,"enemies":"2 Louse","floor":4,"turns":2},{"damage":0,"enemies":"Exordium Wildlife","floor":5,"turns":3},{"damage":51,"enemies":"Lagavulin","floor":7,"turns":7},{"damage":35,"enemies":"3 Louse","floor":11,"turns":7},{"damage":31,"enemies":"Gremlin Nob","floor":12,"turns":5}],"seed_played":"-4872276281434526653","potions_obtained":[{"floor":1,"key":"AttackPotion"},{"floor":7,"key":"PotionOfCapacity"},{"floor":11,"key":"Dexterity Potion"}],"is_trial":false,"path_per_floor":["M","M","?","M","M","R","E","R","T","?","M","E"],"character_chosen":"DEFECT","items_purchased":[],"campfire_rested":1,"item_purchase_floors":[],"current_hp_per_floor":[75,75,80,78,80,80,46,73,73,73,45,14,14],"gold":200,"neow_bonus":"THREE_CARDS","is_daily":false,"chose_seed":false,"campfire_upgraded":1,"win_rate":0.0,"timestamp":1608022622,"path_taken":["M","M","?","M","M","R","E","R","T","?","?","E"],"items_purchased_type":[],"build_version":"2020-12-13","purchased_purges":0,"victory":false,"max_hp_per_floor":[75,75,80,80,80,80,90,90,90,90,90,90,90],"card_choices":[{"not_picked":["Loop","Turbo"],"picked":"Self Repair","floor":0},{"not_picked":["Heatsinks","Ball Lightning"],"picked":"Conserve Battery","floor":1},{"not_picked":["Turbo","Rebound"],"picked":"Fusion","floor":2},{"not_picked":["Steam","Doom and Gloom"],"picked":"Capacitor","floor":4},{"not_picked":["Compile Driver","Leap"],"picked":"Redo","floor":5},{"not_picked":["Turbo","Steam"],"picked":"Multi-Cast","floor":7},{"not_picked":["Stack","Ball Lightning"],"picked":"Barrage","floor":11}],"player_experience":124446,"relics_obtained":[{"floor":7,"key":"Pear"}],"event_choices":[{"damage_healed":0,"gold_gain":0,"player_choice":"Donut","damage_taken":0,"max_hp_gain":5,"max_hp_loss":0,"event_name":"Big Fish","floor":3,"gold_loss":0},{"damage_healed":0,"gold_gain":0,"player_choice":"1 cards matched","damage_taken":0,"max_hp_gain":0,"max_hp_loss":0,"event_name":"Match and Keep!","floor":10,"gold_loss":0,"cards_obtained":["Shame"]}],"is_beta":false,"boss_relics":[],"items_purged_floors":[],"is_endless":false,"potions_floor_spawned":[1,7,11],"killed_by":"Gremlin Nob","ascension_level":2}}