{"host":"oy4pyvr762z5n0bb","time":1608073655,"event":{"mods":["AchievementEnabler","BaseMod","Colored Map","Colored Powertips","Googly Eyes","Key Reminder","Minty Spire (QoL Compilation)","Quick Restart","Relic Sorter","StSLib","SuperFastMode","Unceasing Turn Reminder","slay the spire mod where everything is the same but ironclad has a cowboy hat"],"gold_per_floor":[111,111,125,143,156,156,182,236,236,236,247,279,64,64,64],"floor_reached":14,"playtime":237,"items_purged":[],"score":120,"play_id":"c43d3a71-e2ea-4618-ac38-b8e53f3665ef","local_time":"20201215150735","is_ascension_mode":true,"campfire_choices":[{"data":"Limit Break","floor":6,"key":"SMITH"}],"circlet_count":0,"master_deck":["Strike_R","Strike_R","Strike_R","Strike_R","Defend_R","Defend_R","Defend_R","Defend_R","Bash","Spot Weakness","Body Slam","Uppercut","Limit Break+1","Thunderclap","Carnage","Power Through","Pommel Strike","Master of Strategy"],"relics":["Burning Blood","NeowsBlessing","Toy Ornithopter","Juzu Bracelet","CultistMask","Gremlin Horn"],"acts_visited":["Exordium"],"potions_floor_usage":[12],"damage_taken":[{"damage":0,"enemies":"Small Slimes","floor":1,"turns":1},{"damage":0,"enemies":"Cultist","floor":3,"turns":1},{"damage":0,"enemies":"Jaw Worm","floor":4,"turns":1},{"damage":15,"enemies":"3 Louse","floor":5,"turns":4},{"damage":35,"enemies":"Gremlin Nob","floor":7,"turns":4},{"damage":16,"enemies":"Gremlin Gang","floor":11,"turns":3},{"damage":15,"enemies":"3 Sentries","floor":12,"turns":6},{"damage":35,"enemies":"Lagavulin","floor":14,"turns":5}],"seed_played":"-3295930106743396418","potions_obtained":[{"floor":4,"key":"BlessingOfTheForge"}],"is_trial":false,"path_per_floor":["M","?","M","M","M","R","E","?","T","?","M","E","$","E"],"character_chosen":"IRONCLAD","items_purchased":["Pommel Strike","Master of Strategy"],"campfire_rested":0,"item_purchase_floors":[13,13],"current_hp_per_floor":[80,80,80,80,71,71,42,42,42,42,32,28,28,0,0],"gold":64,"neow_bonus":"THREE_ENEMY_KILL","is_daily":false,"chose_seed":false,"campfire_upgraded":1,"win_rate":0.0,"timestamp":1608073655,"path_taken":["M","?","?","?","M","R","E","?","T","?","M","E","$","E"],"items_purchased_type":["Card","Card"],"build_version":"2020-12-13","purchased_purges":0,"victory":false,"max_hp_per_floor":[80,80,80,80,80,80,80,80,80,80,80,80,80,80,80],"card_choices":[{"not_picked":["Flex","Shrug It Off"],"picked":"Spot Weakness","floor":1},{"not_picked":["Sword Boomerang","Anger"],"picked":"Uppercut","floor":3},{"not_picked":["Rampage","Iron Wave"],"picked":"Limit Break","floor":4},{"not_picked":["Iron Wave","Rupture"],"picked":"Thunderclap","floor":5},{"not_picked":["Thunderclap","Clash","Barricade"],"picked":"SKIP","floor":7},{"not_picked":["Warcry","Anger"],"picked":"Carnage","floor":11},{"not_picked":["Shrug It Off","Clothesline"],"picked":"Power Through","floor":12}],"player_experience":541592,"relics_obtained":[{"floor":7,"key":"Toy Ornithopter"},{"floor":9,"key":"Juzu Bracelet"},{"floor":12,"key":"Gremlin Horn"}],"event_choices":[{"damage_healed":0,"gold_gain":0,"cards_transformed":["Strike_R"],"player_choice":"Transformed","damage_taken":0,"max_hp_gain":0,"max_hp_loss":0,"event_name":"Transmorgrifier","floor":2,"gold_loss":0,"cards_obtained":["Body Slam"]},{"damage_healed":0,"gold_gain":54,"player_choice":"Gained Gold","damage_taken":0,"max_hp_gain":0,"max_hp_loss":0,"event_name":"Golden Wing","floor":8,"gold_loss":0},{"damage_healed":0,"gold_gain":0,"player_choice":"Trade","damage_taken":0,"relics_obtained":["CultistMask"],"max_hp_gain":0,"max_hp_loss":0,"event_name":"FaceTrader","floor":10,"gold_loss":0}],"is_beta":false,"boss_relics":[],"items_purged_floors":[],"is_endless":false,"potions_floor_spawned":[4],"killed_by":"Lagavulin","ascension_level":4}}