{"host":"g53g9qlo34vrqi92","time":1608009939,"event":{"mods":["Aspiration","Bard","BaseMod","Beaked The Cultist","BetterRewards","Colored Map","Conspire","Energized Spire","Fiend Mod","GifTheSpireLib","Googly Eyes","Gremlin Skip","Halation","Hermit","Hubris","Infinite Spire","Jedi Mod","Minty Spire (QoL Compilation)","Permanent Neow","Quick Restart","Relic Filter","Replay The Spire","Spikes Relics","StSLib","Stuff the Spire","Synergy Search","The Bladedancer","The Bug Knight","The Construct","The Cursed","The Factory","The Forsaken","The Jungle","The Necromancer","The Spell Scribe","The Trickster","Trackpad","slay the spire mod where everything is the same but ironclad has a cowboy hat","vexMod"],"gold_per_floor":[363,48,67,67,79,79,104,124,147,74,74,74,102,122,122,229,229,258,5,30,57,7,7,32,32,32,32,61,89,127,147,147,260,260,271,298,50,59,86,86,135,66,66,66,127,179,179,238,238,254],"floor_reached":51,"playtime":3452,"items_purged":["hubris:Lust"],"score":751,"play_id":"34e9126c-bf6b-4ab8-9a3b-f390539643ad","local_time":"20201214212539","is_ascension_mode":false,"campfire_choices":[{"data":"theTrickster:SwiftSlash","floor":6.0,"key":"SMITH"},{"data":"theTrickster:HandGrenade","floor":11.0,"key":"SMITH"},{"floor":15.0,"key":"REST"},{"data":"theTrickster:DebilitatingShot","floor":23.0,"key":"SMITH"},{"data":"theTrickster:BlurTheLines","floor":25.0,"key":"SMITH"},{"data":"theTrickster:BlurTheLines","floor":27.0,"key":"SMITH"},{"floor":32,"key":"RECALL"},{"data":"theTrickster:DebilitatingShot","floor":40,"key":"SMITH"},{"data":"theTrickster:MentalStrength","floor":44,"key":"SMITH"},{"floor":47,"key":"REST"}],"circlet_count":0,"master_deck":["theTrickster:Strike_Brown+1","theTrickster:Strike_Brown","theTrickster:Strike_Brown+1","theTrickster:Strike_Brown","theTrickster:Strike_Brown+1","theTrickster:Defend_Brown","theTrickster:Defend_Brown","theTrickster:Defend_Brown","theTrickster:Defend_Brown+1","theTrickster:Defend_Brown","theTrickster:DaringSlash","theTrickster:BackStep","theTrickster:DivingSlice+1","Panacea","theTrickster:SwiftSlash+1","theTrickster:Parry","theTrickster:BlurTheLines+1","theTrickster:DebilitatingShot+1","theTrickster:HandGrenade+1","theTrickster:FancyCape","theTrickster:SmokeOfConfusion","theTrickster:BlurTheLines+1","theTrickster:DebilitatingShot+1","theTrickster:NickAndSkid+1","theTrickster:StopTheBleeding+1","theTrickster:Parry+1","theTrickster:BattlePlan+1","theTrickster:ForbiddenMedicine","theTrickster:MentalStrength+1","theTrickster:Feint","theTrickster:BulletRain","theTrickster:BattlePlan+1","ReplayTheSpireMod:Brewmster","Finesse","StuffTheSpire:GnomedCurse","theTrickster:HandGrenade+1","theTrickster:Repetition","theTrickster:StopTheBleeding+1","theTrickster:DivingSlice+1","theTrickster:DebilitatingShot"],"relics":["theTrickster:OpticalIllusionRelic","Sling","Replay:Baseball","CeramicFish","hubris:GrandSneckoEye","vexMod:Dragonfruit","Whetstone","hubris:BlackHole","ReplayTheSpireMod:Ring of Addiction","Toy Ornithopter","SacredBark","ReplayTheSpireMod:Ring of Exchange","Replay:Bandana","Peace Pipe","infinitespire:Eraser"],"acts_visited":["Exordium","TheCity","TheBeyond"],"potions_floor_usage":[41,41,45,46,46,46,46,48,48,50,50,50,50,50,50,50,50,50,50,50,50,50,50],"damage_taken":[{"damage":12.0,"enemies":"Cultist","floor":1.0,"turns":5.0},{"damage":0.0,"enemies":"Small Slimes","floor":3.0,"turns":3.0},{"damage":0.0,"enemies":"Jaw Worm","floor":5.0,"turns":2.0},{"damage":10.0,"enemies":"3 Sentries","floor":7.0,"turns":6.0},{"damage":0.0,"enemies":"Lots of Slimes","floor":8.0,"turns":3.0},{"damage":0.0,"enemies":"Looter","floor":13.0,"turns":2.0},{"damage":3.0,"enemies":"Red Slaver","floor":14.0,"turns":4.0},{"damage":44.0,"enemies":"Fading Forest","floor":16.0,"turns":11.0},{"damage":0.0,"enemies":"Spheric Guardian","floor":18.0,"turns":3.0},{"damage":0.0,"enemies":"2 Thieves","floor":20.0,"turns":2.0},{"damage":4.0,"enemies":"Snake Plant","floor":21.0,"turns":6.0},{"damage":2.0,"enemies":"Centurion and Healer","floor":24.0,"turns":7.0},{"damage":3,"enemies":"conspire:HollyBat","floor":28,"turns":8},{"damage":0,"enemies":"3 Cultists","floor":29,"turns":3},{"damage":7,"enemies":"conspire:SneckoGhost","floor":30,"turns":6},{"damage":4,"enemies":"Snecko","floor":31,"turns":5},{"damage":10,"enemies":"Automaton","floor":33,"turns":10},{"damage":0,"enemies":"Orb Walker","floor":35,"turns":3},{"damage":0,"enemies":"3 Shapes","floor":36,"turns":4},{"damage":5,"enemies":"Transient","floor":41,"turns":5},{"damage":16,"enemies":"4 Shapes","floor":45,"turns":4},{"damage":64,"enemies":"Nightmare","floor":46,"turns":10},{"damage":0,"enemies":"Spire Growth","floor":48,"turns":3},{"damage":40,"enemies":"infinitespire:MassOfShapes","floor":50,"turns":8}],"seed_played":"7527750875121821652","potions_obtained":[{"floor":1.0,"key":"Languid Potion"},{"floor":3.0,"key":"Ancient Potion"},{"floor":16.0,"key":"Swift Potion"},{"floor":38,"key":"Toxic Potion"},{"floor":46,"key":"Adrenaline Potion"},{"floor":48,"key":"Regen Potion"}],"is_trial":false,"path_per_floor":["M","$","M","?","M","R","E","M","T","$","R","?","M","M","R","B",null,"M","$","M","M","?","R","M","R","T","R","M","M","E","M","R","B",null,"M","M","$","?","T","R","M","$","T","R","M","NM","R","M","R_BF","B",null],"character_chosen":"THE_TRICKSTER","items_purchased":["Sling","Panacea","theTrickster:HandGrenade","vexMod:Dragonfruit","ReplayTheSpireMod:Brewmster","Finesse","theTrickster:Repetition"],"campfire_rested":2,"item_purchase_floors":[2,2,10,19,37,37,42],"current_hp_per_floor":[63,63,63,63,63,63,53,53,53,53,53,38,38,37,59,17,75,75,80,80,76,76,76,76,76,76,76,75,77,79,76,76,70,80,80,80,80,80,80,80,75,75,75,75,62,35,58,68,68,78],"gold":254,"neow_bonus":"TWO_FIFTY_GOLD","is_daily":false,"chose_seed":false,"campfire_upgraded":7,"win_rate":0.0,"timestamp":1608009939,"path_taken":["M","$","M","?","M","R","E","M","T","$","R","?","?","?","R","BOSS","M","$","M","M","?","R","M","R","T","R","?","M","E","M","R","BOSS","M","M","?","?","?","R","M","$","T","R","M","NM","R","M","R_BF","BOSS"],"items_purchased_type":["Relic","Card","Card","Relic","Card","Card","Card"],"build_version":"2020-12-13","purchased_purges":1,"victory":true,"max_hp_per_floor":[75,75,75,75,75,75,75,75,75,75,75,75,75,75,75,75,75,75,80,80,80,80,80,80,80,80,80,80,80,80,80,80,80,80,80,80,80,80,80,80,80,80,80,80,78,78,78,78,78,78],"card_choices":[{"not_picked":["theTrickster:Audacity","theTrickster:DebilitatingShot"],"picked":"theTrickster:DivingSlice","floor":1.0},{"not_picked":["theTrickster:StopTheBleeding","theTrickster:BattlePlan"],"picked":"theTrickster:SwiftSlash","floor":3.0},{"not_picked":["theTrickster:Audacity","theTrickster:StopTheBleeding"],"picked":"theTrickster:Parry","floor":5.0},{"not_picked":["theTrickster:RampingUpDefend","theTrickster:TrickyDefend"],"picked":"theTrickster:BlurTheLines","floor":7.0},{"not_picked":["theTrickster:RampingUpStrike","theTrickster:TrickyDefend"],"picked":"theTrickster:DebilitatingShot","floor":8.0},{"not_picked":["theTrickster:RampingUpStrike","theTrickster:Decoy"],"picked":"theTrickster:FancyCape","floor":13.0},{"not_picked":["theTrickster:TrickyDefend","theTrickster:KillThemAll"],"picked":"theTrickster:SmokeOfConfusion","floor":14.0},{"not_picked":["theTrickster:PistolWhip","theTrickster:ForbiddenMedicine"],"picked":"theTrickster:BlurTheLines","floor":16.0},{"not_picked":["theTrickster:ImpulsiveDefend","theTrickster:LightTrick"],"picked":"theTrickster:DebilitatingShot","floor":18.0},{"not_picked":["theTrickster:SmokeOfConfusion","theTrickster:DebilitatingShot"],"picked":"theTrickster:NickAndSkid+1","floor":20.0},{"not_picked":["theTrickster:SmokeAndMirrors","theTrickster:TrickyStrike"],"picked":"theTrickster:StopTheBleeding+1","floor":21.0},{"not_picked":["theTrickster:FirstAidKit","theTrickster:TickingPackage"],"picked":"theTrickster:Parry+1","floor":24.0},{"not_picked":["theTrickster:Feint","theTrickster:Firecrackers+1"],"picked":"theTrickster:BattlePlan+1","floor":28},{"not_picked":["theTrickster:ImpulsiveDefend","theTrickster:DebilitatingShot"],"picked":"theTrickster:ForbiddenMedicine","floor":29},{"not_picked":["theTrickster:Gunblade","theTrickster:ImpulsiveStrike"],"picked":"theTrickster:MentalStrength","floor":30},{"not_picked":["theTrickster:SharpBlade","theTrickster:TacticalDefend"],"picked":"theTrickster:Feint","floor":31},{"not_picked":["theTrickster:Safeguard","theTrickster:Impale"],"picked":"theTrickster:BulletRain","floor":33},{"not_picked":["theTrickster:OminousSmile","theTrickster:DeepPockets","theTrickster:TrickyDefend+1"],"picked":"SKIP","floor":35},{"not_picked":["theTrickster:RampingUpDefend+1","theTrickster:NickAndSkid"],"picked":"theTrickster:BattlePlan+1","floor":36},{"not_picked":["theTrickster:CapriciousThrust","theTrickster:SwiftSlash"],"picked":"theTrickster:HandGrenade+1","floor":41},{"not_picked":["theTrickster:TrickyStrike","theTrickster:LightTrick"],"picked":"theTrickster:StopTheBleeding+1","floor":45},{"not_picked":["theTrickster:SharpBlade+1","theTrickster:CreateAnOpening"],"picked":"theTrickster:DivingSlice+1","floor":46},{"not_picked":["theTrickster:Volley","theTrickster:Decoy+1"],"picked":"theTrickster:DebilitatingShot","floor":48}],"player_experience":979318,"relics_obtained":[{"floor":7.0,"key":"Replay:Baseball"},{"floor":9.0,"key":"CeramicFish"},{"floor":30,"key":"Whetstone"},{"floor":38,"key":"ReplayTheSpireMod:Ring of Addiction"},{"floor":38,"key":"Toy Ornithopter"},{"floor":38,"key":"SacredBark"},{"floor":38,"key":"ReplayTheSpireMod:Ring of Exchange"},{"floor":39,"key":"Replay:Bandana"},{"floor":43,"key":"Peace Pipe"},{"floor":46,"key":"infinitespire:Eraser"}],"event_choices":[{"damage_healed":0.0,"max_hp_gain":0.0,"max_hp_loss":0.0,"gold_gain":0.0,"event_name":"Shining Light","player_choice":"Entered Light","floor":12.0,"gold_loss":0.0,"damage_taken":15.0,"cards_upgraded":["theTrickster:Strike_Brown","theTrickster:Strike_Brown"]},{"damage_healed":0.0,"max_hp_gain":0.0,"max_hp_loss":0.0,"gold_gain":0.0,"event_name":"The Joust","player_choice":"Bet on Murderer","floor":22.0,"gold_loss":50.0,"damage_taken":0.0},{"damage_healed":0,"gold_gain":0,"player_choice":"Ignored","damage_taken":0,"max_hp_gain":0,"max_hp_loss":0,"event_name":"The Moai Head","floor":49,"gold_loss":0}],"is_beta":false,"boss_relics":[{"not_picked":["aspiration:DefectSkillbook","conspire:SeveredTorchhead"],"picked":"hubris:GrandSneckoEye"},{"not_picked":["Cursed Key","Coffee Dripper"],"picked":"hubris:BlackHole"}],"items_purged_floors":[2],"is_endless":false,"potions_floor_spawned":[1,3,16,18,21,28,31,33,36,46,48],"ascension_level":0}}