{"host":"fq53p46eudtfn1d2","time":1608010472,"event":{"mods":["BaseMod","Better Sensory Stone","Colored Powertips","Energized Spire","Minty Spire (QoL Compilation)","Permanent Neow","Quick Restart","StSLib","The Animator"],"gold_per_floor":[109,184,39,39,59,84,84,110,110,143,143,16,32,42,42,138,138,155,155,255,274,51,51,51],"floor_reached":23,"playtime":888,"items_purged":["Strike_B"],"score":244,"play_id":"a04f47af-87a5-48de-a9db-99127a9b05fe","local_time":"20201215003432","is_ascension_mode":true,"campfire_choices":[{"data":"Buffer","floor":7.0,"key":"SMITH"},{"data":"Capacitor","floor":11.0,"key":"SMITH"},{"data":"Zap","floor":15.0,"key":"SMITH"}],"circlet_count":0,"master_deck":["Strike_B","Strike_B","Defend_B","Defend_B","Defend_B","Defend_B","Zap+1","Dualcast","Gash","Buffer+1","Ball Lightning","Coolheaded","Capacitor+1","Cold Snap","Gash","Cold Snap","Creative AI+1","Consume","Trip","Creative AI+1","Chaos","Zap","Steam","Coolheaded","Self Repair+1"],"relics":["energizedSpire:OgreHead","Runic Capacitor","Letter Opener","Oddly Smooth Stone","Frozen Egg 2","Juzu Bracelet","SacredBark","CeramicFish"],"acts_visited":["Exordium","TheCity"],"potions_floor_usage":[],"damage_taken":[{"damage":6.0,"enemies":"Cultist","floor":1.0,"turns":5.0},{"damage":4.0,"enemies":"Small Slimes","floor":5.0,"turns":6.0},{"damage":8.0,"enemies":"Lagavulin","floor":6.0,"turns":7.0},{"damage":0.0,"enemies":"Gremlin Nob","floor":8.0,"turns":5.0},{"damage":3.0,"enemies":"3 Sentries","floor":10.0,"turns":5.0},{"damage":0.0,"enemies":"2 Louse","floor":13.0,"turns":3.0},{"damage":4.0,"enemies":"Gremlin Gang","floor":14.0,"turns":3.0},{"damage":27.0,"enemies":"The Guardian","floor":16.0,"turns":11.0},{"damage":20.0,"enemies":"Shell Parasite","floor":18.0,"turns":7.0},{"damage":38.0,"enemies":"2 Thieves","floor":21.0,"turns":5.0},{"damage":20,"enemies":"Slavers","floor":23,"turns":2}],"seed_played":"-5659399762095494943","potions_obtained":[{"floor":1.0,"key":"AttackPotion"},{"floor":6.0,"key":"Block Potion"},{"floor":8.0,"key":"DuplicationPotion"},{"floor":13.0,"key":"Explosive Potion"},{"floor":21,"key":"SteroidPotion"}],"is_trial":false,"path_per_floor":["M","?","$","?","M","E","R","E","T","E","R","$","M","M","R","B",null,"M","?","?","M","$","E"],"character_chosen":"DEFECT","items_purchased":["Runic Capacitor","Gash","CeramicFish","Self Repair+1"],"campfire_rested":0,"item_purchase_floors":[3,12,22,22],"current_hp_per_floor":[69,58,58,58,54,46,46,46,46,43,43,43,43,39,39,12,75,55,55,55,17,17,0,0],"gold":51,"neow_bonus":"BOSS_RELIC","is_daily":false,"chose_seed":false,"campfire_upgraded":3,"win_rate":0.0,"timestamp":1608010472,"path_taken":["M","?","$","?","?","E","R","E","T","E","R","$","M","M","R","BOSS","M","?","?","M","?","E"],"items_purchased_type":["Relic","Card","Relic","Card"],"build_version":"2020-12-13","purchased_purges":1,"victory":false,"max_hp_per_floor":[75,75,75,75,75,75,75,75,75,75,75,75,75,75,75,75,75,75,75,75,75,75,75,75],"card_choices":[{"not_picked":["FTL","Hello World"],"picked":"Gash","floor":1.0},{"not_picked":["Melter","Hologram"],"picked":"Ball Lightning","floor":5.0},{"not_picked":["Reprogram","Streamline"],"picked":"Coolheaded","floor":6.0},{"not_picked":["Rainbow","Ball Lightning"],"picked":"Capacitor","floor":8.0},{"not_picked":["Sweeping Beam","Chaos"],"picked":"Cold Snap","floor":10.0},{"not_picked":["Sweeping Beam","Hologram"],"picked":"Cold Snap","floor":13.0},{"not_picked":["Leap","Compile Driver","Hologram"],"picked":"SKIP","floor":14.0},{"not_picked":["All For One","Buffer+1"],"picked":"Creative AI+1","floor":16.0},{"not_picked":["Melter","White Noise+1"],"picked":"Consume","floor":18.0},{"not_picked":["Compile Driver","Ball Lightning+1"],"picked":"Coolheaded","floor":21}],"player_experience":350186,"relics_obtained":[{"floor":6.0,"key":"Letter Opener"},{"floor":8.0,"key":"Oddly Smooth Stone"},{"floor":9.0,"key":"Frozen Egg 2"},{"floor":10.0,"key":"Juzu Bracelet"}],"event_choices":[{"damage_healed":0.0,"max_hp_gain":0.0,"max_hp_loss":0.0,"gold_gain":75.0,"event_name":"World of Goop","player_choice":"Gather Gold","floor":2.0,"gold_loss":0.0,"damage_taken":11.0},{"damage_healed":0.0,"max_hp_gain":0.0,"max_hp_loss":0.0,"gold_gain":0.0,"cards_transformed":["Strike_B"],"event_name":"Transmorgrifier","player_choice":"Transformed","floor":4.0,"gold_loss":0.0,"damage_taken":0.0,"cards_obtained":["Buffer"]},{"damage_healed":0.0,"max_hp_gain":0.0,"max_hp_loss":0.0,"gold_gain":0.0,"event_name":"Match and Keep!","player_choice":"5 cards matched","floor":19.0,"gold_loss":0.0,"damage_taken":0.0,"cards_obtained":["Trip","Creative AI","Chaos","Zap","Steam"]},{"damage_healed":0.0,"max_hp_gain":0.0,"max_hp_loss":0.0,"gold_gain":100.0,"event_name":"Golden Shrine","player_choice":"Pray","floor":20.0,"gold_loss":0.0,"damage_taken":0.0}],"is_beta":false,"boss_relics":[{"not_picked":["Tiny House","Coffee Dripper"],"picked":"SacredBark"}],"items_purged_floors":[12],"is_endless":false,"potions_floor_spawned":[1,6,8,13,16,21],"killed_by":"Slavers","ascension_level":1}}