{"host":"f0gpob8hq9vgebej","time":1608015022,"event":{"mods":["AchievementEnabler","BaseMod","Googly Eyes","Minty Spire (QoL Compilation)","Quick Restart","SuperFastMode"],"gold_per_floor":[118,133,152,165,182,61,71,71,71,104,120,120,120,139,139,236,236,252,177,276,287,321,321,335,335,380,380,380,395,422,442,442,442,442],"floor_reached":33,"playtime":942,"items_purged":["Strike_G"],"score":339,"play_id":"fd0c1bd3-c9c8-43ea-a23e-b535919fc69e","local_time":"20201215155022","is_ascension_mode":true,"campfire_choices":[{"data":"Accuracy","floor":8,"key":"SMITH"},{"data":"Reflex","floor":12,"key":"SMITH"},{"floor":15,"key":"REST"},{"data":"Burst","floor":23,"key":"SMITH"},{"data":"Blade Dance","floor":25,"key":"SMITH"},{"data":"Backflip","floor":27,"key":"SMITH"},{"floor":32,"key":"REST"}],"circlet_count":0,"master_deck":["Strike_G","Strike_G","Strike_G","Strike_G","Defend_G","Defend_G","Defend_G","Defend_G","Defend_G","Survivor","Neutralize","Glass Knife","Deadly Poison","Acrobatics","Dagger Spray","Adrenaline","Blade Dance+1","Accuracy+1","Crippling Poison","Reflex+1","Burst+1","Calculated Gamble+1","Backflip+1","Cloak And Dagger+1","Prepared","Acrobatics+1"],"relics":["Ring of the Snake","Mummified Hand","Centennial Puzzle","Bag of Marbles","HoveringKite","Red Mask","Dream Catcher","Girya"],"acts_visited":["Exordium","TheCity"],"potions_floor_usage":[16,22,22,28,30,33,33,33],"damage_taken":[{"damage":4,"enemies":"Small Slimes","floor":1,"turns":3},{"damage":0,"enemies":"Jaw Worm","floor":2,"turns":3},{"damage":0,"enemies":"Cultist","floor":3,"turns":3},{"damage":4,"enemies":"2 Fungi Beasts","floor":4,"turns":3},{"damage":3,"enemies":"Looter","floor":5,"turns":3},{"damage":0,"enemies":"Exordium Wildlife","floor":7,"turns":3},{"damage":30,"enemies":"Lagavulin","floor":10,"turns":6},{"damage":0,"enemies":"2 Fungi Beasts","floor":11,"turns":3},{"damage":4,"enemies":"Exordium Thugs","floor":14,"turns":5},{"damage":18,"enemies":"Slime Boss","floor":16,"turns":6},{"damage":14,"enemies":"2 Thieves","floor":18,"turns":3},{"damage":0,"enemies":"Spheric Guardian","floor":21,"turns":3},{"damage":7,"enemies":"Masked Bandits","floor":22,"turns":2},{"damage":8,"enemies":"Snecko","floor":24,"turns":4},{"damage":2,"enemies":"Chosen and Byrds","floor":29,"turns":2},{"damage":12,"enemies":"Gremlin Leader","floor":30,"turns":7},{"damage":0,"enemies":"Shelled Parasite and Fungi","floor":31,"turns":3},{"damage":38,"enemies":"Automaton","floor":33,"turns":6}],"seed_played":"-9097184682016383544","potions_obtained":[{"floor":2,"key":"PowerPotion"},{"floor":4,"key":"Energy Potion"},{"floor":11,"key":"Explosive Potion"},{"floor":16,"key":"SpeedPotion"},{"floor":28,"key":"Fruit Juice"},{"floor":28,"key":"Weak Potion"},{"floor":28,"key":"BlessingOfTheForge"},{"floor":29,"key":"GhostInAJar"},{"floor":31,"key":"AttackPotion"}],"is_trial":false,"path_per_floor":["M","M","M","M","M","$","M","R","T","E","M","R","?","M","R","B",null,"M","$","?","M","?","R","M","R","T","R","?","M","E","M","R","B"],"character_chosen":"THE_SILENT","items_purchased":["Blade Dance","Accuracy"],"campfire_rested":2,"item_purchase_floors":[6,6],"current_hp_per_floor":[66,66,66,62,59,59,59,59,59,29,29,29,22,18,39,21,58,44,44,44,44,37,37,29,29,29,29,34,32,20,20,42,4,4],"gold":442,"neow_bonus":"ONE_RANDOM_RARE_CARD","is_daily":false,"chose_seed":false,"campfire_upgraded":5,"win_rate":0.0,"timestamp":1608015022,"path_taken":["M","M","M","M","M","$","M","R","T","E","M","R","?","M","R","BOSS","M","$","?","M","?","R","M","R","T","R","?","M","E","?","R","BOSS"],"items_purchased_type":["Card","Card"],"build_version":"2020-12-13","purchased_purges":1,"victory":false,"max_hp_per_floor":[70,70,70,70,70,70,70,70,70,70,70,70,70,70,70,70,70,70,70,70,70,70,70,70,70,70,70,75,75,75,75,75,75,75],"card_choices":[{"not_picked":["Cloak And Dagger","Dagger Throw"],"picked":"Deadly Poison","floor":1},{"not_picked":["Calculated Gamble","Bane"],"picked":"Acrobatics","floor":2},{"not_picked":["Eviscerate","Dagger Throw","Caltrops"],"picked":"SKIP","floor":3},{"not_picked":["Bane","Eviscerate"],"picked":"Dagger Spray","floor":4},{"not_picked":["Tactician","Slice"],"picked":"Adrenaline","floor":5},{"not_picked":["Endless Agony","Leg Sweep","Dagger Throw"],"picked":"SKIP","floor":7},{"not_picked":["Deflect","Storm of Steel"],"picked":"Crippling Poison","floor":10},{"not_picked":["Skewer","Deadly Poison"],"picked":"Reflex","floor":11},{"not_picked":["Catalyst","Underhanded Strike","Slice"],"picked":"SKIP","floor":14},{"not_picked":["Wraith Form v2","A Thousand Cuts"],"picked":"Burst","floor":16},{"not_picked":["Distraction","Predator","Terror"],"picked":"SKIP","floor":18},{"not_picked":["Underhanded Strike+1","Choke"],"picked":"Calculated Gamble+1","floor":21},{"not_picked":["Catalyst","Underhanded Strike"],"picked":"Backflip","floor":22},{"not_picked":["Dash","Deflect"],"picked":"Cloak And Dagger+1","floor":24},{"not_picked":["Setup","Cloak And Dagger+1","Dodge and Roll"],"picked":"SKIP","floor":29},{"not_picked":["Venomology","Underhanded Strike"],"picked":"Prepared","floor":30},{"not_picked":["Heel Hook+1","Underhanded Strike+1","Finisher"],"picked":"SKIP","floor":31},{"not_picked":["Backflip","Slice"],"picked":"Acrobatics+1","floor":32}],"player_experience":137187,"relics_obtained":[{"floor":9,"key":"Mummified Hand"},{"floor":10,"key":"Centennial Puzzle"},{"floor":22,"key":"Red Mask"},{"floor":26,"key":"Dream Catcher"},{"floor":30,"key":"Girya"}],"event_choices":[{"damage_healed":0,"gold_gain":0,"player_choice":"Success","damage_taken":7,"relics_obtained":["Bag of Marbles"],"max_hp_gain":0,"max_hp_loss":0,"event_name":"Scrap Ooze","floor":13,"gold_loss":0},{"damage_healed":0,"gold_gain":99,"player_choice":"Stole From Cult","damage_taken":0,"max_hp_gain":0,"max_hp_loss":0,"event_name":"Nest","floor":20,"gold_loss":0},{"damage_healed":0,"gold_gain":0,"player_choice":"Fought Bandits","damage_taken":0,"max_hp_gain":0,"max_hp_loss":0,"event_name":"Masked Bandits","floor":22,"gold_loss":0},{"damage_healed":0,"gold_gain":0,"player_choice":"Got Potions","damage_taken":0,"max_hp_gain":0,"max_hp_loss":0,"event_name":"Lab","floor":28,"gold_loss":0}],"is_beta":false,"boss_relics":[{"not_picked":["Sozu","Tiny House"],"picked":"HoveringKite"}],"items_purged_floors":[19],"is_endless":false,"potions_floor_spawned":[2,4,11,16,18,29,31],"killed_by":"Automaton","ascension_level":5}}