{"host":"i4eavuqabbk5mi94","time":1608055997,"event":{"mods":["BaseMod","Googly Eyes","Minty Spire (QoL Compilation)"],"gold_per_floor":[116,48,68,143,143,176,176,203,229,229,189,189,189,206,206,307,307,324,324,335,434,447,447,482,502,571,604,604,65,84,115,115,218,218,232,582,804,167,167,167,177,24,47,65,65,65,65,65],"floor_reached":47,"playtime":5093,"items_purged":["Strike_G","Strike_G"],"score":539,"play_id":"f3dbe600-9fcd-40f1-b996-cefb0248365e","local_time":"20201215181317","is_ascension_mode":true,"campfire_choices":[{"floor":7,"key":"REST"},{"floor":10,"key":"REST"},{"floor":13,"key":"REST"},{"data":"Neutralize","floor":15,"key":"SMITH"},{"floor":23,"key":"REST"},{"floor":28,"key":"REST"},{"floor":32,"key":"REST"},{"data":"Footwork","floor":40,"key":"SMITH"},{"floor":45,"key":"REST"}],"circlet_count":0,"master_deck":["Strike_G","Strike_G","Defend_G","Defend_G","Defend_G","Defend_G","Survivor","Neutralize+1","Cloak And Dagger","Dagger Spray","Footwork+1","PiercingWail","Backflip","Acrobatics","Deadly Poison","Envenom","Poisoned Stab","Terror","Well Laid Plans","Flying Knee+1","Riddle With Holes","Calculated Gamble","Dagger Throw","A Thousand Cuts","Bane+1","Noxious Fumes","Finesse"],"relics":["Ring of the Snake","Omamori","Boot","Juzu Bracelet","Busted Crown","Thread and Needle","Mercury Hourglass","Bird Faced Urn","Question Card","Red Mask","Snecko Eye","Old Coin","Tingsha","Strawberry","TheAbacus","Centennial Puzzle"],"acts_visited":["Exordium","TheCity","TheBeyond"],"potions_floor_usage":[6,8,16,16,24,27,31,31,31,47],"damage_taken":[{"damage":1,"enemies":"2 Louse","floor":1,"turns":2},{"damage":0,"enemies":"Cultist","floor":3,"turns":4},{"damage":20,"enemies":"3 Sentries","floor":6,"turns":11},{"damage":37,"enemies":"Gremlin Nob","floor":8,"turns":6},{"damage":0,"enemies":"Small Slimes","floor":14,"turns":3},{"damage":16,"enemies":"Hexaghost","floor":16,"turns":10},{"damage":0,"enemies":"3 Byrds","floor":18,"turns":5},{"damage":40,"enemies":"2 Thieves","floor":20,"turns":5},{"damage":14,"enemies":"Snecko","floor":22,"turns":5},{"damage":18,"enemies":"Book of Stabbing","floor":24,"turns":8},{"damage":6,"enemies":"Chosen and Byrds","floor":25,"turns":8},{"damage":21,"enemies":"Slavers","floor":27,"turns":6},{"damage":3,"enemies":"Snake Plant","floor":30,"turns":4},{"damage":0,"enemies":"Masked Bandits","floor":31,"turns":4},{"damage":53,"enemies":"Automaton","floor":33,"turns":11},{"damage":5,"enemies":"Orb Walker","floor":35,"turns":4},{"damage":1,"enemies":"Mind Bloom Boss Battle","floor":36,"turns":9},{"damage":16,"enemies":"3 Darklings","floor":41,"turns":4},{"damage":73,"enemies":"Writhing Mass","floor":44,"turns":6},{"damage":68,"enemies":"Reptomancer","floor":47,"turns":2}],"seed_played":"-2571630964446137637","potions_obtained":[{"floor":1,"key":"SkillPotion"},{"floor":6,"key":"LiquidMemories"},{"floor":11,"key":"FairyPotion"},{"floor":11,"key":"AttackPotion"},{"floor":11,"key":"DistilledChaos"},{"floor":22,"key":"FearPotion"},{"floor":25,"key":"Block Potion"},{"floor":27,"key":"EssenceOfSteel"},{"floor":33,"key":"Strength Potion"}],"is_trial":false,"path_per_floor":["M","$","M","?","?","E","R","E","T","R","?","?","R","M","R","B",null,"M","?","M","?","M","R","E","M","T","E","R","$","M","?","R","B",null,"M","?","?","$","?","R","M","$","T","M","R","?","E"],"character_chosen":"THE_SILENT","items_purchased":["Footwork","Question Card","Calculated Gamble","SneckoOil","AttackPotion","Noxious Fumes","Tingsha","Strawberry","TheAbacus"],"campfire_rested":7,"item_purchase_floors":[2,29,29,29,29,38,38,38,42],"current_hp_per_floor":[69,69,69,58,51,31,52,15,15,36,36,36,57,57,57,41,70,70,57,17,17,3,25,7,1,1,3,25,25,26,32,54,7,75,70,74,74,81,81,81,66,66,66,3,27,48,0,0],"gold":65,"neow_bonus":"THREE_CARDS","is_daily":false,"chose_seed":false,"campfire_upgraded":2,"win_rate":0.0,"timestamp":1608055997,"path_taken":["M","$","M","?","?","E","R","E","T","R","?","?","R","M","R","BOSS","M","?","M","?","M","R","E","M","T","E","R","$","M","?","R","BOSS","M","?","?","$","?","R","M","$","T","M","R","?","E"],"items_purchased_type":["Card","Relic","Card","Potion","Potion","Card","Relic","Relic","Relic"],"build_version":"2020-12-13","purchased_purges":2,"victory":false,"max_hp_per_floor":[70,70,70,70,70,70,70,70,70,70,70,70,70,70,70,70,70,70,75,75,75,75,75,75,75,75,75,75,75,75,75,75,75,75,75,75,75,82,82,82,82,82,82,82,82,82,82,82],"card_choices":[{"not_picked":["Bane","Deflect"],"picked":"Cloak And Dagger","floor":0},{"not_picked":["Predator","Acrobatics"],"picked":"Dagger Spray","floor":1},{"not_picked":["Bane","Predator"],"picked":"PiercingWail","floor":3},{"not_picked":["Slice","Prepared"],"picked":"Backflip","floor":6},{"not_picked":["Slice","Dagger Spray"],"picked":"Acrobatics","floor":8},{"not_picked":["Flechettes","Backflip"],"picked":"Deadly Poison","floor":14},{"not_picked":["Burst","A Thousand Cuts"],"picked":"Envenom","floor":16},{"not_picked":[],"picked":"Poisoned Stab","floor":18},{"not_picked":[],"picked":"Terror","floor":20},{"not_picked":[],"picked":"Well Laid Plans","floor":22},{"not_picked":[],"picked":"Flying Knee+1","floor":24},{"not_picked":["Predator+1"],"picked":"SKIP","floor":25},{"not_picked":[],"picked":"Riddle With Holes","floor":27},{"not_picked":["Slice+1"],"picked":"Dagger Throw","floor":30},{"not_picked":["Grand Finale"],"picked":"A Thousand Cuts","floor":33},{"not_picked":["Prepared+1","Poisoned Stab"],"picked":"SKIP","floor":35},{"not_picked":["Underhanded Strike"],"picked":"Bane+1","floor":36},{"not_picked":["Purity"],"picked":"Finesse","floor":39},{"not_picked":["Backflip+1","Dodge and Roll"],"picked":"SKIP","floor":41},{"not_picked":["Dagger Spray","Reflex"],"picked":"SKIP","floor":44}],"player_experience":337950,"relics_obtained":[{"floor":6,"key":"Omamori"},{"floor":8,"key":"Boot"},{"floor":9,"key":"Juzu Bracelet"},{"floor":24,"key":"Thread and Needle"},{"floor":26,"key":"Mercury Hourglass"},{"floor":27,"key":"Bird Faced Urn"},{"floor":31,"key":"Red Mask"},{"floor":36,"key":"Old Coin"},{"floor":43,"key":"Centennial Puzzle"}],"event_choices":[{"damage_healed":0,"gold_gain":75,"player_choice":"Gather Gold","damage_taken":11,"max_hp_gain":0,"max_hp_loss":0,"event_name":"World of Goop","floor":4,"gold_loss":0},{"cards_removed":["Strike_G"],"damage_healed":0,"gold_gain":0,"player_choice":"Card Removal","damage_taken":7,"max_hp_gain":0,"max_hp_loss":0,"event_name":"Golden Wing","floor":5,"gold_loss":0},{"damage_healed":0,"gold_gain":0,"player_choice":"Bought 3 Potions","damage_taken":0,"max_hp_gain":0,"max_hp_loss":0,"event_name":"The Woman in Blue","floor":11,"gold_loss":0},{"cards_removed":["Defend_G"],"damage_healed":0,"gold_gain":0,"player_choice":"Purged","damage_taken":0,"max_hp_gain":0,"max_hp_loss":0,"event_name":"Purifier","floor":12,"gold_loss":0},{"damage_healed":0,"gold_gain":0,"player_choice":"Shed Blood","damage_taken":18,"max_hp_gain":5,"max_hp_loss":0,"event_name":"Forgotten Altar","floor":19,"gold_loss":0},{"damage_healed":0,"gold_gain":99,"player_choice":"Stole From Cult","damage_taken":0,"max_hp_gain":0,"max_hp_loss":0,"event_name":"Nest","floor":21,"gold_loss":0},{"damage_healed":0,"gold_gain":0,"player_choice":"Fought Bandits","damage_taken":0,"max_hp_gain":0,"max_hp_loss":0,"event_name":"Masked Bandits","floor":31,"gold_loss":0},{"damage_healed":0,"gold_gain":0,"player_choice":"Fight","damage_taken":0,"max_hp_gain":0,"max_hp_loss":0,"event_name":"MindBloom","floor":36,"gold_loss":0},{"damage_healed":0,"gold_gain":222,"player_choice":"Wore Mask","damage_taken":0,"max_hp_gain":0,"max_hp_loss":0,"event_name":"Tomb of Lord Red Mask","floor":37,"gold_loss":0},{"damage_healed":0,"gold_gain":0,"player_choice":"Memory 1","damage_taken":0,"max_hp_gain":0,"max_hp_loss":0,"event_name":"SensoryStone","floor":39,"gold_loss":0},{"damage_healed":21,"gold_gain":0,"player_choice":"Writhe","damage_taken":0,"max_hp_gain":0,"max_hp_loss":0,"event_name":"Winding Halls","floor":46,"gold_loss":0,"cards_obtained":["Writhe"]}],"is_beta":false,"boss_relics":[{"not_picked":["Sozu","SacredBark"],"picked":"Busted Crown"},{"not_picked":["Velvet Choker","Astrolabe"],"picked":"Snecko Eye"}],"items_purged_floors":[29,38],"is_endless":false,"potions_floor_spawned":[1,6,14,22,25,27,33],"killed_by":"Reptomancer","ascension_level":2}}