{"host":"by8i6f8xc0ywpsd5","time":1608069242,"event":{"mods":["BaseMod","Colored Map","Minty Spire (QoL Compilation)","Relic Stats"],"gold_per_floor":[360,380,390,390,3,3,42,42,42,61,84,123,139,163,163,252,252,277,297,297,39,39,39,74,74,74,109,134,150,65,81,81,174,174,199,222,172,195,255,296,320,344,390,403,403,424,424,444,444,444,444],"floor_reached":50,"playtime":3332,"items_purged":["Injury","Writhe"],"score":1160,"play_id":"14e88df8-5d51-418c-989b-0befc7127e86","local_time":"20201215235402","is_ascension_mode":true,"campfire_choices":[{"data":"Armaments","floor":6.0,"key":"SMITH"},{"floor":8.0,"key":"REST"},{"data":"Hemokinesis","floor":15.0,"key":"SMITH"},{"floor":23.0,"key":"REST"},{"floor":32.0,"key":"REST"},{"floor":45,"key":"REST"},{"floor":47,"key":"REST"},{"floor":49,"key":"RECALL"}],"circlet_count":0,"master_deck":["AscendersBane","Strike_R","Strike_R","Strike_R","Defend_R","Defend_R","Defend_R","Defend_R","Bash","Pommel Strike","Fire Breathing","Twin Strike","Armaments+1","Feed","Headbutt","Feel No Pain","Hemokinesis+1","Feed","Ghostly Armor+1","True Grit","Clothesline+1","Dropkick","Combust","Infernal Blade+1","Flex","Flex","Limit Break+1","Headbutt","Battle Trance+1","Double Tap","Entrench+1","Disarm","Battle Trance","Second Wind","Intimidate"],"relics":["Burning Blood","Golden Idol","Vajra","Blood Vial","Singing Bowl","MealTicket","Runic Pyramid","Dream Catcher","Sling","Regal Pillow","White Beast Statue","Anchor","Akabeko","SacredBark","Turnip","Bird Faced Urn"],"acts_visited":["Exordium","TheCity","TheBeyond"],"potions_floor_usage":[39,40,40,42,44,46,48],"damage_taken":[{"damage":3.0,"enemies":"2 Louse","floor":1.0,"turns":4.0},{"damage":7.0,"enemies":"Jaw Worm","floor":2.0,"turns":3.0},{"damage":14.0,"enemies":"Small Slimes","floor":3.0,"turns":4.0},{"damage":45.0,"enemies":"Lagavulin","floor":7.0,"turns":7.0},{"damage":8.0,"enemies":"Blue Slaver","floor":10.0,"turns":5.0},{"damage":6.0,"enemies":"Looter","floor":11.0,"turns":4.0},{"damage":18.0,"enemies":"Gremlin Nob","floor":12.0,"turns":4.0},{"damage":10.0,"enemies":"Gremlin Gang","floor":13.0,"turns":4.0},{"damage":1.0,"enemies":"2 Fungi Beasts","floor":14.0,"turns":3.0},{"damage":35.0,"enemies":"Slime Boss","floor":16.0,"turns":8.0},{"damage":45.0,"enemies":"3 Byrds","floor":18.0,"turns":7.0},{"damage":32.0,"enemies":"Chosen","floor":19.0,"turns":6.0},{"damage":39.0,"enemies":"Slavers","floor":24.0,"turns":8.0},{"damage":16.0,"enemies":"Gremlin Leader","floor":27.0,"turns":9.0},{"damage":14.0,"enemies":"Centurion and Healer","floor":28.0,"turns":6.0},{"damage":14.0,"enemies":"Chosen and Byrds","floor":29.0,"turns":5.0},{"damage":8.0,"enemies":"Cultist and Chosen","floor":31.0,"turns":7.0},{"damage":167.0,"enemies":"Collector","floor":33.0,"turns":10.0},{"damage":24.0,"enemies":"3 Shapes","floor":35.0,"turns":6.0},{"damage":2.0,"enemies":"Orb Walker","floor":36.0,"turns":2.0},{"damage":46.0,"enemies":"Sphere and 2 Shapes","floor":38.0,"turns":7.0},{"damage":42,"enemies":"2 Orb Walkers","floor":39,"turns":5},{"damage":54,"enemies":"Reptomancer","floor":40,"turns":4},{"damage":20,"enemies":"4 Shapes","floor":41,"turns":8},{"damage":2,"enemies":"Transient","floor":42,"turns":6},{"damage":78,"enemies":"Writhing Mass","floor":44,"turns":8},{"damage":51,"enemies":"Sphere and 2 Shapes","floor":46,"turns":8},{"damage":50,"enemies":"Jaw Worm Horde","floor":48,"turns":8},{"damage":87,"enemies":"Awakened One","floor":50,"turns":6}],"seed_played":"-1175595135544758751","potions_obtained":[{"floor":3.0,"key":"SpeedPotion"},{"floor":10.0,"key":"Dexterity Potion"},{"floor":13.0,"key":"Regen Potion"},{"floor":16.0,"key":"SteroidPotion"},{"floor":24.0,"key":"HeartOfIron"},{"floor":27.0,"key":"GamblersBrew"},{"floor":28.0,"key":"FairyPotion"},{"floor":33.0,"key":"SteroidPotion"},{"floor":35.0,"key":"Block Potion"},{"floor":36.0,"key":"BloodPotion"},{"floor":38.0,"key":"Strength Potion"},{"floor":39,"key":"ColorlessPotion"},{"floor":40,"key":"FearPotion"},{"floor":41,"key":"DistilledChaos"},{"floor":42,"key":"DuplicationPotion"},{"floor":44,"key":"FearPotion"},{"floor":46,"key":"SteroidPotion"},{"floor":48,"key":"SpeedPotion"}],"is_trial":false,"path_per_floor":["M","M","M","?","$","R","E","R","T","M","M","E","M","M","R","B",null,"M","M","?","$","?","R","E","?","T","E","M","M","?","M","R","B",null,"M","M","?","M","?","E","M","M","T","M","R","M","R","M","R","B"],"character_chosen":"IRONCLAD","items_purchased":["Vajra","Twin Strike","SteroidPotion","Armaments","Sling"],"campfire_rested":5,"item_purchase_floors":[5,5,5,5,21],"current_hp_per_floor":[68,67,59,59,59,59,20,40,40,45,47,39,40,50,50,23,67,54,33,33,48,48,77,53,53,53,51,51,51,51,57,109,19,102,93,102,102,73,48,68,68,76,76,12,78,46,114,81,81,0,0],"gold":444,"neow_bonus":"TWO_FIFTY_GOLD","is_daily":false,"chose_seed":false,"campfire_upgraded":2,"win_rate":0.0,"timestamp":1608069242,"path_taken":["M","M","M","?","$","R","E","R","T","M","M","E","M","M","R","BOSS","M","M","?","$","?","R","E","?","T","E","M","M","?","?","R","BOSS","M","M","?","?","?","E","M","M","T","M","R","M","R","M","R","BOSS"],"items_purchased_type":["Relic","Card","Potion","Card","Relic"],"build_version":"2020-12-13","purchased_purges":2,"victory":false,"max_hp_per_floor":[68,68,68,68,68,68,68,68,68,73,73,75,78,81,81,81,81,90,93,93,93,93,95,102,102,102,108,114,120,120,126,126,130,130,137,140,140,149,158,161,167,169,169,171,171,178,178,185,185,185,185],"relic_stats":{"Blood Vial":50,"Dream Catcher":4,"Regal Pillow":45,"Singing Bowl":20,"counters":[29,172],"Golden Idol":160,"Bird Faced Urn":[20],"MealTicket":15,"Turnip":[5],"obtain_stats":[{"Regal Pillow":24,"Singing Bowl":9,"Golden Idol":4,"SacredBark":34,"Vajra":5,"Sling":21,"Burning Blood":0,"White Beast Statue":26,"Akabeko":30,"Blood Vial":7,"Dream Catcher":20,"Anchor":27,"Bird Faced Urn":40,"MealTicket":12,"Turnip":39,"Runic Pyramid":17},{"Regal Pillow":13,"Singing Bowl":4,"Golden Idol":3,"SacredBark":18,"Vajra":3,"Sling":12,"Burning Blood":0,"White Beast Statue":13,"Akabeko":16,"Blood Vial":4,"Dream Catcher":12,"Anchor":14,"Bird Faced Urn":23,"MealTicket":7,"Turnip":22,"Runic Pyramid":10},{"Regal Pillow":67,"Singing Bowl":18,"Golden Idol":11,"SacredBark":104,"Vajra":11,"Sling":59,"Burning Blood":0,"White Beast Statue":67,"Akabeko":87,"Blood Vial":18,"Dream Catcher":59,"Anchor":76,"Bird Faced Urn":128,"MealTicket":31,"Turnip":124,"Runic Pyramid":46}],"Burning Blood":165},"card_choices":[{"not_picked":["Perfected Strike","Infernal Blade"],"picked":"Pommel Strike","floor":1.0},{"not_picked":["Seeing Red","Havoc","Warcry"],"picked":"SKIP","floor":2.0},{"not_picked":["Twin Strike","Sever Soul"],"picked":"Fire Breathing","floor":3.0},{"not_picked":["Burning Pact","Rupture"],"picked":"Feed","floor":7.0},{"not_picked":["Fire Breathing","True Grit","Body Slam"],"picked":"Singing Bowl","floor":10.0},{"not_picked":["Heavy Blade","Perfected Strike"],"picked":"Headbutt","floor":11.0},{"not_picked":["Twin Strike","Intimidate","Rage"],"picked":"Singing Bowl","floor":12.0},{"not_picked":["Metallicize","Clothesline"],"picked":"Feel No Pain","floor":13.0},{"not_picked":["Thunderclap","Sever Soul"],"picked":"Hemokinesis","floor":14.0},{"not_picked":["Bludgeon","Double Tap"],"picked":"Feed","floor":16.0},{"not_picked":["Burning Pact","Dual Wield","Clash"],"picked":"Singing Bowl","floor":18.0},{"not_picked":["Cleave","Flex"],"picked":"Ghostly Armor+1","floor":19.0},{"not_picked":["Body Slam","Shrug It Off","Dark Embrace"],"picked":"Singing Bowl","floor":23.0},{"not_picked":["Entrench","Feed"],"picked":"Clothesline+1","floor":24.0},{"not_picked":["Sword Boomerang","Infernal Blade","Sever Soul"],"picked":"Singing Bowl","floor":27.0},{"not_picked":["Whirlwind","Clash"],"picked":"Infernal Blade+1","floor":28.0},{"not_picked":["Body Slam","Twin Strike","Wild Strike"],"picked":"Singing Bowl","floor":29.0},{"not_picked":["Cleave","Dark Embrace"],"picked":"Flex","floor":31.0},{"not_picked":["Shrug It Off","Havoc"],"picked":"Flex","floor":32.0},{"not_picked":["Berserk","Impervious"],"picked":"Limit Break","floor":33.0},{"not_picked":["Havoc","Dual Wield"],"picked":"Headbutt","floor":35.0},{"not_picked":["Warcry","Cleave"],"picked":"Battle Trance+1","floor":36.0},{"not_picked":["Ghostly Armor","Sever Soul","Cleave"],"picked":"Singing Bowl","floor":38.0},{"not_picked":["Clash","Uppercut","Body Slam+1"],"picked":"Singing Bowl","floor":39},{"not_picked":["Cleave","Metallicize+1"],"picked":"Double Tap","floor":40},{"not_picked":["Warcry","Reckless Charge"],"picked":"Entrench+1","floor":41},{"not_picked":["Rupture","Clash","Shockwave"],"picked":"Singing Bowl","floor":42},{"not_picked":["True Grit","Dropkick","Shrug It Off"],"picked":"Singing Bowl","floor":44},{"not_picked":["Anger+1","Shrug It Off"],"picked":"Disarm","floor":45},{"not_picked":["Warcry","Thunderclap"],"picked":"Battle Trance","floor":46},{"not_picked":["Dark Embrace","Seeing Red"],"picked":"Second Wind","floor":47},{"not_picked":["Reckless Charge","Wild Strike"],"picked":"Intimidate","floor":48}],"player_experience":1670281,"relics_obtained":[{"floor":7.0,"key":"Blood Vial"},{"floor":9.0,"key":"Singing Bowl"},{"floor":12.0,"key":"MealTicket"},{"floor":24.0,"key":"Regal Pillow"},{"floor":26.0,"key":"White Beast Statue"},{"floor":27.0,"key":"Anchor"},{"floor":39,"key":"Turnip"},{"floor":40,"key":"Bird Faced Urn"}],"event_choices":[{"damage_healed":0.0,"max_hp_gain":0.0,"max_hp_loss":0.0,"gold_gain":0.0,"event_name":"Golden Idol","player_choice":"Take Wound","floor":4.0,"gold_loss":0.0,"damage_taken":0.0,"relics_obtained":["Golden Idol"],"cards_obtained":["Injury"]},{"damage_healed":0.0,"max_hp_gain":0.0,"max_hp_loss":0.0,"gold_gain":0.0,"event_name":"The Mausoleum","player_choice":"Opened","floor":20.0,"gold_loss":0.0,"damage_taken":0.0,"relics_obtained":["Dream Catcher"],"cards_obtained":["Writhe"]},{"damage_healed":0.0,"max_hp_gain":0.0,"max_hp_loss":0.0,"gold_gain":0.0,"event_name":"The Library","player_choice":"Read","floor":22.0,"gold_loss":0.0,"damage_taken":0.0,"cards_obtained":["True Grit"]},{"damage_healed":0.0,"max_hp_gain":0.0,"max_hp_loss":0.0,"gold_gain":0.0,"cards_transformed":["Strike_R","Strike_R"],"event_name":"Drug Dealer","player_choice":"Became Test Subject","floor":25.0,"gold_loss":0.0,"damage_taken":0.0,"cards_obtained":["Dropkick","Combust"]},{"damage_healed":0.0,"max_hp_gain":0.0,"max_hp_loss":0.0,"gold_gain":0.0,"event_name":"Addict","player_choice":"Obtained Relic","floor":30.0,"gold_loss":85.0,"damage_taken":0.0,"relics_obtained":["Akabeko"]},{"damage_healed":0.0,"max_hp_gain":0.0,"max_hp_loss":0.0,"gold_gain":0.0,"event_name":"Designer","player_choice":"Upgrade","floor":37.0,"gold_loss":50.0,"damage_taken":0.0,"cards_upgraded":["Limit Break"]},{"damage_healed":0,"gold_gain":0,"player_choice":"Fight","damage_taken":0,"max_hp_gain":0,"max_hp_loss":0,"event_name":"Mysterious Sphere","floor":39,"gold_loss":0}],"is_beta":false,"boss_relics":[{"not_picked":["Ectoplasm","Runic Dome"],"picked":"Runic Pyramid"},{"not_picked":["Calling Bell","Pandora\u0027s Box"],"picked":"SacredBark"}],"items_purged_floors":[5,21],"is_endless":false,"potions_floor_spawned":[3,10,13,16,24,27,28,29,31,33,35,36,38,39,40,41,42,44,46,48],"killed_by":"Awakened One","ascension_level":20}}