{"host":"69rply1jf2d1wbmp","time":1608067196,"event":{"mods":["BaseMod","Minty Spire (QoL Compilation)","Quick Restart"],"gold_per_floor":[115,115,6,30,53,23,63,84,160,200,221,221,245,264,264,390,390,403,417,417,432,447,447,447],"floor_reached":23,"playtime":1057,"items_purged":["Injury"],"score":207,"play_id":"528e0ace-72d9-4e09-aebd-024c0ac8d1f9","local_time":"20201215161956","is_ascension_mode":false,"campfire_choices":[{"floor":12,"key":"REST"},{"data":"Mayhem","floor":15,"key":"SMITH"}],"circlet_count":0,"master_deck":["Strike_G","Strike_G","Strike_G","Defend_G","Defend_G","Defend_G","Defend_G","Survivor","Neutralize","Mayhem+1","Deadly Poison","Accuracy","Bane","Blade Dance","Adrenaline","Deflect","Deflect","Backflip","Blade Dance","After Image","Die Die Die+1","Storm of Steel+1","Terror+1","Deadly Poison+1","Footwork","Accuracy","Noxious Fumes"],"relics":["Ring of the Snake","Golden Idol","Ice Cream","Ornamental Fan","Strawberry","Astrolabe"],"acts_visited":["Exordium","TheCity"],"potions_floor_usage":[7,7,8,16],"damage_taken":[{"damage":0,"enemies":"Jaw Worm","floor":1,"turns":6},{"damage":4,"enemies":"Small Slimes","floor":4,"turns":5},{"damage":1,"enemies":"Cultist","floor":5,"turns":5},{"damage":0,"enemies":"Looter","floor":6,"turns":4},{"damage":13,"enemies":"Lagavulin","floor":7,"turns":7},{"damage":3,"enemies":"Gremlin Gang","floor":8,"turns":5},{"damage":15,"enemies":"3 Sentries","floor":10,"turns":8},{"damage":2,"enemies":"Exordium Thugs","floor":11,"turns":4},{"damage":0,"enemies":"Large Slime","floor":13,"turns":5},{"damage":0,"enemies":"Looter","floor":14,"turns":4},{"damage":3,"enemies":"Hexaghost","floor":16,"turns":9},{"damage":1,"enemies":"Spheric Guardian","floor":18,"turns":4},{"damage":12,"enemies":"2 Thieves","floor":19,"turns":4},{"damage":14,"enemies":"Sentry and Sphere","floor":21,"turns":5},{"damage":8,"enemies":"Snake Plant","floor":22,"turns":4},{"damage":37,"enemies":"Book of Stabbing","floor":23,"turns":4}],"seed_played":"-5487619479493571073","potions_obtained":[{"floor":1,"key":"Strength Potion"},{"floor":4,"key":"SkillPotion"},{"floor":5,"key":"Dexterity Potion"},{"floor":7,"key":"GhostInAJar"},{"floor":10,"key":"SpeedPotion"},{"floor":13,"key":"Strength Potion"},{"floor":19,"key":"Regen Potion"}],"is_trial":false,"path_per_floor":["M","?","$","M","M","M","E","M","T","E","M","R","M","M","R","B",null,"M","M","?","M","M","E"],"character_chosen":"THE_SILENT","items_purchased":["Accuracy"],"campfire_rested":1,"item_purchase_floors":[3],"current_hp_per_floor":[63,63,63,59,58,58,45,42,42,34,32,53,53,53,53,50,70,69,57,57,43,35,0,0],"gold":447,"neow_bonus":"RANDOM_COLORLESS_2","is_daily":false,"chose_seed":false,"campfire_upgraded":1,"win_rate":0.0,"timestamp":1608067196,"path_taken":["M","?","$","M","M","M","E","M","T","E","M","R","M","M","R","BOSS","M","M","?","M","?","E"],"items_purchased_type":["Card"],"build_version":"2020-12-13","purchased_purges":1,"victory":false,"max_hp_per_floor":[63,63,63,63,63,63,63,63,63,70,70,70,70,70,70,70,70,70,70,70,70,70,70,70],"card_choices":[{"not_picked":["Chrysalis","Violence"],"picked":"Mayhem","floor":0},{"not_picked":["Cloak And Dagger","Blur"],"picked":"Deadly Poison","floor":1},{"not_picked":["Heel Hook","Poisoned Stab","Reflex"],"picked":"SKIP","floor":4},{"not_picked":["Sucker Punch","PiercingWail"],"picked":"Bane","floor":5},{"not_picked":["Slice","Footwork"],"picked":"Blade Dance","floor":6},{"not_picked":["Quick Slash","Dodge and Roll"],"picked":"Adrenaline","floor":7},{"not_picked":["Flying Knee","Caltrops"],"picked":"Deflect","floor":8},{"not_picked":["Sucker Punch","Dagger Throw"],"picked":"Deflect","floor":10},{"not_picked":["Prepared","Riddle With Holes","Glass Knife"],"picked":"SKIP","floor":11},{"not_picked":["Dagger Spray","Masterful Stab"],"picked":"Backflip","floor":13},{"not_picked":["Prepared","Flying Knee"],"picked":"Blade Dance","floor":14},{"not_picked":["Die Die Die","Venomology"],"picked":"After Image","floor":16},{"not_picked":["Dash+1","Calculated Gamble"],"picked":"Deadly Poison+1","floor":18},{"not_picked":["Poisoned Stab","Outmaneuver+1"],"picked":"Footwork","floor":19},{"not_picked":["Bouncing Flask","Cloak And Dagger+1","Concentrate"],"picked":"SKIP","floor":21},{"not_picked":["Sucker Punch","Masterful Stab+1"],"picked":"Noxious Fumes","floor":22}],"player_experience":340076,"relics_obtained":[{"floor":7,"key":"Ice Cream"},{"floor":9,"key":"Ornamental Fan"},{"floor":10,"key":"Strawberry"}],"event_choices":[{"damage_healed":0,"gold_gain":0,"player_choice":"Take Wound","damage_taken":0,"relics_obtained":["Golden Idol"],"max_hp_gain":0,"max_hp_loss":0,"event_name":"Golden Idol","floor":2,"gold_loss":0,"cards_obtained":["Injury"]},{"damage_healed":0,"gold_gain":0,"player_choice":"1 cards matched","damage_taken":0,"max_hp_gain":0,"max_hp_loss":0,"event_name":"Match and Keep!","floor":20,"gold_loss":0,"cards_obtained":["Accuracy"]}],"is_beta":false,"boss_relics":[{"not_picked":["Tiny House","Ectoplasm"],"picked":"Astrolabe"}],"items_purged_floors":[3],"is_endless":false,"potions_floor_spawned":[1,4,5,7,10,13,19,22],"killed_by":"Book of Stabbing","ascension_level":0}}