{"host":"szp1d6dso4pv7ddl","time":1608016193,"event":{"mods":["AchievementEnabler","Alarm Clock","BaseMod","Bestiary","Block Reminder","Colored Map","Colored Powertips","Curses Come First","Displayed Cursed Tome","Highlight Path","Minty Spire (QoL Compilation)","Permanent Neow","Quick Restart","Relic Stats","StSLib"],"gold_per_floor":[117,137,86,105,105,105,105,105,105,128,128,148,148,179,179,307,307,332,332,257,296,309,309,309,309],"floor_reached":24,"playtime":1855,"items_purged":["Strike_B"],"score":233,"play_id":"788bf132-9d61-4a48-91ef-71fd99459485","local_time":"20201214230953","is_ascension_mode":true,"campfire_choices":[{"data":"White Noise","floor":6.0,"key":"SMITH"},{"data":"Echo Form","floor":8.0,"key":"SMITH"},{"data":"Streamline","floor":11.0,"key":"SMITH"},{"floor":15.0,"key":"REST"},{"floor":23,"key":"REST"}],"circlet_count":0,"master_deck":["Strike_B","Strike_B","Defend_B","Defend_B","Defend_B","Zap","White Noise+1","Go for the Eyes","Gash","Echo Form+1","Streamline+1","Rebound","Gash","Amplify","Melter","Force Field"],"relics":["Cracked Core","Omamori","Golden Idol","Meat on the Bone","Ice Cream","Peace Pipe","Inserter","Red Mask"],"acts_visited":["Exordium","TheCity"],"potions_floor_usage":[16,21],"damage_taken":[{"damage":0.0,"enemies":"2 Louse","floor":1.0,"turns":2.0},{"damage":9.0,"enemies":"Jaw Worm","floor":2.0,"turns":4.0},{"damage":2.0,"enemies":"Cultist","floor":4.0,"turns":4.0},{"damage":13.0,"enemies":"Exordium Thugs","floor":10.0,"turns":5.0},{"damage":23.0,"enemies":"3 Louse","floor":12.0,"turns":4.0},{"damage":20.0,"enemies":"Lagavulin","floor":14.0,"turns":5.0},{"damage":46,"enemies":"Hexaghost","floor":16,"turns":9},{"damage":25,"enemies":"Spheric Guardian","floor":18,"turns":4},{"damage":41,"enemies":"Masked Bandits","floor":21,"turns":5},{"damage":20,"enemies":"Shell Parasite","floor":22,"turns":5},{"damage":36,"enemies":"Slavers","floor":24,"turns":2}],"seed_played":"5053065050018944545","potions_obtained":[{"floor":1.0,"key":"Energy Potion"},{"floor":16,"key":"DistilledChaos"},{"floor":18,"key":"PotionOfCapacity"}],"is_trial":false,"path_per_floor":["M","M","$","M","?","R","?","R","T","M","R","M","T","E","R","B",null,"M","?","$","?","M","R","E"],"character_chosen":"DEFECT","items_purchased":["Gash"],"campfire_rested":2,"item_purchase_floors":[3],"current_hp_per_floor":[75,66,66,64,46,46,46,46,46,45,45,34,34,26,48,14,75,50,50,50,21,13,35,0,0],"gold":309,"neow_bonus":"RANDOM_COMMON_RELIC","is_daily":false,"chose_seed":false,"campfire_upgraded":3,"win_rate":0.0,"timestamp":1608016193,"path_taken":["M","M","$","M","?","R","?","R","T","M","R","M","?","E","R","BOSS","M","?","$","?","M","R","E"],"items_purchased_type":["Card"],"build_version":"2020-12-13","purchased_purges":1,"victory":false,"max_hp_per_floor":[75,75,75,75,75,75,75,75,75,75,75,75,75,75,75,75,75,75,75,75,75,75,75,75,75],"relic_stats":{"Peace Pipe":0,"Inserter":[8],"counters":[11,49],"Golden Idol":57,"obtain_stats":[{"Ice Cream":13,"Peace Pipe":14,"Inserter":17,"Golden Idol":5,"Omamori":0,"Red Mask":21,"Cracked Core":0,"Meat on the Bone":9},{"Ice Cream":5,"Peace Pipe":6,"Inserter":7,"Golden Idol":3,"Omamori":0,"Red Mask":9,"Cracked Core":0,"Meat on the Bone":3},{"Ice Cream":19,"Peace Pipe":24,"Inserter":33,"Golden Idol":10,"Omamori":0,"Red Mask":42,"Cracked Core":0,"Meat on the Bone":10}],"Meat on the Bone":72},"card_choices":[{"not_picked":["Stack","Cold Snap"],"picked":"White Noise","floor":1.0},{"not_picked":["Leap","Turbo"],"picked":"Go for the Eyes","floor":2.0},{"not_picked":["Go for the Eyes","Turbo","Skim"],"picked":"SKIP","floor":4.0},{"not_picked":["Coolheaded","Lockon"],"picked":"Streamline","floor":10.0},{"not_picked":["Force Field","Auto Shields"],"picked":"Rebound","floor":12.0},{"not_picked":["Steam","Stack"],"picked":"Gash","floor":14.0},{"not_picked":["All For One","Electrodynamics"],"picked":"Amplify","floor":16},{"not_picked":["Darkness","Turbo","Static Discharge"],"picked":"SKIP","floor":18},{"not_picked":["Blizzard","Rebound+1","Compile Driver"],"picked":"SKIP","floor":22}],"player_experience":943308,"relics_obtained":[{"floor":9.0,"key":"Meat on the Bone"},{"floor":13.0,"key":"Ice Cream"},{"floor":14.0,"key":"Peace Pipe"},{"floor":21,"key":"Red Mask"}],"event_choices":[{"damage_healed":0.0,"max_hp_gain":0.0,"max_hp_loss":0.0,"gold_gain":0.0,"event_name":"Golden Idol","player_choice":"Take Damage","floor":5.0,"gold_loss":0.0,"damage_taken":18.0,"relics_obtained":["Golden Idol"]},{"damage_healed":0.0,"max_hp_gain":0.0,"max_hp_loss":0.0,"gold_gain":0.0,"cards_transformed":["Defend_B"],"event_name":"Living Wall","player_choice":"Change","floor":7.0,"gold_loss":0.0,"damage_taken":0.0,"cards_obtained":["Echo Form"]},{"damage_healed":0,"gold_gain":0,"cards_transformed":["Strike_B","Dualcast"],"player_choice":"Became Test Subject","damage_taken":0,"max_hp_gain":0,"max_hp_loss":0,"event_name":"Drug Dealer","floor":19,"gold_loss":0,"cards_obtained":["Melter","Force Field"]},{"damage_healed":0,"gold_gain":0,"player_choice":"Fought Bandits","damage_taken":0,"max_hp_gain":0,"max_hp_loss":0,"event_name":"Masked Bandits","floor":21,"gold_loss":0}],"is_beta":false,"boss_relics":[{"not_picked":["Snecko Eye","SlaversCollar"],"picked":"Inserter"}],"items_purged_floors":[20],"is_endless":false,"potions_floor_spawned":[1,16,18],"killed_by":"Slavers","ascension_level":4}}