{"host":"7z9w9s73v2jobm2z","time":1608016117,"event":{"mods":["AchievementEnabler","BaseMod","Colored Map","Colored Powertips","Custom Start","Minty Spire (QoL Compilation)","Quick Restart","Rare Cards Sparkle","Relic Stats","StSLib"],"gold_per_floor":[111,129,142,142,317,317,330,111,188,203,203,203,218,257,257,377,377,400,423,436,436,455,455,8,49,102,140,165,165,179,15,15,145,145,170,188,188,37,61,92,92,92,138,138,157,157,7,40,40,40],"floor_reached":51,"playtime":2223,"items_purged":["Doubt","Strike_R","Defend_R","Defend_R"],"score":1091,"play_id":"7b5bbfec-18aa-4737-9895-136c5321d99f","local_time":"20201215020837","is_ascension_mode":true,"campfire_choices":[{"floor":6.0,"key":"REST"},{"floor":12.0,"key":"REST"},{"data":"Feed","floor":15.0,"key":"SMITH"},{"floor":23.0,"key":"REST"},{"floor":32.0,"key":"REST"},{"floor":41.0,"key":"REST"},{"floor":44.0,"key":"REST"},{"data":"Armaments","floor":46.0,"key":"SMITH"},{"data":"Limit Break","floor":49.0,"key":"SMITH"}],"circlet_count":0,"master_deck":["Defend_R","Defend_R","Bash+1","Feed+1","Sword Boomerang","Bludgeon+1","Flame Barrier","Pummel","Demon Form","Limit Break+1","Heavy Blade","Spot Weakness+1","Pummel+1","Necronomicurse","Shrug It Off","Double Tap","Armaments+1","Bite","Bite","Bite","Bite","Bite","Shockwave","Armaments+1","Pummel","Feed","Shrug It Off+1","Shrug It Off+1","True Grit+1"],"relics":["Burning Blood","Regal Pillow","Singing Bowl","Golden Idol","Dream Catcher","Runic Pyramid","Necronomicon","Membership Card","Bottled Flame","White Beast Statue","Akabeko","Orichalcum","Mercury Hourglass","Ancient Tea Set","Philosopher\u0027s Stone","PreservedInsect","Nunchaku","Whetstone","Oddly Smooth Stone","Brimstone","Potion Belt"],"acts_visited":["Exordium","TheCity","TheBeyond"],"potions_floor_usage":[50,50,50,50,50,50],"damage_taken":[{"damage":12.0,"enemies":"Small Slimes","floor":1.0,"turns":6.0},{"damage":6.0,"enemies":"Jaw Worm","floor":2.0,"turns":4.0},{"damage":9.0,"enemies":"2 Louse","floor":3.0,"turns":3.0},{"damage":3.0,"enemies":"Blue Slaver","floor":7.0,"turns":2.0},{"damage":9.0,"enemies":"2 Fungi Beasts","floor":10.0,"turns":3.0},{"damage":19.0,"enemies":"Exordium Thugs","floor":13.0,"turns":4.0},{"damage":15.0,"enemies":"3 Sentries","floor":14.0,"turns":6.0},{"damage":38.0,"enemies":"Slime Boss","floor":16.0,"turns":8.0},{"damage":14.0,"enemies":"Chosen","floor":18.0,"turns":5.0},{"damage":31.0,"enemies":"3 Byrds","floor":19.0,"turns":7.0},{"damage":36.0,"enemies":"Snake Plant","floor":20.0,"turns":4.0},{"damage":18.0,"enemies":"Chosen and Byrds","floor":22.0,"turns":4.0},{"damage":50.0,"enemies":"Slavers","floor":25.0,"turns":4.0},{"damage":30.0,"enemies":"Book of Stabbing","floor":27.0,"turns":4.0},{"damage":0.0,"enemies":"3 Cultists","floor":28.0,"turns":3.0},{"damage":1.0,"enemies":"Snecko","floor":30.0,"turns":3.0},{"damage":92.0,"enemies":"Automaton","floor":33.0,"turns":10.0},{"damage":42.0,"enemies":"3 Shapes","floor":35.0,"turns":3.0},{"damage":14.0,"enemies":"Orb Walker","floor":36.0,"turns":3.0},{"damage":39.0,"enemies":"4 Shapes","floor":39.0,"turns":3.0},{"damage":15.0,"enemies":"Reptomancer","floor":40.0,"turns":2.0},{"damage":29.0,"enemies":"3 Darklings","floor":45.0,"turns":6.0},{"damage":9.0,"enemies":"Nemesis","floor":48.0,"turns":3.0},{"damage":79,"enemies":"Donu and Deca","floor":50,"turns":5}],"seed_played":"5417830453093129609","potions_obtained":[{"floor":1.0,"key":"DistilledChaos"},{"floor":3.0,"key":"Energy Potion"},{"floor":13.0,"key":"Ancient Potion"},{"floor":20.0,"key":"Fruit Juice"},{"floor":25.0,"key":"ElixirPotion"},{"floor":27.0,"key":"SteroidPotion"},{"floor":28.0,"key":"Regen Potion"},{"floor":30.0,"key":"Swift Potion"},{"floor":33.0,"key":"EntropicBrew"},{"floor":35.0,"key":"SkillPotion"},{"floor":36.0,"key":"Swift Potion"},{"floor":39.0,"key":"DuplicationPotion"},{"floor":40.0,"key":"GamblersBrew"},{"floor":42.0,"key":"FairyPotion"},{"floor":42.0,"key":"EntropicBrew"},{"floor":48.0,"key":"HeartOfIron"}],"is_trial":false,"path_per_floor":["M","M","M","$","?","R","M","$","T","M","?","R","M","E","R","B",null,"M","M","M","?","M","R","$","E","T","E","M","?","M","$","R","B",null,"M","M","?","$","M","E","R","?","T","R","M","R","$","E","R","B",null],"character_chosen":"IRONCLAD","items_purchased":["Regal Pillow","Membership Card","Bottled Flame","White Beast Statue","Armaments","Ancient Tea Set","PreservedInsect","Nunchaku","Brimstone"],"campfire_rested":6,"item_purchase_floors":[8,24,24,24,31,31,38,38,47],"current_hp_per_floor":[48,51,51,51,51,77,83,83,83,83,60,95,85,79,79,47,88,84,63,42,26,20,72,72,34,34,10,20,20,36,36,78,7,72,61,59,59,59,38,32,81,81,81,116,97,97,97,107,107,53],"gold":40,"neow_bonus":"THREE_RARE_CARDS","is_daily":false,"chose_seed":false,"campfire_upgraded":3,"win_rate":0.0,"timestamp":1608016117,"path_taken":["M","M","M","$","?","R","M","$","T","M","?","R","M","E","R","BOSS","M","M","M","?","M","R","$","E","T","E","M","?","M","$","R","BOSS","M","M","?","$","?","E","R","?","T","R","M","R","$","E","R","BOSS"],"items_purchased_type":["Relic","Relic","Relic","Relic","Card","Relic","Relic","Relic","Relic"],"build_version":"2020-12-13","purchased_purges":4,"victory":true,"max_hp_per_floor":[83,86,89,89,89,89,92,92,92,95,95,95,98,101,101,101,101,105,109,118,118,124,124,124,130,130,130,134,93,93,93,93,93,93,102,108,108,108,114,114,114,114,114,116,116,116,116,122,122,126],"relic_stats":{"Regal Pillow":52,"Singing Bowl":14,"counters":[24,105],"Golden Idol":162,"PreservedInsect":105,"Whetstone":["Bludgeon","Bash"],"Orichalcum":[102],"Burning Blood":144,"Mercury Hourglass":[199],"Dream Catcher":4,"Nunchaku":[4],"Necronomicon":[21],"obtain_stats":[{"Potion Belt":48,"Regal Pillow":8,"Singing Bowl":9,"Golden Idol":11,"Oddly Smooth Stone":43,"PreservedInsect":38,"Whetstone":40,"Orichalcum":26,"Ancient Tea Set":31,"Burning Blood":0,"White Beast Statue":24,"Akabeko":25,"Mercury Hourglass":27,"Dream Catcher":14,"Bottled Flame":24,"Nunchaku":38,"Brimstone":47,"Philosopher\u0027s Stone":34,"Necronomicon":21,"Membership Card":24,"Runic Pyramid":17},{"Potion Belt":23,"Regal Pillow":4,"Singing Bowl":4,"Golden Idol":5,"Oddly Smooth Stone":21,"PreservedInsect":19,"Whetstone":21,"Orichalcum":13,"Ancient Tea Set":16,"Burning Blood":0,"White Beast Statue":12,"Akabeko":13,"Mercury Hourglass":14,"Dream Catcher":7,"Bottled Flame":12,"Nunchaku":19,"Brimstone":22,"Philosopher\u0027s Stone":17,"Necronomicon":11,"Membership Card":12,"Runic Pyramid":8},{"Potion Belt":100,"Regal Pillow":15,"Singing Bowl":15,"Golden Idol":18,"Oddly Smooth Stone":91,"PreservedInsect":86,"Whetstone":91,"Orichalcum":60,"Ancient Tea Set":70,"Burning Blood":0,"White Beast Statue":56,"Akabeko":60,"Mercury Hourglass":64,"Dream Catcher":28,"Bottled Flame":56,"Nunchaku":86,"Brimstone":97,"Philosopher\u0027s Stone":80,"Necronomicon":52,"Membership Card":56,"Runic Pyramid":36}]},"card_choices":[{"not_picked":["Impervious","Offering"],"picked":"Feed","floor":0.0},{"not_picked":["Carnage","Flex"],"picked":"Sword Boomerang","floor":1.0},{"not_picked":["Body Slam","Iron Wave","Clothesline"],"picked":"SKIP","floor":2.0},{"not_picked":["Body Slam","Sentinel"],"picked":"Clash","floor":3.0},{"not_picked":["Infernal Blade","Anger"],"picked":"Bludgeon","floor":7.0},{"not_picked":["True Grit","Sentinel"],"picked":"Flame Barrier","floor":10.0},{"not_picked":["Rage","Shrug It Off"],"picked":"Pummel","floor":13.0},{"not_picked":["Whirlwind","Pummel"],"picked":"Demon Form","floor":14.0},{"not_picked":["Offering","Barricade"],"picked":"Limit Break","floor":16.0},{"not_picked":["Headbutt","Second Wind+1"],"picked":"Heavy Blade","floor":18.0},{"not_picked":["Infernal Blade","Pommel Strike"],"picked":"Spot Weakness+1","floor":19.0},{"not_picked":["Armaments+1","Intimidate"],"picked":"Pummel+1","floor":20.0},{"not_picked":["Headbutt","Shrug It Off","True Grit"],"picked":"Singing Bowl","floor":22.0},{"not_picked":["Combust+1","Body Slam+1"],"picked":"Shrug It Off","floor":23.0},{"not_picked":["Thunderclap","Pummel","Ghostly Armor"],"picked":"Singing Bowl","floor":25.0},{"not_picked":["Clothesline","Thunderclap"],"picked":"Double Tap","floor":27.0},{"not_picked":["Shrug It Off","Uppercut+1"],"picked":"Armaments+1","floor":28.0},{"not_picked":["Clothesline","True Grit"],"picked":"Shockwave","floor":30.0},{"not_picked":["Havoc+1","Armaments"],"picked":"Pummel","floor":32.0},{"not_picked":["Juggernaut","Impervious"],"picked":"Feed","floor":33.0},{"not_picked":["Perfected Strike","Shrug It Off","Reckless Charge"],"picked":"Singing Bowl","floor":35.0},{"not_picked":["Cleave+1","Iron Wave+1","Pommel Strike"],"picked":"Singing Bowl","floor":36.0},{"not_picked":["Thunderclap","Rage","Perfected Strike+1"],"picked":"Singing Bowl","floor":39.0},{"not_picked":["Armaments+1","Infernal Blade+1"],"picked":"Shrug It Off+1","floor":40.0},{"not_picked":["Havoc","Brutality"],"picked":"Shrug It Off+1","floor":41.0},{"not_picked":["Carnage+1","Pommel Strike+1","True Grit"],"picked":"Singing Bowl","floor":44.0},{"not_picked":["Rage+1","Searing Blow+1"],"picked":"True Grit+1","floor":45.0},{"not_picked":["Iron Wave","Havoc","Uppercut+1"],"picked":"Singing Bowl","floor":48.0}],"player_experience":421737,"relics_obtained":[{"floor":9.0,"key":"Singing Bowl"},{"floor":14.0,"key":"Dream Catcher"},{"floor":21.0,"key":"Necronomicon"},{"floor":25.0,"key":"Akabeko"},{"floor":26.0,"key":"Orichalcum"},{"floor":27.0,"key":"Mercury Hourglass"},{"floor":40.0,"key":"Whetstone"},{"floor":43.0,"key":"Oddly Smooth Stone"},{"floor":48.0,"key":"Potion Belt"}],"event_choices":[{"damage_healed":0.0,"max_hp_gain":0.0,"max_hp_loss":0.0,"gold_gain":175.0,"event_name":"Liars Game","player_choice":"AGREE","floor":5.0,"gold_loss":0.0,"damage_taken":0.0,"cards_obtained":["Doubt"]},{"damage_healed":0.0,"max_hp_gain":0.0,"max_hp_loss":0.0,"gold_gain":0.0,"event_name":"Golden Idol","player_choice":"Take Damage","floor":11.0,"gold_loss":0.0,"damage_taken":23.0,"relics_obtained":["Golden Idol"]},{"damage_healed":0.0,"max_hp_gain":0.0,"max_hp_loss":0.0,"gold_gain":0.0,"event_name":"Cursed Tome","player_choice":"Obtained Book","floor":21.0,"gold_loss":0.0,"damage_taken":16.0},{"damage_healed":0.0,"max_hp_gain":0.0,"max_hp_loss":41.0,"gold_gain":0.0,"event_name":"Vampires","player_choice":"Became a vampire","floor":29.0,"gold_loss":0.0,"damage_taken":0.0,"cards_obtained":["Bite","Bite","Bite","Bite","Bite"]},{"cards_removed":["Clash"],"damage_healed":0.0,"max_hp_gain":0.0,"max_hp_loss":0.0,"gold_gain":0.0,"event_name":"Purifier","player_choice":"Purged","floor":37.0,"gold_loss":0.0,"damage_taken":0.0},{"damage_healed":0.0,"max_hp_gain":0.0,"max_hp_loss":0.0,"gold_gain":0.0,"event_name":"Lab","player_choice":"Got Potions","floor":42.0,"gold_loss":0.0,"damage_taken":0.0}],"is_beta":false,"boss_relics":[{"not_picked":["Runic Dome","Tiny House"],"picked":"Runic Pyramid"},{"not_picked":["Pandora\u0027s Box","Velvet Choker"],"picked":"Philosopher\u0027s Stone"}],"items_purged_floors":[8,24,31,47],"is_endless":false,"potions_floor_spawned":[1,3,13,20,25,27,28,30,33,35,36,39,40,45,48],"ascension_level":7}}