{"host":"pjgcdp3h1plnbocs","time":1608071123,"event":{"mods":["AchievementEnabler","BaseMod","Colored Map","Highlight Path","Minty Spire (QoL Compilation)"],"gold_per_floor":[113,113,132,152,132,159,159,172,240,268,280,296,322,322,322,322,322],"floor_reached":16,"playtime":424,"items_purged":[],"score":176,"play_id":"b60ccecd-1ce5-4877-8010-ebd2696bef38","local_time":"20201215232523","is_ascension_mode":true,"campfire_choices":[{"data":"True Grit","floor":7,"key":"SMITH"},{"data":"Metallicize","floor":15,"key":"SMITH"}],"circlet_count":0,"master_deck":["Strike_R","Strike_R","Strike_R+1","Strike_R","Defend_R","Defend_R","Defend_R+1","Bash","Hemokinesis","Immolate","Dropkick","True Grit+1","Shrug It Off","Thunderclap","Sentinel","Metallicize+1"],"relics":["Burning Blood","TungstenRod","Question Card","Bag of Preparation","Sundial","Golden Idol"],"acts_visited":["Exordium"],"potions_floor_usage":[6,12,13,16],"damage_taken":[{"damage":5,"enemies":"2 Louse","floor":1,"turns":2},{"damage":2,"enemies":"Cultist","floor":3,"turns":2},{"damage":7,"enemies":"Jaw Worm","floor":4,"turns":3},{"damage":14,"enemies":"3 Sentries","floor":6,"turns":3},{"damage":0,"enemies":"Gremlin Gang","floor":8,"turns":1},{"damage":19,"enemies":"Lagavulin","floor":10,"turns":6},{"damage":1,"enemies":"Exordium Thugs","floor":11,"turns":2},{"damage":1,"enemies":"Large Slime","floor":12,"turns":3},{"damage":0,"enemies":"3 Sentries","floor":13,"turns":1},{"damage":45,"enemies":"Hexaghost","floor":16,"turns":10}],"seed_played":"4497146237798451156","potions_obtained":[{"floor":1,"key":"GamblersBrew"},{"floor":3,"key":"DuplicationPotion"},{"floor":5,"key":"AttackPotion"},{"floor":8,"key":"BloodPotion"},{"floor":11,"key":"DuplicationPotion"}],"is_trial":false,"path_per_floor":["M","?","M","M","?","E","R","M","T","E","M","M","E","?","R","B"],"character_chosen":"IRONCLAD","items_purchased":[],"campfire_rested":0,"item_purchase_floors":[],"current_hp_per_floor":[57,41,45,44,44,36,36,42,42,29,34,39,45,26,26,0,0],"gold":322,"neow_bonus":"TRANSFORM_TWO_CARDS","is_daily":false,"chose_seed":false,"campfire_upgraded":2,"win_rate":0.0,"timestamp":1608071123,"path_taken":["M","?","M","M","?","E","R","M","T","E","?","?","E","?","R","BOSS"],"items_purchased_type":[],"build_version":"2020-12-13","purchased_purges":0,"victory":false,"max_hp_per_floor":[80,80,80,80,80,80,80,80,80,80,80,80,80,80,80,80,80],"card_choices":[{"not_picked":["Searing Blow","Flex","Heavy Blade"],"picked":"SKIP","floor":1},{"not_picked":["Heavy Blade","Infernal Blade"],"picked":"Dropkick","floor":3},{"not_picked":["Infernal Blade","Dark Embrace"],"picked":"True Grit","floor":4},{"not_picked":["Seeing Red","Twin Strike"],"picked":"Shrug It Off","floor":6},{"not_picked":["Bloodletting","Warcry","Headbutt"],"picked":"SKIP","floor":8},{"not_picked":["Body Slam","Headbutt","Ghostly Armor","Havoc"],"picked":"SKIP","floor":10},{"not_picked":["Juggernaut","Infernal Blade","Rampage"],"picked":"Thunderclap","floor":11},{"not_picked":["Sword Boomerang","Pommel Strike","Flex"],"picked":"Sentinel","floor":12},{"not_picked":["Thunderclap","Infernal Blade","Corruption"],"picked":"Metallicize","floor":13}],"player_experience":98950,"relics_obtained":[{"floor":6,"key":"TungstenRod"},{"floor":9,"key":"Question Card"},{"floor":10,"key":"Bag of Preparation"},{"floor":13,"key":"Sundial"}],"event_choices":[{"damage_healed":0,"gold_gain":0,"player_choice":"Entered Light","damage_taken":16,"max_hp_gain":0,"max_hp_loss":0,"event_name":"Shining Light","floor":2,"gold_loss":0,"cards_upgraded":["Strike_R","Defend_R"]},{"damage_healed":0,"gold_gain":0,"player_choice":"Bought 1 Potion","damage_taken":0,"max_hp_gain":0,"max_hp_loss":0,"event_name":"The Woman in Blue","floor":5,"gold_loss":0},{"damage_healed":0,"gold_gain":0,"player_choice":"Take Damage","damage_taken":20,"relics_obtained":["Golden Idol"],"max_hp_gain":0,"max_hp_loss":0,"event_name":"Golden Idol","floor":14,"gold_loss":0}],"is_beta":false,"boss_relics":[],"items_purged_floors":[],"is_endless":false,"potions_floor_spawned":[1,3,8,10,11],"killed_by":"Hexaghost","ascension_level":4}}