{"host":"Dean","time":1608050483,"event":{"mods":["2.2 Compatiblity","AchievementEnabler","BaseMod","Block Reminder","Colored Map","Colored Powertips","Downfall","Minty Spire (QoL Compilation)","Permanent Neow","Quick Restart","Relic Stats","Replay The Spire","StSLib"],"gold_per_floor":[99,132,195,229,229],"floor_reached":4,"playtime":253,"items_purged":[],"score":44,"play_id":"9b7d85c2-22b3-433c-ae07-15496fedb120","local_time":"20201215114123","is_ascension_mode":true,"campfire_choices":[{"data":"champ:Execute","floor":1,"key":"SMITH"}],"circlet_count":0,"master_deck":["champ:Strike","champ:Strike","champ:Strike","champ:Strike","champ:Defend","champ:Defend","champ:Defend","champ:Defend","champ:Execute+1","champ:Taunt","champ:Aggression","champ:FanOfKnives","champ:BladeFlurry"],"relics":["Busted Crown","ReplayFunnel","Durian","Eternal Feather"],"acts_visited":["Exordium"],"potions_floor_usage":[],"damage_taken":[{"damage":33,"enemies":"Replay:BlueRogue","floor":2,"turns":6},{"damage":29,"enemies":"Gremlin Nob","floor":3,"turns":4},{"damage":41,"enemies":"Lagavulin","floor":4,"turns":6}],"seed_played":"-2297142233652733444","potions_obtained":[{"floor":2,"key":"FairyPotion"}],"is_trial":false,"path_per_floor":["R","E","?","E"],"character_chosen":"THE_CHAMP","items_purchased":[],"campfire_rested":0,"item_purchase_floors":[],"current_hp_per_floor":[90,67,62,38,38],"gold":229,"neow_bonus":"BOSS_RELIC","is_daily":false,"chose_seed":false,"campfire_upgraded":1,"win_rate":0.0,"timestamp":1608050483,"path_taken":["R","E","?","E"],"items_purchased_type":[],"build_version":"2020-12-07","purchased_purges":0,"victory":false,"max_hp_per_floor":[90,90,95,95,95],"relic_stats":{"Busted Crown":6,"counters":[3,16],"Eternal Feather":0,"obtain_stats":[{"ReplayFunnel":2,"Busted Crown":0,"champ:ChampionCrown":0,"Eternal Feather":4,"Durian":3},{"ReplayFunnel":1,"Busted Crown":0,"champ:ChampionCrown":0,"Eternal Feather":3,"Durian":2},{"ReplayFunnel":6,"Busted Crown":0,"champ:ChampionCrown":0,"Eternal Feather":16,"Durian":10}]},"card_choices":[{"not_picked":[],"picked":"champ:Aggression","floor":2},{"not_picked":[],"picked":"champ:FanOfKnives","floor":3},{"not_picked":[],"picked":"champ:BladeFlurry","floor":4}],"player_experience":994615,"relics_obtained":[{"floor":2,"key":"ReplayFunnel"},{"floor":3,"key":"Durian"},{"floor":4,"key":"Eternal Feather"}],"event_choices":[],"is_beta":true,"boss_relics":[],"items_purged_floors":[],"is_endless":false,"potions_floor_spawned":[2],"killed_by":"Lagavulin","ascension_level":2}}