{"host":"uxq2rly8rxtwffuf","time":1608009954,"event":{"mods":["BaseMod","Koishi","Minty Spire (QoL Compilation)","StSLib","The Judge","The Servant 0.9.4"],"gold_per_floor":[117,137,53,71,71,96,16,16,16,0,0,13,13,43,43,118,118,136,406,41,64,83,83,108,108,131,145,171,188,188,207,207,284,284,301,321,332,345,24,58,75,75,75,75,91,91,124,139,139,139,139,139,4,38,38],"floor_reached":56,"playtime":3795,"items_purged":["Koishi:BasicStrike","Koishi:BasicDefend","Koishi:BasicDefend"],"score":2431,"play_id":"5986e776-b9f1-4e60-9d10-b3d098ef232d","local_time":"20201215082554","is_ascension_mode":true,"campfire_choices":[{"data":"Koishi:SubterraneanRose","floor":11.0,"key":"SMITH"},{"data":"Koishi:Whimsy","floor":13.0,"key":"SMITH"},{"floor":15.0,"key":"RECALL"},{"data":"Koishi:SubconsciousSweep","floor":23.0,"key":"SMITH"},{"data":"Koishi:ReleaseOfTheId","floor":25.0,"key":"SMITH"},{"data":"Koishi:ReleaseOfTheId","floor":32.0,"key":"SMITH"},{"data":"Koishi:SubconsciousSweep","floor":42.0,"key":"SMITH"},{"data":"Koishi:SubconsciousSweep","floor":44.0,"key":"SMITH"},{"data":"Koishi:SubterraneanRose","floor":46.0,"key":"SMITH"},{"data":"Koishi:SpiritedAway","floor":49,"key":"SMITH"},{"data":"Koishi:RorschachInDanmaku","floor":52,"key":"SMITH"}],"circlet_count":0,"master_deck":["AscendersBane","Koishi:BasicStrike+1","Koishi:BasicDefend","Koishi:BasicDefend","Koishi:Provoke","Koishi:HauntingSlash","Koishi:Whimsy+1","Koishi:SubterraneanRose+1","Koishi:Untouchable","Koishi:ReleaseOfTheId+1","Koishi:Untouchable","Koishi:Prune+1","Koishi:GhostParty","Koishi:Whimsy","Koishi:ReflexRadar","Koishi:SubconsciousSweep+1","Koishi:SubterraneanRose+1","Koishi:ReleaseOfTheId+1","Koishi:RorschachInDanmaku+1","Koishi:FreudianInstinct","Koishi:DreadfulBlow","Koishi:SubconsciousSweep+1","Koishi:ReleaseOfTheId+1","Koishi:ConditionedTeleport","Koishi:Prune+1","Koishi:SpiritedAway+1","Koishi:SubconsciousSweep+1","Koishi:IdleWhim+1"],"relics":["Koishi:ImaginaryFriend","Gambling Chip","Koishi:EchoesOfADeadGirl","Pear","Runic Dome","Membership Card","HornCleat","Regal Pillow","Orichalcum","Bag of Preparation","Snecko Eye","Singing Bowl","Calipers","Whetstone","Darkstone Periapt","Blood Vial","Koishi:AHoleWhereASisterShouldBe","Bag of Marbles"],"acts_visited":["Exordium","TheCity","TheBeyond","TheEnding"],"potions_floor_usage":[],"damage_taken":[{"damage":2.0,"enemies":"Cultist","floor":1.0,"turns":5.0},{"damage":6.0,"enemies":"Jaw Worm","floor":2.0,"turns":6.0},{"damage":0.0,"enemies":"Small Slimes","floor":4.0,"turns":5.0},{"damage":23.0,"enemies":"Gremlin Nob","floor":6.0,"turns":4.0},{"damage":1.0,"enemies":"Looter","floor":10.0,"turns":4.0},{"damage":0.0,"enemies":"3 Louse","floor":12.0,"turns":3.0},{"damage":10.0,"enemies":"3 Sentries","floor":14.0,"turns":7.0},{"damage":0.0,"enemies":"Slime Boss","floor":16.0,"turns":13.0},{"damage":0.0,"enemies":"3 Byrds","floor":18.0,"turns":2.0},{"damage":0.0,"enemies":"Chosen","floor":22.0,"turns":8.0},{"damage":4.0,"enemies":"Slavers","floor":24.0,"turns":4.0},{"damage":0.0,"enemies":"Centurion and Healer","floor":27.0,"turns":9.0},{"damage":0.0,"enemies":"Book of Stabbing","floor":28.0,"turns":6.0},{"damage":1.0,"enemies":"Snecko","floor":29.0,"turns":8.0},{"damage":0.0,"enemies":"3 Cultists","floor":31.0,"turns":3.0},{"damage":0.0,"enemies":"Champ","floor":33.0,"turns":14.0},{"damage":0.0,"enemies":"3 Darklings","floor":35.0,"turns":9.0},{"damage":8.0,"enemies":"3 Shapes","floor":36.0,"turns":6.0},{"damage":0.0,"enemies":"Sphere and 2 Shapes","floor":37.0,"turns":4.0},{"damage":0.0,"enemies":"Spire Growth","floor":38.0,"turns":4.0},{"damage":0.0,"enemies":"Nemesis","floor":40.0,"turns":11.0},{"damage":18.0,"enemies":"4 Shapes","floor":41.0,"turns":3.0},{"damage":0.0,"enemies":"Jaw Worm Horde","floor":45.0,"turns":3.0},{"damage":0.0,"enemies":"Reptomancer","floor":47.0,"turns":7.0},{"damage":0,"enemies":"Maw","floor":48,"turns":10},{"damage":0,"enemies":"Donu and Deca","floor":50,"turns":6},{"damage":0,"enemies":"Shield and Spear","floor":54,"turns":5},{"damage":51,"enemies":"The Heart","floor":55,"turns":11}],"seed_played":"-5864636661115691615","potions_obtained":[{"floor":2.0,"key":"SmokeBomb"},{"floor":12.0,"key":"AttackPotion"},{"floor":16.0,"key":"LiquidMemories"},{"floor":18.0,"key":"EssenceOfSteel"},{"floor":29.0,"key":"Energy Potion"},{"floor":31.0,"key":"Regen Potion"},{"floor":35.0,"key":"SteroidPotion"},{"floor":40.0,"key":"Weak Potion"},{"floor":48,"key":"Dexterity Potion"}],"is_trial":false,"path_per_floor":["M","M","$","M","$","E","$","?","T","M","R","M","R","E","R","B",null,"M","?","$","T","M","R","E","R","T","M","E","M","?","M","R","B",null,"M","M","M","M","$","E","M","R","T","R","M","R","E","M","R","B",null,"R","$","E","B",null],"character_chosen":"KOISHI","items_purchased":["Koishi:SubterraneanRose","Koishi:Untouchable","Koishi:Untouchable","Koishi:SubconsciousSweep","Membership Card","Koishi:SubterraneanRose","HornCleat","Singing Bowl","Calipers","Koishi:AHoleWhereASisterShouldBe"],"campfire_rested":0,"item_purchase_floors":[3,3,7,20,20,20,20,39,39,53],"current_hp_per_floor":[56,53,53,55,55,33,33,33,33,32,32,32,32,32,32,33,62,62,35,35,35,35,35,31,31,31,34,35,34,34,34,34,49,66,66,59,59,60,60,64,46,46,46,46,48,48,52,57,57,60,75,75,75,80,33],"gold":38,"neow_bonus":"TEN_PERCENT_HP_BONUS","is_daily":false,"chose_seed":false,"campfire_upgraded":10,"win_rate":0.0,"timestamp":1608009954,"path_taken":["M","M","$","?","$","E","?","?","T","M","R","M","R","E","R","BOSS","M","?","$","?","?","R","E","R","T","M","E","M","?","M","R","BOSS","M","M","M","M","$","E","M","R","T","R","M","R","E","M","R","BOSS","R","$","E","BOSS"],"items_purchased_type":["Card","Card","Card","Card","Relic","Card","Relic","Relic","Relic","Relic"],"build_version":"2020-12-13","purchased_purges":3,"victory":true,"max_hp_per_floor":[62,62,62,62,62,62,62,62,62,62,62,62,62,72,72,72,72,72,72,72,72,72,72,72,72,72,72,72,72,72,72,72,72,72,72,72,72,72,72,74,74,74,74,74,76,76,78,80,80,80,80,80,80,82,82],"card_choices":[{"not_picked":["Koishi:BloodcurdlingScream","Koishi:FleetingPhantom","Koishi:PhantomBarrier"],"picked":"SKIP","floor":1.0},{"not_picked":["Koishi:PredatoryInstincts","Koishi:PhilosophyOfTheDespised"],"picked":"Koishi:Whimsy","floor":2.0},{"not_picked":["Koishi:HeartfeltFancy","Koishi:PhantomStrike"],"picked":"Koishi:ReleaseOfTheId","floor":4.0},{"not_picked":["Koishi:ParalyzingFear","Koishi:PhantomBarrier","Koishi:PhilosophyOfTheDespised"],"picked":"SKIP","floor":6.0},{"not_picked":["Koishi:GhostParty","Koishi:TremblingHands"],"picked":"Koishi:Prune","floor":10.0},{"not_picked":["Koishi:TraumaticStroke","Koishi:YoukaiPolygraph"],"picked":"Koishi:GhostParty","floor":12.0},{"not_picked":["Koishi:StingingMind","Koishi:GhostParty"],"picked":"Koishi:Whimsy","floor":14.0},{"not_picked":["Koishi:FormlessExistence","Koishi:MentalBreakdown"],"picked":"Koishi:ConditionedTeleport","floor":16.0},{"not_picked":["Koishi:CatchAndRose","Koishi:BloodcurdlingScream+1"],"picked":"Koishi:ReflexRadar","floor":18.0},{"not_picked":["Koishi:YoukaiPolygraph","Koishi:EmbersOfLove","Koishi:PredatoryInstincts"],"picked":"SKIP","floor":22.0},{"not_picked":["Koishi:FidgetySnatcher","Koishi:SprinkleStarAndHeart"],"picked":"Koishi:ReleaseOfTheId","floor":24.0},{"not_picked":["Koishi:DNAsFlaw","Koishi:FidgetySnatcher"],"picked":"Koishi:RorschachInDanmaku","floor":27.0},{"not_picked":["Koishi:StingingMind","Koishi:PhantomBarrier","Koishi:ImGoingToCallYouNow"],"picked":"SKIP","floor":28.0},{"not_picked":["Koishi:FleetingPhantom+1","Koishi:ParalyzingFear"],"picked":"Koishi:FreudianInstinct","floor":29.0},{"not_picked":["Koishi:VengefulSpirit","Koishi:PredatoryInstincts"],"picked":"Koishi:ReleaseOfTheId","floor":31.0},{"not_picked":["Koishi:ConfinedInnocent","Koishi:Heartbroken"],"picked":"Koishi:ConditionedTeleport","floor":33.0},{"not_picked":["Koishi:SubterraneanRose","Koishi:Jaunt"],"picked":"Koishi:Prune+1","floor":35.0},{"not_picked":["Koishi:UnconsciousUprising","Koishi:SubterraneanRose"],"picked":"Koishi:SpiritedAway","floor":36.0},{"not_picked":["Koishi:FourthEye+1","Koishi:Jaunt","Koishi:CatchAndRose"],"picked":"SKIP","floor":37.0},{"not_picked":["Koishi:CatchAndRose+1","Koishi:HeartfeltFancy"],"picked":"Koishi:SubconsciousSweep","floor":38.0},{"not_picked":["Koishi:StingingMind+1","Koishi:ApparitionsStalkTheNight","Koishi:FourthEye"],"picked":"Singing Bowl","floor":40.0},{"not_picked":["Koishi:Possession","Koishi:JumpScare"],"picked":"Koishi:IdleWhim+1","floor":41.0},{"not_picked":["Koishi:UnansweredLove","Koishi:Heartbroken","Koishi:Catatonia"],"picked":"Singing Bowl","floor":45.0},{"not_picked":["Koishi:DanmakuParanoia+1","Koishi:UnconsciousUprising","Koishi:YoukaiPolygraph"],"picked":"Singing Bowl","floor":47},{"not_picked":["Koishi:StingingMind+1","Koishi:BloodcurdlingScream","Koishi:Jaunt"],"picked":"Singing Bowl","floor":48},{"not_picked":["Koishi:Untouchable","Koishi:ParalyzingFear","Koishi:PhantomBarrier+1"],"picked":"Singing Bowl","floor":54}],"player_experience":1328517,"relics_obtained":[{"floor":6.0,"key":"Gambling Chip"},{"floor":9.0,"key":"Koishi:EchoesOfADeadGirl"},{"floor":14.0,"key":"Pear"},{"floor":21.0,"key":"Regal Pillow"},{"floor":24.0,"key":"Orichalcum"},{"floor":28.0,"key":"Bag of Preparation"},{"floor":40.0,"key":"Whetstone"},{"floor":43.0,"key":"Darkstone Periapt"},{"floor":47,"key":"Blood Vial"},{"floor":54,"key":"Bag of Marbles"}],"event_choices":[{"damage_healed":0.0,"max_hp_gain":0.0,"max_hp_loss":0.0,"gold_gain":0.0,"event_name":"Accursed Blacksmith","player_choice":"Forge","floor":8.0,"gold_loss":0.0,"damage_taken":0.0,"cards_upgraded":["Koishi:ReleaseOfTheId"]},{"damage_healed":0.0,"max_hp_gain":0.0,"max_hp_loss":0.0,"gold_gain":270.0,"event_name":"Knowing Skull","player_choice":"GOLD GOLD GOLD ","floor":19.0,"potions_obtained":[],"gold_loss":0.0,"damage_taken":27.0,"cards_obtained":[]},{"damage_healed":0.0,"max_hp_gain":0.0,"max_hp_loss":0.0,"gold_gain":0.0,"cards_transformed":["Koishi:BasicStrike","Koishi:BasicStrike"],"event_name":"Drug Dealer","player_choice":"Became Test Subject","floor":30.0,"gold_loss":0.0,"damage_taken":0.0,"cards_obtained":["Koishi:DreadfulBlow","Koishi:SubconsciousSweep"]}],"is_beta":false,"boss_relics":[{"not_picked":["Philosopher\u0027s Stone","Runic Pyramid"],"picked":"Runic Dome"},{"not_picked":["Busted Crown","Cursed Key"],"picked":"Snecko Eye"}],"items_purged_floors":[20,39,53],"is_endless":false,"potions_floor_spawned":[2,12,16,18,29,31,35,40,41,45,48,54],"ascension_level":15}}