{"host":"6bsan6hkua32tfq7","time":1608016095,"event":{"mods":["BaseMod","Better Third Choice","Colored Map","Downfall","Highlight Path","Minty Spire (QoL Compilation)","StSLib"],"gold_per_floor":[117,136,186,201,218,245,245,245,245],"floor_reached":8,"playtime":229,"items_purged":[],"score":116,"play_id":"232ba0c1-9277-41d6-9527-bbc24e8a709e","local_time":"20201215080815","is_ascension_mode":true,"campfire_choices":[{"floor":7.0,"key":"REST"}],"circlet_count":0,"master_deck":["AscendersBane","Strike_G","Strike_G","Strike_G","Strike_G","Strike_G","Defend_G","Defend_G","Defend_G","Defend_G","Defend_G","Survivor","Neutralize","Noxious Fumes","Dash","Leg Sweep","Noxious Fumes","Footwork"],"relics":["Ring of the Snake","Happy Flower","Question Card"],"acts_visited":["Exordium"],"potions_floor_usage":[8],"damage_taken":[{"damage":6.0,"enemies":"Jaw Worm","floor":1.0,"turns":4.0},{"damage":0.0,"enemies":"Cultist","floor":2.0,"turns":4.0},{"damage":6.0,"enemies":"Small Slimes","floor":4.0,"turns":5.0},{"damage":3.0,"enemies":"Exordium Wildlife","floor":5.0,"turns":4.0},{"damage":22.0,"enemies":"3 Sentries","floor":6.0,"turns":8.0},{"damage":41,"enemies":"Gremlin Nob","floor":8,"turns":4}],"seed_played":"-3192066992493818553","potions_obtained":[{"floor":1.0,"key":"Energy Potion"},{"floor":6.0,"key":"PowerPotion"}],"is_trial":false,"path_per_floor":["M","M","?","M","M","E","R","E"],"character_chosen":"THE_SILENT","items_purchased":[],"campfire_rested":1,"item_purchase_floors":[],"current_hp_per_floor":[53,53,53,47,44,22,41,0,0],"gold":245,"neow_bonus":"RANDOM_COMMON_RELIC","is_daily":false,"chose_seed":false,"campfire_upgraded":0,"win_rate":0.0,"timestamp":1608016095,"path_taken":["M","M","?","?","M","E","R","E"],"items_purchased_type":[],"build_version":"2020-12-13","purchased_purges":0,"victory":false,"max_hp_per_floor":[66,66,66,66,66,66,66,66,66],"card_choices":[{"not_picked":["Bane","Cloak And Dagger"],"picked":"Noxious Fumes","floor":1.0},{"not_picked":["Reflex","Sucker Punch"],"picked":"Dash","floor":2.0},{"not_picked":["Dagger Throw","Finisher"],"picked":"Leg Sweep","floor":4.0},{"not_picked":["Blade Dance","Slice"],"picked":"Noxious Fumes","floor":5.0},{"not_picked":["Deflect","Poisoned Stab"],"picked":"Footwork","floor":6.0}],"player_experience":5156554,"relics_obtained":[{"floor":6.0,"key":"Question Card"}],"event_choices":[{"damage_healed":0.0,"max_hp_gain":0.0,"max_hp_loss":0.0,"gold_gain":50.0,"event_name":"Golden Shrine","player_choice":"Pray","floor":3.0,"gold_loss":0.0,"damage_taken":0.0}],"is_beta":false,"boss_relics":[],"items_purged_floors":[],"is_endless":false,"potions_floor_spawned":[1,6],"killed_by":"Gremlin Nob","ascension_level":20}}