{"host":"4cz9gr89nglr7k8k","time":1608073615,"event":{"mods":["BaseMod","Minty Spire (QoL Compilation)","Relic Stats","Slay-I"],"gold_per_floor":[217,292,59,72,222,222,256,256,256,272,272,272,272,282,282,356,356,372,18,30,0,0,0,0,0,26,26,26],"floor_reached":27,"playtime":561,"items_purged":[],"score":404,"play_id":"4d9f1d0c-feac-414a-87a4-1911e3446abc","local_time":"20201216000655","is_ascension_mode":true,"campfire_choices":[{"floor":6,"key":"REST"},{"floor":8,"key":"REST"},{"floor":11,"key":"REST"},{"data":"Sunder","floor":13,"key":"SMITH"},{"data":"Defragment","floor":15,"key":"SMITH"},{"floor":23,"key":"REST"}],"circlet_count":0,"master_deck":["AscendersBane","Strike_B","Strike_B","Strike_B","Strike_B","Defend_B","Defend_B","Defend_B","Defend_B","Zap","Dualcast","Gash","Defragment+1","Sunder+1","Steam","Ball Lightning","Doubt","Echo Form","Turbo","Self Repair","Biased Cognition","Leap","Redo","Defragment"],"relics":["Cracked Core","Omamori","Bottled Flame","Cursed Key","WingedGreaves","Meat on the Bone","Juzu Bracelet"],"acts_visited":["Exordium","TheCity"],"potions_floor_usage":[16,18,18,27],"damage_taken":[{"damage":7,"enemies":"2 Louse","floor":1,"turns":3},{"damage":3,"enemies":"Small Slimes","floor":4,"turns":3},{"damage":60,"enemies":"Lagavulin","floor":7,"turns":6},{"damage":6,"enemies":"Cultist","floor":10,"turns":3},{"damage":6,"enemies":"Looter","floor":14,"turns":3},{"damage":30,"enemies":"Slime Boss","floor":16,"turns":7},{"damage":16,"enemies":"3 Byrds","floor":18,"turns":5},{"damage":21,"enemies":"Spheric Guardian","floor":20,"turns":4},{"damage":60,"enemies":"Colosseum Slavers","floor":27,"turns":4}],"seed_played":"1991063354883096075","potions_obtained":[{"floor":4,"key":"Fire Potion"},{"floor":7,"key":"Weak Potion"},{"floor":16,"key":"Weak Potion"},{"floor":20,"key":"FocusPotion"}],"is_trial":false,"path_per_floor":["M","?","$","M","?","R","E","R","T","M","R","?","R","M","R","B",null,"M","$","M","?","?","R","?","$","T","?"],"character_chosen":"DEFECT","items_purchased":["Defragment","Sunder","Steam","WingedGreaves","Redo"],"campfire_rested":4,"item_purchase_floors":[3,3,3,19,19],"current_hp_per_floor":[57,46,46,43,43,64,4,25,25,19,40,63,63,57,57,27,60,51,51,30,30,30,51,51,51,51,0,0],"gold":26,"neow_bonus":"HUNDRED_GOLD","is_daily":false,"chose_seed":false,"campfire_upgraded":2,"win_rate":0.0,"timestamp":1608073615,"path_taken":["M","?","$","M","?","R","E","R","T","M","R","?","R","M","R","BOSS","M","$","M","?","?","R","?","$","T","?"],"items_purchased_type":["Card","Card","Card","Relic","Card"],"build_version":"2020-12-13","purchased_purges":0,"victory":false,"max_hp_per_floor":[71,71,71,71,71,71,71,71,71,71,71,71,71,71,71,71,71,71,71,71,71,71,71,71,71,71,71,71],"relic_stats":{"counters":[9,38],"Juzu Bracelet":0,"Cursed Key":1,"obtain_stats":[{"Bottled Flame":9,"WingedGreaves":19,"Omamori":7,"Juzu Bracelet":26,"Cracked Core":0,"Cursed Key":17,"Meat on the Bone":24},{"Bottled Flame":3,"WingedGreaves":7,"Omamori":3,"Juzu Bracelet":8,"Cracked Core":0,"Cursed Key":6,"Meat on the Bone":8},{"Bottled Flame":12,"WingedGreaves":30,"Omamori":12,"Juzu Bracelet":34,"Cracked Core":0,"Cursed Key":25,"Meat on the Bone":34}],"Meat on the Bone":0},"card_choices":[{"not_picked":["Beam Cell","Sweeping Beam"],"picked":"Gash","floor":1},{"not_picked":["Static Discharge","Fusion"],"picked":"Ball Lightning","floor":4},{"not_picked":["Cold Snap","Stack"],"picked":"Echo Form","floor":7},{"not_picked":["Reprogram","Scrape"],"picked":"Turbo","floor":10},{"not_picked":["Force Field","FTL"],"picked":"Self Repair","floor":14},{"not_picked":["Reboot","Rainbow"],"picked":"Biased Cognition","floor":16},{"not_picked":["Hologram","Glacier"],"picked":"Leap","floor":18},{"not_picked":["Stack+1","Redo"],"picked":"Defragment","floor":20}],"player_experience":1445348,"relics_obtained":[{"floor":7,"key":"Omamori"},{"floor":9,"key":"Bottled Flame"},{"floor":26,"key":"Juzu Bracelet"}],"event_choices":[{"damage_healed":0,"gold_gain":75,"player_choice":"Gather Gold","damage_taken":11,"max_hp_gain":0,"max_hp_loss":0,"event_name":"World of Goop","floor":2,"gold_loss":0},{"damage_healed":0,"gold_gain":150,"player_choice":"AGREE","damage_taken":0,"max_hp_gain":0,"max_hp_loss":0,"event_name":"Liars Game","floor":5,"gold_loss":0,"cards_obtained":["Doubt"]},{"damage_healed":23,"gold_gain":0,"player_choice":"Banana","damage_taken":0,"max_hp_gain":0,"max_hp_loss":0,"event_name":"Big Fish","floor":12,"gold_loss":0},{"damage_healed":0,"gold_gain":0,"player_choice":"Paid Fearfully","damage_taken":0,"max_hp_gain":0,"max_hp_loss":0,"event_name":"Masked Bandits","floor":21,"gold_loss":30},{"damage_healed":0,"gold_gain":0,"player_choice":"Ignored","damage_taken":0,"max_hp_gain":0,"max_hp_loss":0,"event_name":"Ghosts","floor":22,"gold_loss":0},{"damage_healed":0,"gold_gain":0,"player_choice":"Stole Relic","damage_taken":0,"relics_obtained":["Meat on the Bone"],"max_hp_gain":0,"max_hp_loss":0,"event_name":"Addict","floor":24,"gold_loss":0,"cards_obtained":["Shame"]},{"damage_healed":0,"gold_gain":0,"player_choice":"Fight","damage_taken":0,"max_hp_gain":0,"max_hp_loss":0,"event_name":"Colosseum","floor":27,"gold_loss":0}],"is_beta":false,"boss_relics":[{"not_picked":["Busted Crown","Velvet Choker"],"picked":"Cursed Key"}],"items_purged_floors":[],"is_endless":false,"potions_floor_spawned":[4,7,16,20],"killed_by":"Colosseum Slavers","ascension_level":19}}