{"host":"soyfmymeou4emntr","time":1608070142,"event":{"mods":["BaseMod","Minty Spire (QoL Compilation)","Relic Sorter","Relic Stats","StSLib"],"gold_per_floor":[118,142,160,0,0,0,10,10,64,78,135,165,165,199,199,272,272,282,19,39,39,59,59,92,109,109,128,163,109,109,124,124,124,124],"floor_reached":33,"playtime":9117,"items_purged":["Strike_G","Strike_G"],"score":590,"play_id":"3f7ed072-cced-42bf-b908-03c8ee324f3d","local_time":"20201215150902","is_ascension_mode":true,"campfire_choices":[{"data":"Terror","floor":6.0,"key":"SMITH"},{"data":"Quick Slash","floor":8.0,"key":"SMITH"},{"floor":13.0,"key":"REST"},{"data":"Dash","floor":15.0,"key":"SMITH"},{"floor":23.0,"key":"REST"},{"floor":30,"key":"REST"},{"floor":32,"key":"RECALL"}],"circlet_count":0,"master_deck":["AscendersBane","Strike_G","Strike_G","Strike_G","Defend_G","Defend_G","Defend_G","Defend_G","Defend_G","Survivor","Neutralize","Deadly Poison","Slice","Terror+1","Bouncing Flask+1","Quick Slash+1","Well Laid Plans","Dash+1","Wraith Form v2","Noxious Fumes","Dagger Spray+1","Slice","Tools of the Trade","Noxious Fumes","Finisher","Escape Plan+1","Glass Knife","Backflip"],"relics":["Ring of the Snake","Regal Pillow","Nunchaku","InkBottle","Meat on the Bone","Fusion Hammer","Bag of Preparation","Akabeko","StoneCalendar","Du-Vu Doll"],"acts_visited":["Exordium","TheCity"],"potions_floor_usage":[28,33,33],"damage_taken":[{"damage":1.0,"enemies":"Cultist","floor":1.0,"turns":4.0},{"damage":1.0,"enemies":"Small Slimes","floor":3.0,"turns":4.0},{"damage":6.0,"enemies":"2 Louse","floor":7.0,"turns":3.0},{"damage":18.0,"enemies":"Exordium Thugs","floor":10.0,"turns":5.0},{"damage":27.0,"enemies":"Lagavulin","floor":12.0,"turns":5.0},{"damage":3.0,"enemies":"Gremlin Nob","floor":14.0,"turns":3.0},{"damage":12.0,"enemies":"Slime Boss","floor":16.0,"turns":7.0},{"damage":4.0,"enemies":"3 Byrds","floor":18.0,"turns":5.0},{"damage":0.0,"enemies":"Spheric Guardian","floor":20.0,"turns":4.0},{"damage":17.0,"enemies":"Snake Plant","floor":22.0,"turns":3.0},{"damage":32.0,"enemies":"Slavers","floor":24.0,"turns":5.0},{"damage":2,"enemies":"3 Cultists","floor":25,"turns":4},{"damage":5,"enemies":"Cultist and Chosen","floor":27,"turns":4},{"damage":13,"enemies":"Book of Stabbing","floor":28,"turns":5},{"damage":3,"enemies":"Centurion and Healer","floor":31,"turns":5},{"damage":74,"enemies":"Automaton","floor":33,"turns":8}],"seed_played":"-1733535392809015855","potions_obtained":[{"floor":3.0,"key":"Strength Potion"},{"floor":10.0,"key":"Fire Potion"},{"floor":16.0,"key":"Energy Potion"},{"floor":18.0,"key":"LiquidBronze"},{"floor":25,"key":"ColorlessPotion"},{"floor":31,"key":"Dexterity Potion"}],"is_trial":false,"path_per_floor":["M","T","M","$","?","R","M","R","T","M","?","E","R","E","R","B",null,"M","$","M","?","M","R","E","M","T","M","E","$","R","M","R","B"],"character_chosen":"THE_SILENT","items_purchased":["Bouncing Flask","Bag of Preparation","Poison Potion"],"campfire_rested":3,"item_purchase_floors":[4,19,29],"current_hp_per_floor":[58,58,57,57,57,57,51,51,51,33,33,6,40,37,37,37,59,55,55,55,55,38,66,34,44,44,39,38,38,66,63,63,0,0],"gold":124,"neow_bonus":"THREE_CARDS","is_daily":false,"chose_seed":false,"campfire_upgraded":3,"win_rate":0.0,"timestamp":1608070142,"path_taken":["M","?","M","$","?","R","M","R","T","M","?","E","R","E","R","BOSS","M","$","M","?","M","R","E","M","T","?","E","?","R","M","R","BOSS"],"items_purchased_type":["Card","Relic","Potion"],"build_version":"2020-12-13","purchased_purges":2,"victory":false,"max_hp_per_floor":[66,66,66,66,66,66,66,66,66,66,66,66,66,66,66,66,66,66,66,66,66,66,66,66,66,66,66,66,66,66,66,66,66,66],"relic_stats":{"Regal Pillow":33,"Nunchaku":[13],"counters":[16,74],"StoneCalendar":[52],"Bag of Preparation":[16],"obtain_stats":[{"Du-Vu Doll":28,"Regal Pillow":2,"Nunchaku":9,"StoneCalendar":26,"Fusion Hammer":17,"Bag of Preparation":19,"InkBottle":12,"Akabeko":24,"Ring of the Snake":0,"Meat on the Bone":14},{"Du-Vu Doll":14,"Regal Pillow":1,"Nunchaku":3,"StoneCalendar":12,"Fusion Hammer":7,"Bag of Preparation":8,"InkBottle":5,"Akabeko":11,"Ring of the Snake":0,"Meat on the Bone":6},{"Du-Vu Doll":61,"Regal Pillow":4,"Nunchaku":11,"StoneCalendar":52,"Fusion Hammer":31,"Bag of Preparation":36,"InkBottle":21,"Akabeko":48,"Ring of the Snake":0,"Meat on the Bone":24}],"InkBottle":[20],"Ring of the Snake":[32],"Meat on the Bone":36},"card_choices":[{"not_picked":["Endless Agony","Acrobatics"],"picked":"Deadly Poison","floor":0.0},{"not_picked":["Setup","Cloak And Dagger"],"picked":"Slice","floor":1.0},{"not_picked":["Blade Dance","Eviscerate"],"picked":"Terror","floor":3.0},{"not_picked":["Acrobatics","Infinite Blades"],"picked":"Quick Slash","floor":7.0},{"not_picked":["Cloak And Dagger","Quick Slash"],"picked":"Well Laid Plans","floor":10.0},{"not_picked":["Skewer","Night Terror"],"picked":"Dash","floor":12.0},{"not_picked":["Sucker Punch","Underhanded Strike","Distraction"],"picked":"SKIP","floor":14.0},{"not_picked":["Tools of the Trade","Grand Finale"],"picked":"Wraith Form v2","floor":16.0},{"not_picked":["Endless Agony","Quick Slash"],"picked":"Noxious Fumes","floor":18.0},{"not_picked":["Backflip","Setup"],"picked":"Dagger Spray+1","floor":20.0},{"not_picked":["Dagger Spray","Cloak And Dagger"],"picked":"Noxious Fumes","floor":22.0},{"not_picked":["Choke","Masterful Stab"],"picked":"Finisher","floor":24.0},{"not_picked":["All Out Attack+1","Cloak And Dagger"],"picked":"Escape Plan+1","floor":25},{"not_picked":["Prepared+1","Choke"],"picked":"Glass Knife","floor":27},{"not_picked":["Poisoned Stab","Slice","Heel Hook"],"picked":"SKIP","floor":28},{"not_picked":["Heel Hook","Dagger Spray"],"picked":"Backflip","floor":31}],"player_experience":2536570,"relics_obtained":[{"floor":2.0,"key":"Regal Pillow"},{"floor":9.0,"key":"Nunchaku"},{"floor":12.0,"key":"InkBottle"},{"floor":14.0,"key":"Meat on the Bone"},{"floor":24.0,"key":"Akabeko"},{"floor":26,"key":"StoneCalendar"},{"floor":28,"key":"Du-Vu Doll"}],"event_choices":[{"damage_healed":0.0,"max_hp_gain":0.0,"max_hp_loss":0.0,"gold_gain":0.0,"event_name":"Living Wall","player_choice":"Grow","floor":5.0,"gold_loss":0.0,"damage_taken":0.0,"cards_upgraded":["Bouncing Flask"]},{"damage_healed":0.0,"max_hp_gain":0.0,"max_hp_loss":0.0,"gold_gain":57.0,"event_name":"Golden Wing","player_choice":"Gained Gold","floor":11.0,"gold_loss":0.0,"damage_taken":0.0},{"damage_healed":0.0,"max_hp_gain":0.0,"max_hp_loss":0.0,"gold_gain":0.0,"event_name":"Match and Keep!","player_choice":"2 cards matched","floor":21.0,"gold_loss":0.0,"damage_taken":0.0,"cards_obtained":["Slice","Tools of the Trade"]}],"is_beta":false,"boss_relics":[{"not_picked":["Tiny House","Empty Cage"],"picked":"Fusion Hammer"}],"items_purged_floors":[4,19],"is_endless":false,"potions_floor_spawned":[3,10,16,18,25,31],"killed_by":"Automaton","ascension_level":20}}