{"host":"bg8va46pgqgvtzim","time":1608037725,"event":{"mods":["BaseMod","Minty Spire (QoL Compilation)","Quick Restart","StSLib","SuperFastMode"],"gold_per_floor":[118,132,132,147,161,161,194,194,194,194,41,68,94,105,105,206,206,224,244,244,244,244,270,270,301,301,301,328,26,101,111,111,215,215,231,231,244,256,273,298,298,298],"floor_reached":41,"playtime":2302,"items_purged":[],"score":645,"play_id":"cea4f0be-22cc-4fb6-b0e2-ce77af5e6286","local_time":"20201215210845","is_ascension_mode":true,"campfire_choices":[{"data":"Turbo","floor":6.0,"key":"SMITH"},{"data":"Zap","floor":10.0,"key":"SMITH"},{"data":"Dualcast","floor":15.0,"key":"SMITH"},{"data":"Coolheaded","floor":24.0,"key":"SMITH"},{"data":"Skim","floor":27.0,"key":"SMITH"},{"data":"Skim","floor":32.0,"key":"SMITH"}],"circlet_count":0,"master_deck":["Defend_B","Defend_B","Defend_B","Defend_B","Zap+1","Dualcast+1","Sunder+1","Genetic Algorithm","Turbo+1","Hello World","Reboot","Coolheaded+1","Hologram","Seek","Skim+1","Compile Driver+1","Skim+1","Aggregate+1","Gash","Echo Form+1","Gash+1","White Noise+1","Reboot+1"],"relics":["Cracked Core","Kunai","Medical Kit","Gremlin Horn","Odd Mushroom","Sozu","Lantern","Toxic Egg 2","Question Card","StoneCalendar","Membership Card","Frozen Egg 2","Empty Cage","Incense Burner"],"acts_visited":["Exordium","TheCity","TheBeyond"],"potions_floor_usage":[],"damage_taken":[{"damage":0.0,"enemies":"Cultist","floor":1.0,"turns":4.0},{"damage":2.0,"enemies":"Jaw Worm","floor":2.0,"turns":4.0},{"damage":0.0,"enemies":"2 Louse","floor":4.0,"turns":2.0},{"damage":0.0,"enemies":"Blue Slaver","floor":5.0,"turns":3.0},{"damage":13.0,"enemies":"3 Sentries","floor":7.0,"turns":5.0},{"damage":0.0,"enemies":"Lagavulin","floor":12.0,"turns":6.0},{"damage":0.0,"enemies":"The Mushroom Lair","floor":13.0,"turns":3.0},{"damage":0.0,"enemies":"3 Louse","floor":14.0,"turns":2.0},{"damage":11.0,"enemies":"The Guardian","floor":16.0,"turns":13.0},{"damage":0.0,"enemies":"Chosen","floor":18.0,"turns":3.0},{"damage":7.0,"enemies":"3 Byrds","floor":19.0,"turns":4.0},{"damage":0.0,"enemies":"Gremlin Leader","floor":23.0,"turns":6.0},{"damage":18.0,"enemies":"Book of Stabbing","floor":25.0,"turns":5.0},{"damage":0.0,"enemies":"Slavers","floor":28.0,"turns":3.0},{"damage":1.0,"enemies":"Shelled Parasite and Fungi","floor":31.0,"turns":6.0},{"damage":9.0,"enemies":"Automaton","floor":33.0,"turns":7.0},{"damage":0.0,"enemies":"3 Shapes","floor":35.0,"turns":4.0},{"damage":4.0,"enemies":"Orb Walker","floor":37.0,"turns":4.0},{"damage":0.0,"enemies":"Sphere and 2 Shapes","floor":38.0,"turns":3.0},{"damage":3.0,"enemies":"4 Shapes","floor":39.0,"turns":4.0},{"damage":0,"enemies":"Giant Head","floor":40,"turns":4}],"seed_played":"8272682720152752444","potions_obtained":[{"floor":1.0,"key":"Dexterity Potion"},{"floor":7.0,"key":"DuplicationPotion"},{"floor":12.0,"key":"PowerPotion"}],"is_trial":false,"path_per_floor":["M","M","?","M","M","R","E","$","T","R","$","E","?","M","R","B",null,"M","M","?","?","?","E","R","E","T","R","E","$","?","M","R","B",null,"M","?","M","M","M","E","R"],"character_chosen":"DEFECT","items_purchased":["Medical Kit","Membership Card","Gash","Frozen Egg 2"],"campfire_rested":0,"item_purchase_floors":[11,29,29,29],"current_hp_per_floor":[54,52,52,52,52,52,39,39,39,39,39,39,39,39,39,28,75,75,68,54,54,54,54,54,36,36,36,36,36,28,27,27,18,80,80,80,76,76,73,73,73,73],"gold":298,"neow_bonus":"TRANSFORM_TWO_CARDS","is_daily":false,"chose_seed":false,"campfire_upgraded":6,"win_rate":0.0,"timestamp":1608037725,"path_taken":["M","M","?","M","M","R","E","$","T","R","?","E","?","M","R","BOSS","M","M","?","?","?","E","R","E","T","R","E","$","?","?","R","BOSS","M","?","M","M","M","E","R"],"items_purchased_type":["Relic","Relic","Card","Relic"],"build_version":"2020-12-13","purchased_purges":0,"victory":false,"max_hp_per_floor":[75,75,75,75,75,75,75,75,75,75,75,75,75,75,75,75,75,75,75,80,80,80,80,80,80,80,80,80,80,80,80,80,80,80,80,80,80,80,80,80,80,80],"card_choices":[{"not_picked":["Force Field","Rebound","Steam"],"picked":"SKIP","floor":1.0},{"not_picked":["Gash","White Noise"],"picked":"Turbo","floor":2.0},{"not_picked":["Compile Driver","Redo"],"picked":"Hello World","floor":4.0},{"not_picked":["Gash","Sweeping Beam","Turbo"],"picked":"SKIP","floor":5.0},{"not_picked":["Thunder Strike","Beam Cell","Steam"],"picked":"SKIP","floor":7.0},{"not_picked":["Cold Snap","Redo"],"picked":"Reboot","floor":12.0},{"not_picked":["Stack","Conserve Battery"],"picked":"Coolheaded","floor":13.0},{"not_picked":["Cold Snap","Go for the Eyes"],"picked":"Hologram","floor":14.0},{"not_picked":["Buffer","Multi-Cast"],"picked":"Seek","floor":16.0},{"not_picked":["Hologram","Undo"],"picked":"Skim","floor":18.0},{"not_picked":["Turbo","All For One"],"picked":"Compile Driver+1","floor":19.0},{"not_picked":["Static Discharge+1","Coolheaded"],"picked":"Skim","floor":23.0},{"not_picked":["Doom and Gloom+1","Rebound","Force Field+1"],"picked":"SKIP","floor":25.0},{"not_picked":["Auto Shields+1","Leap+1","Aggregate+1","Streamline"],"picked":"SKIP","floor":28.0},{"not_picked":["Auto Shields+1","Leap+1","Streamline"],"picked":"Aggregate+1","floor":28.0},{"not_picked":["Barrage","Leap+1","Stack+1","Darkness+1"],"picked":"SKIP","floor":31.0},{"not_picked":["Buffer+1","Creative AI+1","Amplify+1"],"picked":"Echo Form+1","floor":33.0},{"not_picked":["Fusion+1","Force Field+1","Redo+1","Genetic Algorithm+1"],"picked":"SKIP","floor":35.0},{"not_picked":["Reprogram+1","Static Discharge+1","Chill+1","Stack+1"],"picked":"SKIP","floor":37.0},{"not_picked":["Force Field+1","Reinforced Body+1","Aggregate+1"],"picked":"Gash+1","floor":38.0},{"not_picked":["Leap+1","Redo+1","Tempest+1"],"picked":"White Noise+1","floor":39.0},{"not_picked":["Steam+1","Chaos+1","Conserve Battery+1"],"picked":"Reboot+1","floor":40}],"player_experience":2104029,"relics_obtained":[{"floor":9.0,"key":"Kunai"},{"floor":12.0,"key":"Gremlin Horn"},{"floor":13.0,"key":"Odd Mushroom"},{"floor":23.0,"key":"Lantern"},{"floor":25.0,"key":"Toxic Egg 2"},{"floor":26.0,"key":"Question Card"},{"floor":28.0,"key":"StoneCalendar"},{"floor":40,"key":"Incense Burner"}],"event_choices":[{"damage_healed":0.0,"max_hp_gain":0.0,"max_hp_loss":0.0,"gold_gain":0.0,"event_name":"Upgrade Shrine","player_choice":"Upgraded","floor":3.0,"gold_loss":0.0,"damage_taken":0.0,"cards_upgraded":["Sunder"]},{"damage_healed":0.0,"max_hp_gain":0.0,"max_hp_loss":0.0,"gold_gain":0.0,"event_name":"Mushrooms","player_choice":"Fought Mushrooms","floor":13.0,"gold_loss":0.0,"damage_taken":0.0},{"damage_healed":0.0,"max_hp_gain":5.0,"max_hp_loss":0.0,"gold_gain":0.0,"event_name":"Forgotten Altar","player_choice":"Shed Blood","floor":20.0,"gold_loss":0.0,"damage_taken":19.0},{"damage_healed":0.0,"max_hp_gain":0.0,"max_hp_loss":0.0,"gold_gain":0.0,"event_name":"The Mausoleum","player_choice":"Ignored","floor":21.0,"gold_loss":0.0,"damage_taken":0.0},{"damage_healed":0.0,"max_hp_gain":0.0,"max_hp_loss":0.0,"gold_gain":0.0,"event_name":"Vampires","player_choice":"Ignored","floor":22.0,"gold_loss":0.0,"damage_taken":0.0},{"damage_healed":0.0,"max_hp_gain":0.0,"max_hp_loss":0.0,"gold_gain":75.0,"event_name":"FaceTrader","player_choice":"Touch","floor":30.0,"gold_loss":0.0,"damage_taken":8.0},{"damage_healed":0.0,"max_hp_gain":0.0,"max_hp_loss":0.0,"gold_gain":0.0,"event_name":"Tomb of Lord Red Mask","player_choice":"Ignored","floor":36.0,"gold_loss":0.0,"damage_taken":0.0}],"is_beta":false,"boss_relics":[{"not_picked":["Fusion Hammer","Velvet Choker"],"picked":"Sozu"},{"not_picked":["SacredBark","Busted Crown"],"picked":"Empty Cage"}],"items_purged_floors":[],"is_endless":false,"potions_floor_spawned":[1,7,12,13,18,19,37,39],"ascension_level":1}}