{"host":"dvpvhz1t6etneyb3","time":1608000097,"event":{"mods":["AchievementEnabler","BaseMod","Colored Map","Highlight Path","Minty Spire (QoL Compilation)","Permanent Neow","Quick Restart"],"gold_per_floor":[10,23,35,52,72,98,98,128,128,138,157,157,177,206,206,284,284,300,300,300,349,349,349,384,384,410,424,424,436,463,35,35,106,106,121,138,149,162,162,193,193,226,252,252,29,58,74,74,74,74,74,74],"floor_reached":51,"playtime":2640,"items_purged":["Zap"],"score":1594,"play_id":"0a62ad76-a1fb-4f3e-84c8-280dee7e7785","local_time":"20201214214137","is_ascension_mode":true,"campfire_choices":[{"floor":7.0,"key":"REST"},{"data":"Defragment","floor":12.0,"key":"SMITH"},{"data":"Loop","floor":15.0,"key":"SMITH"},{"data":"Electrodynamics","floor":23.0,"key":"SMITH"},{"data":"Capacitor","floor":25.0,"key":"SMITH"},{"floor":28.0,"key":"REST"},{"data":"Rainbow","floor":32.0,"key":"SMITH"},{"floor":41.0,"key":"REST"},{"floor":44.0,"key":"REST"},{"floor":49.0,"key":"REST"}],"circlet_count":0,"master_deck":["AscendersBane","Strike_B+1","Strike_B+1","Strike_B+1","Defend_B+1","Defend_B+1","Defend_B+1","Dualcast","Defragment+1","FTL+1","Cold Snap+1","Compile Driver","Core Surge","Rainbow+1","Loop+1","Undo","Hologram","Electrodynamics+1","Ball Lightning","RitualDagger","Capacitor+1","Fusion+1","Genetic Algorithm","Amplify","Biased Cognition","Coolheaded","Double Energy+1","Chaos+1"],"relics":["Cracked Core","Regal Pillow","Oddly Smooth Stone","Whetstone","Potion Belt","Philosopher\u0027s Stone","PreservedInsect","StrikeDummy","Akabeko","Torii","Bottled Lightning","Busted Crown","Symbiotic Virus","Dream Catcher","Nunchaku","HandDrill","Pantograph"],"acts_visited":["Exordium","TheCity","TheBeyond"],"potions_floor_usage":[51,51],"damage_taken":[{"damage":1.0,"enemies":"Cultist","floor":1.0,"turns":3.0},{"damage":5.0,"enemies":"Small Slimes","floor":2.0,"turns":4.0},{"damage":9.0,"enemies":"Jaw Worm","floor":3.0,"turns":3.0},{"damage":0.0,"enemies":"Large Slime","floor":4.0,"turns":6.0},{"damage":8.0,"enemies":"Red Slaver","floor":5.0,"turns":3.0},{"damage":16.0,"enemies":"Lagavulin","floor":6.0,"turns":7.0},{"damage":4.0,"enemies":"Gremlin Nob","floor":8.0,"turns":3.0},{"damage":6.0,"enemies":"3 Louse","floor":10.0,"turns":2.0},{"damage":0.0,"enemies":"2 Fungi Beasts","floor":11.0,"turns":3.0},{"damage":12.0,"enemies":"Exordium Wildlife","floor":13.0,"turns":4.0},{"damage":12.0,"enemies":"3 Sentries","floor":14.0,"turns":8.0},{"damage":2.0,"enemies":"The Guardian","floor":16.0,"turns":10.0},{"damage":0.0,"enemies":"Chosen","floor":18.0,"turns":3.0},{"damage":14.0,"enemies":"Book of Stabbing","floor":24.0,"turns":4.0},{"damage":14.0,"enemies":"Spheric Guardian","floor":27.0,"turns":4.0},{"damage":1.0,"enemies":"Snecko","floor":29.0,"turns":4.0},{"damage":12.0,"enemies":"Gremlin Leader","floor":30.0,"turns":4.0},{"damage":1.0,"enemies":"Automaton","floor":33.0,"turns":6.0},{"damage":7.0,"enemies":"3 Darklings","floor":35.0,"turns":4.0},{"damage":8.0,"enemies":"3 Shapes","floor":36.0,"turns":5.0},{"damage":22.0,"enemies":"Maw","floor":37.0,"turns":7.0},{"damage":8.0,"enemies":"3 Darklings","floor":38.0,"turns":2.0},{"damage":7.0,"enemies":"Giant Head","floor":40.0,"turns":6.0},{"damage":45.0,"enemies":"Nemesis","floor":42.0,"turns":7.0},{"damage":0.0,"enemies":"Reptomancer","floor":46.0,"turns":5.0},{"damage":11.0,"enemies":"Writhing Mass","floor":47.0,"turns":4.0},{"damage":20,"enemies":"Donu and Deca","floor":50,"turns":6},{"damage":71,"enemies":"Awakened One","floor":51,"turns":12}],"seed_played":"2248525352716443482","potions_obtained":[{"floor":1.0,"key":"LiquidBronze"},{"floor":2.0,"key":"SkillPotion"},{"floor":6.0,"key":"DuplicationPotion"},{"floor":8.0,"key":"DuplicationPotion"},{"floor":14.0,"key":"LiquidMemories"},{"floor":16.0,"key":"Block Potion"},{"floor":27.0,"key":"FearPotion"},{"floor":29.0,"key":"PowerPotion"},{"floor":30.0,"key":"LiquidMemories"},{"floor":35.0,"key":"Strength Potion"},{"floor":42.0,"key":"Block Potion"},{"floor":46.0,"key":"SkillPotion"}],"is_trial":false,"path_per_floor":["M","M","M","M","M","E","R","E","T","M","M","R","M","E","R","B",null,"M","?","?","T","?","R","E","R","T","M","R","M","E","$","R","B",null,"M","M","M","M","?","E","R","E","T","R","$","E","M","?","R","B","B"],"character_chosen":"DEFECT","items_purchased":["Amplify","Bottled Lightning","HandDrill","Weak Potion"],"campfire_rested":5,"item_purchase_floors":[31,31,45,45],"current_hp_per_floor":[63,58,49,49,41,25,61,57,57,51,51,51,39,27,27,25,60,60,60,54,54,54,54,40,40,40,26,62,61,49,49,49,48,65,58,50,28,20,20,13,49,4,4,40,40,40,29,29,65,51,0,0],"gold":74,"neow_bonus":"REMOVE_TWO","is_daily":false,"chose_seed":false,"campfire_upgraded":5,"win_rate":0.0,"timestamp":1608000097,"path_taken":["M","M","M","M","M","E","R","E","T","M","M","R","M","E","R","BOSS","M","?","?","?","?","R","E","R","T","?","R","M","E","$","R","BOSS","M","M","M","M","?","E","R","E","T","R","$","E","M","?","R","BOSS","BOSS"],"items_purchased_type":["Card","Relic","Relic","Potion"],"build_version":"2020-12-13","purchased_purges":1,"victory":false,"max_hp_per_floor":[71,71,71,71,71,71,71,71,71,71,71,71,71,71,71,71,71,71,71,71,71,71,71,71,71,71,71,71,71,71,71,71,71,71,71,71,71,71,71,71,71,71,71,71,71,71,71,71,71,71,71,71],"card_choices":[{"not_picked":["Undo","Reprogram"],"picked":"Defragment","floor":1.0},{"not_picked":["Turbo","Steam","Double Energy"],"picked":"SKIP","floor":2.0},{"not_picked":["Chaos","Redo"],"picked":"FTL","floor":3.0},{"not_picked":["Beam Cell","Auto Shields"],"picked":"Cold Snap","floor":4.0},{"not_picked":["Conserve Battery","Rebound"],"picked":"Compile Driver","floor":5.0},{"not_picked":["Heatsinks","Skim"],"picked":"Core Surge","floor":6.0},{"not_picked":["All For One","Turbo"],"picked":"Rainbow","floor":8.0},{"not_picked":["Turbo","Barrage","Coolheaded"],"picked":"SKIP","floor":10.0},{"not_picked":["Beam Cell","Rebound"],"picked":"Loop","floor":11.0},{"not_picked":["Beam Cell","Barrage"],"picked":"Undo","floor":13.0},{"not_picked":["Gash","Fusion"],"picked":"Hologram","floor":14.0},{"not_picked":["Rainbow","Amplify"],"picked":"Electrodynamics","floor":16.0},{"not_picked":["Barrage","White Noise"],"picked":"Ball Lightning","floor":18.0},{"not_picked":["Loop","Barrage"],"picked":"Capacitor","floor":24.0},{"not_picked":["Lockon","Beam Cell","Streamline"],"picked":"SKIP","floor":27.0},{"not_picked":["Recycle","Turbo"],"picked":"Fusion+1","floor":29.0},{"not_picked":["Ball Lightning","Core Surge"],"picked":"Genetic Algorithm","floor":30.0},{"not_picked":["All For One","Core Surge"],"picked":"Biased Cognition","floor":33.0},{"not_picked":["Stack"],"picked":"SKIP","floor":35.0},{"not_picked":["Go for the Eyes+1"],"picked":"SKIP","floor":36.0},{"not_picked":[],"picked":"Coolheaded","floor":37.0},{"not_picked":["Steam"],"picked":"SKIP","floor":38.0},{"not_picked":["Sunder"],"picked":"SKIP","floor":40.0},{"not_picked":[],"picked":"Double Energy+1","floor":42.0},{"not_picked":[],"picked":"Chaos+1","floor":46.0},{"not_picked":["Streamline+1"],"picked":"SKIP","floor":47.0}],"player_experience":1847564,"relics_obtained":[{"floor":6.0,"key":"Regal Pillow"},{"floor":8.0,"key":"Oddly Smooth Stone"},{"floor":9.0,"key":"Whetstone"},{"floor":14.0,"key":"Potion Belt"},{"floor":21.0,"key":"PreservedInsect"},{"floor":24.0,"key":"StrikeDummy"},{"floor":26.0,"key":"Akabeko"},{"floor":30.0,"key":"Torii"},{"floor":40.0,"key":"Symbiotic Virus"},{"floor":42.0,"key":"Dream Catcher"},{"floor":43.0,"key":"Nunchaku"},{"floor":46.0,"key":"Pantograph"}],"event_choices":[{"damage_healed":0.0,"max_hp_gain":0.0,"max_hp_loss":0.0,"gold_gain":0.0,"event_name":"Back to Basics","player_choice":"Simplicity","floor":19.0,"gold_loss":0.0,"damage_taken":0.0,"cards_upgraded":["Strike_B","Strike_B","Strike_B","Defend_B","Defend_B","Defend_B"]},{"damage_healed":0.0,"max_hp_gain":0.0,"max_hp_loss":0.0,"gold_gain":0.0,"event_name":"Nest","player_choice":"Joined the Cult","floor":20.0,"gold_loss":0.0,"damage_taken":6.0,"cards_obtained":["RitualDagger"]},{"damage_healed":0.0,"max_hp_gain":0.0,"max_hp_loss":0.0,"gold_gain":0.0,"event_name":"N\u0027loth","player_choice":"Ignored","floor":22.0,"gold_loss":0.0,"damage_taken":0.0},{"damage_healed":0.0,"max_hp_gain":0.0,"max_hp_loss":0.0,"gold_gain":0.0,"event_name":"SensoryStone","player_choice":"Memory 1","floor":39.0,"gold_loss":0.0,"damage_taken":0.0},{"damage_healed":0.0,"max_hp_gain":0.0,"max_hp_loss":0.0,"gold_gain":0.0,"event_name":"The Moai Head","player_choice":"Ignored","floor":48.0,"gold_loss":0.0,"damage_taken":0.0}],"is_beta":false,"boss_relics":[{"not_picked":["SlaversCollar","Inserter"],"picked":"Philosopher\u0027s Stone"},{"not_picked":["Black Star","Fusion Hammer"],"picked":"Busted Crown"}],"items_purged_floors":[31],"is_endless":false,"potions_floor_spawned":[1,2,6,8,14,16,27,29,30,35,42,46],"killed_by":"Awakened One","ascension_level":20}}