{"host":"1tl36azeqm6yhdgj","time":1608062115,"event":{"mods":["AchievementEnabler","BaseMod","Minty Spire (QoL Compilation)","StSLib","The IronCluck","everything is the same but u backflip on backflip"],"gold_per_floor":[117,117,128,142,158,158,158,158,238,248,263,298,317,492,492,596,596,614,614,614,614,10,10,10,10,35,35,46,88,110,10,10,10,10],"floor_reached":33,"playtime":822,"items_purged":["Strike_R","Shame"],"score":411,"play_id":"92ef3f24-5c8a-4ef3-a81a-4291e07ae3cc","local_time":"20201215145515","is_ascension_mode":true,"campfire_choices":[{"data":"Inflame","floor":6.0,"key":"SMITH"},{"floor":8.0,"key":"RECALL"},{"floor":15.0,"key":"REST"},{"floor":23.0,"key":"REST"},{"data":"Uppercut","floor":27.0,"key":"SMITH"},{"floor":32.0,"key":"REST"}],"circlet_count":0,"master_deck":["AscendersBane","Strike_R","Strike_R","Strike_R","Defend_R","Defend_R","Defend_R","Defend_R","Bash","Inflame+1","Clothesline","Thunderclap","Disarm","Shockwave","Infernal Blade","Exhume","Uppercut+1","Feed","Cleave","Dropkick","The Bomb","Exhume","Infernal Blade+1"],"relics":["Burning Blood","NeowsBlessing","Eternal Feather","Potion Belt","Busted Crown","Calipers","Self Forming Clay","CeramicFish","Turnip"],"acts_visited":["Exordium","TheCity"],"potions_floor_usage":[33],"damage_taken":[{"damage":0.0,"enemies":"Cultist","floor":1.0,"turns":1.0},{"damage":0.0,"enemies":"Small Slimes","floor":3.0,"turns":1.0},{"damage":0.0,"enemies":"2 Louse","floor":4.0,"turns":1.0},{"damage":8.0,"enemies":"2 Fungi Beasts","floor":5.0,"turns":4.0},{"damage":6.0,"enemies":"Exordium Wildlife","floor":10.0,"turns":3.0},{"damage":16.0,"enemies":"Red Slaver","floor":11.0,"turns":5.0},{"damage":51.0,"enemies":"Gremlin Nob","floor":12.0,"turns":6.0},{"damage":18.0,"enemies":"Looter","floor":13.0,"turns":5.0},{"damage":48.0,"enemies":"Hexaghost","floor":16.0,"turns":13.0},{"damage":27.0,"enemies":"3 Byrds","floor":18.0,"turns":7.0},{"damage":27.0,"enemies":"2 Thieves","floor":28.0,"turns":4.0},{"damage":35.0,"enemies":"Slavers","floor":29.0,"turns":4.0},{"damage":16.0,"enemies":"Snake Plant","floor":30.0,"turns":6.0},{"damage":69,"enemies":"Collector","floor":33,"turns":6}],"seed_played":"834355885391897251","potions_obtained":[{"floor":1.0,"key":"Explosive Potion"},{"floor":4.0,"key":"Regen Potion"},{"floor":28.0,"key":"LiquidBronze"},{"floor":30.0,"key":"Dexterity Potion"}],"is_trial":false,"path_per_floor":["M","?","M","M","M","R","?","R","T","M","M","E","M","?","R","B",null,"M","?","?","?","$","R","$","?","T","R","M","E","M","$","R","B"],"character_chosen":"IRONCLAD","items_purchased":["Calipers","Dropkick","The Bomb"],"campfire_rested":3,"item_purchase_floors":[22,22,22],"current_hp_per_floor":[78,78,80,80,78,78,78,78,78,78,68,23,25,25,58,16,64,46,46,30,30,30,68,68,68,68,80,62,33,26,26,66,0,0],"gold":10,"neow_bonus":"THREE_ENEMY_KILL","is_daily":false,"chose_seed":false,"campfire_upgraded":2,"win_rate":0.0,"timestamp":1608062115,"path_taken":["M","?","M","?","M","R","?","R","T","?","M","E","M","?","R","BOSS","M","?","?","?","$","R","$","?","T","R","?","E","M","?","R","BOSS"],"items_purchased_type":["Relic","Card","Card"],"build_version":"2020-12-13","purchased_purges":2,"victory":false,"max_hp_per_floor":[80,80,80,80,80,80,80,80,80,80,80,80,80,80,80,80,80,83,83,88,88,88,88,88,88,88,88,91,91,94,94,94,94,94],"card_choices":[{"not_picked":["Heavy Blade","Twin Strike"],"picked":"Inflame","floor":1.0},{"not_picked":["Infernal Blade","Armaments"],"picked":"Thunderclap","floor":3.0},{"not_picked":["Warcry","Flex"],"picked":"Disarm","floor":4.0},{"not_picked":["Havoc","Entrench","Sword Boomerang"],"picked":"SKIP","floor":5.0},{"not_picked":["Shrug It Off","Havoc"],"picked":"Shockwave","floor":10.0},{"not_picked":["Shrug It Off","Heavy Blade"],"picked":"Infernal Blade","floor":11.0},{"not_picked":["Sentinel","Evolve"],"picked":"Exhume","floor":12.0},{"not_picked":["Headbutt","Metallicize"],"picked":"Uppercut","floor":13.0},{"not_picked":["Fiend Fire","Demon Form"],"picked":"Feed","floor":16.0},{"not_picked":[],"picked":"Cleave","floor":18.0},{"not_picked":["Thunderclap"],"picked":"SKIP","floor":28.0},{"not_picked":[],"picked":"Exhume","floor":29.0},{"not_picked":[],"picked":"Infernal Blade+1","floor":30.0}],"player_experience":1943213,"relics_obtained":[{"floor":9.0,"key":"Eternal Feather"},{"floor":12.0,"key":"Potion Belt"},{"floor":26.0,"key":"CeramicFish"},{"floor":29.0,"key":"Turnip"}],"event_choices":[{"damage_healed":0.0,"max_hp_gain":0.0,"max_hp_loss":0.0,"gold_gain":0.0,"cards_transformed":["Strike_R"],"event_name":"Transmorgrifier","player_choice":"Transformed","floor":2.0,"gold_loss":0.0,"damage_taken":0.0,"cards_obtained":["Clothesline"]},{"damage_healed":0.0,"max_hp_gain":0.0,"max_hp_loss":0.0,"gold_gain":0.0,"event_name":"The Woman in Blue","player_choice":"Bought 0 Potions","floor":7.0,"gold_loss":0.0,"damage_taken":0.0},{"damage_healed":0.0,"max_hp_gain":0.0,"max_hp_loss":0.0,"gold_gain":175.0,"event_name":"Liars Game","player_choice":"AGREE","floor":14.0,"gold_loss":0.0,"damage_taken":0.0,"cards_obtained":["Doubt"]},{"damage_healed":0.0,"max_hp_gain":0.0,"max_hp_loss":0.0,"gold_gain":0.0,"event_name":"Ghosts","player_choice":"Ignored","floor":19.0,"gold_loss":0.0,"damage_taken":0.0},{"damage_healed":0.0,"max_hp_gain":5.0,"max_hp_loss":0.0,"gold_gain":0.0,"event_name":"Forgotten Altar","player_choice":"Shed Blood","floor":20.0,"gold_loss":0.0,"damage_taken":21.0},{"cards_removed":["Doubt"],"damage_healed":0.0,"max_hp_gain":0.0,"max_hp_loss":0.0,"gold_gain":0.0,"event_name":"Back to Basics","player_choice":"Elegance","floor":21.0,"gold_loss":0.0,"damage_taken":0.0},{"damage_healed":0.0,"max_hp_gain":0.0,"max_hp_loss":0.0,"gold_gain":0.0,"event_name":"Addict","player_choice":"Stole Relic","floor":25.0,"gold_loss":0.0,"damage_taken":0.0,"relics_obtained":["Self Forming Clay"],"cards_obtained":["Shame"]}],"is_beta":false,"boss_relics":[{"not_picked":["Runic Cube","Velvet Choker"],"picked":"Busted Crown"}],"items_purged_floors":[22,31],"is_endless":false,"potions_floor_spawned":[1,4,5,28,30],"killed_by":"Collector","ascension_level":11}}