{"host":"un97lkyah1pp4w16","time":1608050553,"event":{"mods":["BaseMod","Colored Map","Colored Powertips","Minty Spire (QoL Compilation)","StSLib","SuperFastMode"],"gold_per_floor":[112,287,287,307,385,385,409,409,409,419,369,386,24,43,43,142,142,155,155,171,191,209,209,209,209,262,278,289,21,21,38,38,142,142,156,3,23,23,23,23],"floor_reached":39,"playtime":1297,"items_purged":["Hyperbeam"],"score":398,"play_id":"38d3ee38-be55-4683-a8f8-52ac7b8bbd04","local_time":"20201216004233","is_ascension_mode":false,"campfire_choices":[{"data":"Redo","floor":6,"key":"SMITH"},{"data":"Dualcast","floor":8,"key":"SMITH"},{"data":"Apotheosis","floor":15,"key":"SMITH"},{"floor":23,"key":"REST"},{"floor":32,"key":"REST"}],"circlet_count":0,"master_deck":["Zap","Dualcast+1","Doom and Gloom","Redo+1","Loop","Rip and Tear","Apotheosis+1","Go for the Eyes","Chill","Rainbow","FTL","Consume","Aggregate","Loop","Aggregate","Creative AI","Go for the Eyes","Magnetism","Hologram+1","Genetic Algorithm","Anger+1","PiercingWail+1","Loop","MasterReality","Burst","Anger","Dodge and Roll+1"],"relics":["Sozu","Orichalcum","Happy Flower","PrismaticShard","Pandora\u0027s Box","MutagenicStrength","Nunchaku","Cauldron","SlaversCollar","TheAbacus"],"acts_visited":["Exordium","TheCity","TheBeyond"],"potions_floor_usage":[],"damage_taken":[{"damage":2,"enemies":"Jaw Worm","floor":1,"turns":5},{"damage":0,"enemies":"Cultist","floor":4,"turns":3},{"damage":2,"enemies":"Small Slimes","floor":10,"turns":2},{"damage":0,"enemies":"Blue Slaver","floor":12,"turns":2},{"damage":0,"enemies":"Large Slime","floor":14,"turns":3},{"damage":26,"enemies":"Hexaghost","floor":16,"turns":8},{"damage":25,"enemies":"2 Thieves","floor":18,"turns":4},{"damage":2,"enemies":"Spheric Guardian","floor":20,"turns":3},{"damage":3,"enemies":"Snecko","floor":21,"turns":4},{"damage":10,"enemies":"Chosen and Byrds","floor":22,"turns":6},{"damage":12,"enemies":"Snake Plant","floor":27,"turns":4},{"damage":23,"enemies":"Sentry and Sphere","floor":28,"turns":4},{"damage":3,"enemies":"Centurion and Healer","floor":31,"turns":6},{"damage":5,"enemies":"Automaton","floor":33,"turns":7},{"damage":25,"enemies":"Orb Walker","floor":35,"turns":4},{"damage":6,"enemies":"3 Shapes","floor":37,"turns":6},{"damage":76,"enemies":"Transient","floor":39,"turns":4}],"seed_played":"-2842051509172107924","potions_obtained":[],"is_trial":false,"path_per_floor":["M","?","?","M","?","R","T","R","T","M","?","M","$","M","R","B",null,"M","?","M","M","M","R","?","?","T","M","M","$","?","M","R","B",null,"M","$","M","$","M"],"character_chosen":"DEFECT","items_purchased":["Apotheosis","PrismaticShard","Go for the Eyes","Cauldron","Loop","TheAbacus"],"campfire_rested":2,"item_purchase_floors":[13,13,13,29,29,36],"current_hp_per_floor":[73,73,73,73,73,73,73,73,73,71,71,71,71,71,71,45,75,50,50,48,45,35,57,57,57,57,45,22,22,47,44,66,61,75,50,50,44,44,0,0],"gold":23,"neow_bonus":"BOSS_RELIC","is_daily":false,"chose_seed":false,"campfire_upgraded":3,"win_rate":0.0,"timestamp":1608050553,"path_taken":["M","?","?","?","?","R","?","R","T","M","?","M","$","M","R","BOSS","M","?","?","M","M","R","?","?","T","?","M","$","?","M","R","BOSS","M","$","M","$","M"],"items_purchased_type":["Card","Relic","Card","Relic","Card","Relic"],"build_version":"2020-12-13","purchased_purges":1,"victory":false,"max_hp_per_floor":[75,75,75,75,75,75,75,75,75,75,75,75,75,75,75,75,75,75,75,75,75,75,75,75,75,75,75,75,75,75,75,75,75,75,75,75,75,75,75,75],"card_choices":[{"not_picked":["Steam","Leap"],"picked":"Doom and Gloom","floor":1},{"not_picked":["Cold Snap","Compile Driver"],"picked":"Redo","floor":4},{"not_picked":["Sweeping Beam","Hologram"],"picked":"Loop","floor":10},{"not_picked":["Cold Snap","Heatsinks"],"picked":"Rip and Tear","floor":12},{"not_picked":["FearNoEvil","Riddle With Holes"],"picked":"Chill","floor":14},{"not_picked":["Thunder Strike","Vault"],"picked":"Rainbow","floor":16},{"not_picked":["Sword Boomerang","Body Slam"],"picked":"Go for the Eyes","floor":18},{"not_picked":["SashWhip","EmptyFist"],"picked":"Magnetism","floor":20},{"not_picked":["Carnage","Armaments"],"picked":"Hologram+1","floor":21},{"not_picked":["Hello World","Slice+1"],"picked":"Genetic Algorithm","floor":22},{"not_picked":["Headbutt","Beam Cell"],"picked":"Anger+1","floor":27},{"not_picked":["Deflect","Acrobatics"],"picked":"PiercingWail+1","floor":28},{"not_picked":["Barrage","Hologram+1"],"picked":"MasterReality","floor":31},{"not_picked":["Wraith Form v2","Biased Cognition"],"picked":"Burst","floor":33},{"not_picked":["Go for the Eyes","Hologram+1"],"picked":"Anger","floor":35},{"not_picked":["Accuracy","Nirvana"],"picked":"Dodge and Roll+1","floor":37}],"player_experience":85126,"relics_obtained":[{"floor":7,"key":"Orichalcum"},{"floor":9,"key":"Happy Flower"},{"floor":26,"key":"Nunchaku"}],"event_choices":[{"damage_healed":0,"gold_gain":175,"player_choice":"AGREE","damage_taken":0,"max_hp_gain":0,"max_hp_loss":0,"event_name":"Liars Game","floor":2,"gold_loss":0,"cards_obtained":["Doubt"]},{"cards_removed":["Doubt"],"damage_healed":0,"gold_gain":0,"player_choice":"Removed Curses","damage_taken":0,"max_hp_gain":0,"max_hp_loss":0,"event_name":"Fountain of Cleansing","floor":3,"gold_loss":0},{"damage_healed":0,"gold_gain":78,"player_choice":"Gained Gold","damage_taken":0,"max_hp_gain":0,"max_hp_loss":0,"event_name":"Golden Wing","floor":5,"gold_loss":0},{"cards_removed":["Strike_B"],"damage_healed":0,"gold_gain":0,"player_choice":"Card Removal","damage_taken":0,"max_hp_gain":0,"max_hp_loss":0,"event_name":"The Cleric","floor":11,"gold_loss":50},{"cards_removed":["Injury"],"damage_healed":0,"gold_gain":0,"player_choice":"Took Card","damage_taken":0,"max_hp_gain":0,"max_hp_loss":0,"event_name":"NoteForYourself","floor":19,"gold_loss":0,"cards_obtained":["Injury"]},{"damage_healed":0,"gold_gain":0,"player_choice":"Inject Mutagens","damage_taken":0,"relics_obtained":["MutagenicStrength"],"max_hp_gain":0,"max_hp_loss":0,"event_name":"Drug Dealer","floor":24,"gold_loss":0},{"damage_healed":0,"gold_gain":0,"cards_transformed":["Steam Power"],"player_choice":"Transformed","damage_taken":0,"max_hp_gain":0,"max_hp_loss":0,"event_name":"Transmorgrifier","floor":25,"gold_loss":0,"cards_obtained":["Hyperbeam"]},{"damage_healed":25,"gold_gain":0,"player_choice":"Heal","damage_taken":0,"max_hp_gain":0,"max_hp_loss":0,"event_name":"The Library","floor":30,"gold_loss":0}],"is_beta":false,"boss_relics":[{"not_picked":["Philosopher\u0027s Stone","Black Star"],"picked":"Pandora\u0027s Box"},{"not_picked":["Empty Cage","SacredBark"],"picked":"SlaversCollar"}],"items_purged_floors":[29],"is_endless":false,"potions_floor_spawned":[4,10,12,14,18,21,28,33,35,37],"killed_by":"Transient","ascension_level":0}}