{"host":"951sez6ulsv0fw1i","time":1608062162,"event":{"mods":["2.2 Compatiblity","Aspiration","BaseMod","Better Third Choice","BetterRewards","CCEM","CapriCore","Conspire","Downfall","Googly Eyes","Hermit","Infinite Spire","JesterMod","Luminous","Mari Mod (Legacy)","Mari\u0027s V1 Patch","Marisa????????","Minty Spire (QoL Compilation)","Potionbrewer","Reimu??????","Shade Mod","StSLib","The Bug Knight","The Cursed","The Forsaken","The Immortal","The Mystic","The Poker Player","The Runesmith","The Servant 0.9.4","TheBandit","TheSwordswoman"],"gold_per_floor":[363,383,383,403,378,404,13,45,69,85,112,130,165,184,184,285,285,305,205,222,233,18,18,43,63,63,63,90,130,156,166,166,270,270,289,301,301,316,333,333,364,376,376,403,403,423,423,451,451,451,451,451,21,54,54],"floor_reached":56,"playtime":4330,"items_purged":["HollowMod:NailStrikeStart"],"score":1401,"play_id":"bf4f63ec-d8b0-4405-bfc0-ad4394ed5164","local_time":"20201215205602","is_ascension_mode":true,"campfire_choices":[{"data":"HollowMod:CycloneSlash","floor":15,"key":"SMITH"},{"floor":23,"key":"REST"},{"data":"HollowMod:ElderbugsWisdom","floor":23,"key":"SMITH"},{"floor":32,"key":"REST"},{"floor":32,"key":"RECALL"},{"floor":40,"key":"REST"},{"data":"HollowMod:ChannelNail","floor":40,"key":"SMITH"},{"data":"HollowMod:theNailsmith","floor":45,"key":"SMITH"},{"floor":47,"key":"REST"},{"data":"HollowMod:ChannelNail","floor":47,"key":"SMITH"},{"floor":49,"key":"REST"},{"data":"infinitespire:TheBestDefense","floor":49,"key":"SMITH"},{"data":"HollowMod:BaldurShell","floor":52,"key":"SMITH"}],"circlet_count":0,"master_deck":["HollowMod:NailStrikeStart","HollowMod:NailStrikeStart","HollowMod:NailStrikeStart","HollowMod:QuickDashStart","HollowMod:QuickDashStart","HollowMod:QuickDashStart","HollowMod:FocusHealStart","HollowMod:PogoStrike","HollowMod:CloakDash","HollowMod:CornifersMapStart","infinitespire:TheBestDefense+1","HollowMod:NewLittleFool","HollowMod:BaldurShell","HollowMod:DoubleDash","HollowMod:CloakDash","HollowMod:CycloneSlash+1","HollowMod:ElderbugsWisdom+1","HollowMod:SoulSplash","HollowMod:MidwifesHunger","HollowMod:InfectionAssault","HollowMod:InfectedAttack","HollowMod:TaintedHusks","HollowMod:VengefulSpirit+1","HollowMod:DesolateDive","HollowMod:MidwifesHunger","HollowMod:ChannelNail+1","HollowMod:InfectedAttack","HollowMod:BaldurShell+1","HollowMod:LifebloodCore","HollowMod:DreamGate+1","HollowMod:InfectedCysts+1","HollowMod:HuntersJournal","HollowMod:theNailsmith+1","HollowMod:ChannelNail+1","HollowMod:MantisMark","HollowMod:SoulSplash","HollowMod:DreamGate+1","HollowMod:CloakDash+1","HollowMod:LifebloodCocoon+1","HollowMod:MonarchWings","HollowMod:NewLittleFool+1","HollowMod:NewJinnsSoul+1","HollowMod:ChannelNail+1","Flash of Steel","HollowMod:TaintedHusks"],"relics":["HollowMod:VesselMask","betterThird:SlimedRelic","infinitespire:Magic Flask","Boot","Ornamental Fan","theForsaken:Lifeblossom","HollowMod:KingsBrand","Regal Pillow","Tiny Chest","Runic Dome","Mastiff:ReiMu","Dream Catcher","Darkstone Periapt","infinitespire:CursedDice","Oddly Smooth Stone","aspiration:PoetsPen_weak","Centennial Puzzle","Bottled Lightning","Akabeko","aspiration:VileToxins","Mummified Hand","conspire:Flyswatter"],"acts_visited":["Exordium","TheCity","TheBeyond","TheEnding"],"potions_floor_usage":[6,8,21,30,30,31,33,46,55],"damage_taken":[{"damage":1,"enemies":"2 Louse","floor":1,"turns":4},{"damage":0,"enemies":"Small Slimes","floor":2,"turns":3},{"damage":1,"enemies":"Jaw Worm","floor":4,"turns":3},{"damage":13,"enemies":"3 Sentries","floor":6,"turns":9},{"damage":22,"enemies":"Gremlin Nob","floor":8,"turns":4},{"damage":1,"enemies":"2 Fungi Beasts","floor":10,"turns":4},{"damage":6,"enemies":"3 Sentries","floor":11,"turns":9},{"damage":2,"enemies":"Exordium Wildlife","floor":12,"turns":3},{"damage":36,"enemies":"Gremlin Nob","floor":13,"turns":6},{"damage":2,"enemies":"Blue Slaver","floor":14,"turns":3},{"damage":9,"enemies":"Hexaghost","floor":16,"turns":10},{"damage":0,"enemies":"conspire:FuzzyDice","floor":18,"turns":7},{"damage":18,"enemies":"2 Thieves","floor":20,"turns":4},{"damage":0,"enemies":"3 Cultists","floor":21,"turns":4},{"damage":14,"enemies":"Book of Stabbing","floor":24,"turns":6},{"damage":14,"enemies":"Snecko","floor":25,"turns":5},{"damage":16,"enemies":"conspire:SneckoGhost","floor":28,"turns":5},{"damage":29,"enemies":"conspire:MimicChest","floor":29,"turns":8},{"damage":34,"enemies":"Slavers","floor":30,"turns":5},{"damage":10,"enemies":"Centurion and Healer","floor":31,"turns":5},{"damage":18,"enemies":"Automaton","floor":33,"turns":9},{"damage":16,"enemies":"3 Shapes","floor":35,"turns":3},{"damage":0,"enemies":"3 Darklings","floor":36,"turns":2},{"damage":0,"enemies":"3 Darklings","floor":37,"turns":2},{"damage":0,"enemies":"4 Shapes","floor":38,"turns":1},{"damage":2,"enemies":"Spire Growth","floor":39,"turns":4},{"damage":9,"enemies":"Giant Head","floor":41,"turns":6},{"damage":0,"enemies":"Transient","floor":42,"turns":5},{"damage":71,"enemies":"4 Shapes","floor":46,"turns":5},{"damage":0,"enemies":"Reptomancer","floor":48,"turns":7},{"damage":0,"enemies":"Awakened One","floor":50,"turns":8},{"damage":1,"enemies":"Shield and Spear","floor":54,"turns":4},{"damage":1,"enemies":"The Heart","floor":55,"turns":8}],"seed_played":"6821161400345516882","potions_obtained":[{"floor":2,"key":"PowerPotion"},{"floor":6,"key":"AttackPotion"},{"floor":14,"key":"potionbrewer:CleansingPotion"},{"floor":16,"key":"EssenceOfSteel"},{"floor":18,"key":"Block Potion"},{"floor":24,"key":"infinitespire:BlackPotion"},{"floor":28,"key":"Fire Potion"},{"floor":30,"key":"SkillPotion"},{"floor":31,"key":"Energy Potion"},{"floor":35,"key":"SpeedPotion"},{"floor":39,"key":"potionbrewer:AcidPotion"},{"floor":46,"key":"Energy Potion"},{"floor":54,"key":"Strength Potion"}],"is_trial":false,"path_per_floor":["M","M","?","M","?","E","$","E","T","M","E","M","E","M","R","B",null,"M","$","M","M","$","R","E","M","T","?","E","?","E","M","R","B",null,"M","M","?","M","M","R","E","M","T","T","R","M","R","E","R","B",null,"R","$","E","B",null],"character_chosen":"THE_BUGKNIGHT","items_purchased":["Boot","Ornamental Fan","HollowMod:InfectedAttack","HollowMod:TaintedHusks","Mastiff:ReiMu","HollowMod:DesolateDive","Mummified Hand","Flash of Steel"],"campfire_rested":5,"item_purchase_floors":[7,7,19,19,22,22,53,53],"current_hp_per_floor":[59,65,46,51,40,33,33,17,17,32,38,41,17,20,20,23,75,75,75,58,70,70,75,64,56,56,56,52,35,7,30,67,61,75,62,65,68,71,74,75,69,75,75,75,75,7,44,50,75,75,75,75,75,75,75],"gold":54,"neow_bonus":"TWO_FIFTY_GOLD","is_daily":false,"chose_seed":false,"campfire_upgraded":7,"win_rate":0.0,"timestamp":1608062162,"path_taken":["M","M","?","M","?","E","$","E","T","M","E","M","E","M","R","BOSS","M","$","M","M","$","R","E","M","T","?","E","?","E","M","R","BOSS","M","M","?","M","M","R","E","M","T","?","R","M","R","E","R","BOSS","R","$","E","BOSS"],"items_purchased_type":["Relic","Relic","Card","Card","Relic","Card","Relic","Card"],"build_version":"2020-12-13","purchased_purges":1,"victory":true,"max_hp_per_floor":[75,75,75,75,75,75,75,75,75,75,75,75,75,75,75,75,75,75,75,75,75,75,75,75,75,75,75,75,75,75,75,75,75,75,75,75,75,75,75,75,75,75,75,75,75,75,75,75,75,75,75,75,75,75,75],"card_choices":[{"not_picked":["HollowMod:GoodIntentions","HollowMod:InfectedCysts"],"picked":"HollowMod:CloakDash","floor":1},{"not_picked":["HollowMod:SoulStrike","HollowMod:MawleksShell"],"picked":"HollowMod:CornifersMapStart","floor":2},{"not_picked":["infinitespire:DeathsTouch","infinitespire:Fortify"],"picked":"infinitespire:TheBestDefense","floor":3},{"not_picked":["HollowMod:GoodIntentions","HollowMod:MawleksShell"],"picked":"HollowMod:NewLittleFool","floor":4},{"not_picked":["HollowMod:Grubsong","HollowMod:VengefulVoid"],"picked":"HollowMod:BaldurShell","floor":6},{"not_picked":["HollowMod:NewInfectedGuardian","HollowMod:MothsMistake"],"picked":"HollowMod:DoubleDash","floor":8},{"not_picked":["HollowMod:SoulSplash","HollowMod:SoulVessel"],"picked":"HollowMod:CloakDash","floor":10},{"not_picked":["HollowMod:SoulEater","HollowMod:HeavyBlow"],"picked":"HollowMod:CycloneSlash","floor":11},{"not_picked":["HollowMod:SharpenedNail","HollowMod:CycloneSlash","HollowMod:AbyssShriek"],"picked":"SKIP","floor":12},{"not_picked":["HollowMod:CycloneSlash","HollowMod:ShadowDash"],"picked":"HollowMod:ElderbugsWisdom","floor":13},{"not_picked":["HollowMod:RecoilStrike","HollowMod:NewJinnsSoul"],"picked":"HollowMod:SoulSplash","floor":14},{"not_picked":["HollowMod:HornetsHelp","HollowMod:ElderbugsWisdom"],"picked":"HollowMod:MidwifesHunger","floor":16},{"not_picked":["HollowMod:LifebloodCocoon","HollowMod:HeavyBlow"],"picked":"HollowMod:InfectionAssault","floor":18},{"not_picked":["HollowMod:CycloneSlash","HollowMod:TaintedHusks+1","HollowMod:WraithStrike"],"picked":"SKIP","floor":20},{"not_picked":["HollowMod:GreatSlash","HollowMod:DescendingDark"],"picked":"HollowMod:VengefulSpirit+1","floor":21},{"not_picked":["HollowMod:SharpenedNail+1","HollowMod:DescendingDark"],"picked":"HollowMod:MidwifesHunger","floor":24},{"not_picked":["HollowMod:DoubleDash","HollowMod:NewLittleFool+1"],"picked":"HollowMod:ChannelNail","floor":25},{"not_picked":["HollowMod:CycloneSlash","HollowMod:Grubsong"],"picked":"HollowMod:BaldurShell","floor":28},{"not_picked":["HollowMod:MonarchWings","HollowMod:SoulSplash"],"picked":"HollowMod:LifebloodCore","floor":29},{"not_picked":["HollowMod:NewGlowingWomb","HollowMod:CornifersMapStart"],"picked":"HollowMod:DreamGate+1","floor":30},{"not_picked":["HollowMod:WraithStrike","HollowMod:BaldurShell"],"picked":"HollowMod:InfectedCysts+1","floor":31},{"not_picked":["HollowMod:NewLittleFool","HollowMod:CycloneSlash"],"picked":"HollowMod:HuntersJournal","floor":32},{"not_picked":["HollowMod:AwokenDreamNail","HollowMod:HornetsHelp"],"picked":"HollowMod:theNailsmith","floor":33},{"not_picked":["HollowMod:CoiledNail+1","HollowMod:QuirrelsAssistance+1"],"picked":"HollowMod:ChannelNail","floor":35},{"not_picked":["HollowMod:HowlingWraiths","HollowMod:DoubleDash+1"],"picked":"HollowMod:MantisMark","floor":36},{"not_picked":["HollowMod:TaintedHusks+1","HollowMod:SiblingsSouls"],"picked":"HollowMod:SoulSplash","floor":38},{"not_picked":["HollowMod:GoodIntentions+1","HollowMod:HeavyBlow+1"],"picked":"HollowMod:DreamGate+1","floor":39},{"not_picked":["HollowMod:DesolateDive+1","HollowMod:PureNailStrike+1"],"picked":"HollowMod:CloakDash+1","floor":40},{"not_picked":["HollowMod:InfectionAssault+1","HollowMod:DoubleDash"],"picked":"HollowMod:LifebloodCocoon+1","floor":41},{"not_picked":["HollowMod:AbyssShriek","HollowMod:SoulSplash"],"picked":"HollowMod:MonarchWings","floor":42},{"not_picked":["HollowMod:SoulStrike","HollowMod:ChannelNail+1"],"picked":"HollowMod:NewLittleFool+1","floor":46},{"not_picked":["HollowMod:MothsMistake+1","HollowMod:GoodIntentions+1"],"picked":"HollowMod:NewJinnsSoul+1","floor":47},{"not_picked":["HollowMod:InfectedCysts","HollowMod:HowlingWraiths+1"],"picked":"HollowMod:ChannelNail+1","floor":48},{"not_picked":["HollowMod:InfectedCysts+1","HollowMod:NewLittleFool+1"],"picked":"HollowMod:TaintedHusks","floor":54}],"player_experience":507688,"relics_obtained":[{"floor":6,"key":"infinitespire:Magic Flask"},{"floor":8,"key":"theForsaken:Lifeblossom"},{"floor":9,"key":"HollowMod:KingsBrand"},{"floor":11,"key":"Regal Pillow"},{"floor":13,"key":"Tiny Chest"},{"floor":24,"key":"Dream Catcher"},{"floor":28,"key":"Darkstone Periapt"},{"floor":29,"key":"infinitespire:CursedDice"},{"floor":30,"key":"Oddly Smooth Stone"},{"floor":41,"key":"Centennial Puzzle"},{"floor":43,"key":"Bottled Lightning"},{"floor":44,"key":"Akabeko"},{"floor":48,"key":"aspiration:VileToxins"},{"floor":54,"key":"conspire:Flyswatter"}],"event_choices":[{"damage_healed":0,"gold_gain":0,"player_choice":"Slimed","damage_taken":11,"max_hp_gain":0,"max_hp_loss":0,"event_name":"betterThird:BetterGoop","floor":5,"gold_loss":25},{"damage_healed":0,"gold_gain":0,"player_choice":"Read","damage_taken":0,"max_hp_gain":0,"max_hp_loss":0,"event_name":"The Library","floor":27,"gold_loss":0,"cards_obtained":["HollowMod:InfectedAttack"]}],"is_beta":false,"boss_relics":[{"not_picked":["theForsaken:PaleLantern","Fusion Hammer"],"picked":"Runic Dome"},{"not_picked":["Astrolabe","CCEMRelics:GreenEgg"],"picked":"aspiration:PoetsPen_weak"}],"items_purged_floors":[53],"is_endless":false,"potions_floor_spawned":[2,6,14,16,18,24,28,29,30,31,35,39,42,46,54],"ascension_level":1}}