{"host":"3c27c697js19kaoo","time":1608024582,"event":{"mods":["BaseMod","Dota2Spire","Hermit","Minty Spire (QoL Compilation)","Quick Restart","Remilia£®¿Ÿ√◊¿Ú—«£©","Spicy Shops","StSLib","The Alterego","The Cursed","The Servant 0.9.4","°æ“≈ŒÔø®≈∆°øREMEMod"],"gold_per_floor":[120,137,156,13,13,44,44,44,44,78,78,78,78],"floor_reached":12,"playtime":647,"items_purged":[],"score":90,"play_id":"7f45fd23-1527-49be-9da7-0d8c0499be86","local_time":"20201215172942","is_ascension_mode":true,"campfire_choices":[{"floor":8,"key":"REST"},{"floor":11,"key":"REST"}],"circlet_count":0,"master_deck":["alterego_mod:Strike","alterego_mod:Strike","alterego_mod:Strike","alterego_mod:Strike","alterego_mod:Defend+1","alterego_mod:Defend","alterego_mod:Defend+1","alterego_mod:Defend","alterego_mod:Impale","alterego_mod:BigMeatyClaws","alterego_mod:BrynhildrsRune+1","LessonLearned","alterego_mod:Undulate","alterego_mod:Mirror","alterego_mod:Birthday","alterego_mod:Bounce"],"relics":["alterego_mod:MasochisticConstitution","REME_ComplimentaryCards","War Paint","Frozen Egg 2","Dota2Spire:LinkenSphere","Oddly Smooth Stone"],"acts_visited":["Exordium"],"potions_floor_usage":[6],"damage_taken":[{"damage":15,"enemies":"Cultist","floor":1,"turns":4},{"damage":2,"enemies":"Small Slimes","floor":2,"turns":3},{"damage":0,"enemies":"Jaw Worm","floor":3,"turns":3},{"damage":53,"enemies":"Gremlin Nob","floor":6,"turns":5},{"damage":27,"enemies":"Lagavulin","floor":10,"turns":5},{"damage":53,"enemies":"Gremlin Nob","floor":12,"turns":4}],"seed_played":"2395125906881535632","potions_obtained":[{"floor":1,"key":"Dota2Spire:HealingSalve"}],"is_trial":false,"path_per_floor":["M","M","M","$","?","E","$","R","T","E","R","E"],"character_chosen":"The_Alterego","items_purchased":["War Paint"],"campfire_rested":2,"item_purchase_floors":[4],"current_hp_per_floor":[56,55,55,55,72,22,22,43,43,19,41,0,0],"gold":78,"neow_bonus":"RANDOM_COLORLESS","is_daily":false,"chose_seed":false,"campfire_upgraded":0,"win_rate":0.0,"timestamp":1608024582,"path_taken":["M","?","M","?","?","E","$","R","T","E","R","E"],"items_purchased_type":["Relic"],"build_version":"2020-12-13","purchased_purges":0,"victory":false,"max_hp_per_floor":[71,72,72,72,72,73,73,73,73,74,74,74,74],"card_choices":[{"not_picked":["REME_TwoStrings","Jack Of All Trades"],"picked":"Swift Strike","floor":0},{"not_picked":["alterego_mod:BreastValley","alterego_mod:TrashNCrash"],"picked":"alterego_mod:Undulate","floor":1},{"not_picked":["alterego_mod:Complex","alterego_mod:GoddessCore"],"picked":"alterego_mod:Mirror","floor":2},{"not_picked":["alterego_mod:Punishment","alterego_mod:Rake"],"picked":"alterego_mod:Birthday","floor":3},{"not_picked":["alterego_mod:Valentines","alterego_mod:Mirror"],"picked":"alterego_mod:Bounce","floor":6},{"not_picked":["alterego_mod:Rip","alterego_mod:Belts","alterego_mod:Crossover"],"picked":"SKIP","floor":10}],"player_experience":119549,"relics_obtained":[{"floor":6,"key":"Frozen Egg 2"},{"floor":9,"key":"Dota2Spire:LinkenSphere"},{"floor":10,"key":"Oddly Smooth Stone"}],"event_choices":[{"cards_removed":["Swift Strike"],"damage_healed":17,"gold_gain":0,"player_choice":"Offered Uncommon","damage_taken":0,"max_hp_gain":0,"max_hp_loss":0,"event_name":"Bonfire Elementals","floor":5,"gold_loss":0}],"is_beta":false,"boss_relics":[],"items_purged_floors":[],"is_endless":false,"potions_floor_spawned":[1],"killed_by":"Gremlin Nob","ascension_level":1}}