{"host":"qrt7o4dq2qslzw13","time":1608054026,"event":{"mods":["AchievementEnabler","BaseMod","Colored Map","Colored Powertips","Minty Spire (QoL Compilation)","Quick Restart","Rare Cards Sparkle","StSLib","SuperFastMode"],"gold_per_floor":[119,119,12,22,33,33,44,44,121,139,54,79,91,114,126,215,227,250,27,39,55,55,55,72,72,154,154,164,164,164],"floor_reached":29,"playtime":1007,"items_purged":[],"score":454,"play_id":"d5a4be22-0288-4d81-98d3-5fe16eef4a52","local_time":"20201215124026","is_ascension_mode":true,"campfire_choices":[{"data":"Dark Embrace","floor":6.0,"key":"SMITH"},{"floor":13.0,"key":"REST"},{"data":"Juggernaut","floor":15.0,"key":"SMITH"},{"floor":23.0,"key":"REST"},{"data":"Second Wind","floor":25.0,"key":"SMITH"},{"data":"Second Wind","floor":27.0,"key":"SMITH"}],"circlet_count":0,"master_deck":["AscendersBane","Strike_R","Strike_R","Defend_R","Defend_R","Defend_R","Bash","Exhume","True Grit","Bloodletting","Dark Embrace+1","Anger","Evolve","Second Wind+1","Rage","Parasite","Juggernaut+1","Feel No Pain","Ghostly Armor","Clothesline","Brutality","Blood for Blood+1","Shockwave+1","Carnage+1","Headbutt","Rage","Battle Trance","Pummel","Power Through","Inflame","Second Wind+1","Warcry","Feel No Pain"],"relics":["Burning Blood","Eternal Feather","MawBank","Astrolabe","Sundial"],"acts_visited":["Exordium","TheCity"],"potions_floor_usage":[29],"damage_taken":[{"damage":28.0,"enemies":"Jaw Worm","floor":1.0,"turns":6.0},{"damage":16.0,"enemies":"Cultist","floor":4.0,"turns":5.0},{"damage":12.0,"enemies":"2 Louse","floor":5.0,"turns":4.0},{"damage":12.0,"enemies":"Blue Slaver","floor":7.0,"turns":4.0},{"damage":17.0,"enemies":"Red Slaver","floor":10.0,"turns":5.0},{"damage":25.0,"enemies":"Lagavulin","floor":12.0,"turns":6.0},{"damage":7.0,"enemies":"Looter","floor":14.0,"turns":4.0},{"damage":17.0,"enemies":"Slime Boss","floor":16.0,"turns":6.0},{"damage":34.0,"enemies":"3 Byrds","floor":18.0,"turns":7.0},{"damage":17.0,"enemies":"Shell Parasite","floor":20.0,"turns":7.0},{"damage":29.0,"enemies":"Snake Plant","floor":21.0,"turns":5.0},{"damage":22.0,"enemies":"Snecko","floor":24.0,"turns":6.0},{"damage":41.0,"enemies":"Shelled Parasite and Fungi","floor":28.0,"turns":6.0},{"damage":35,"enemies":"Gremlin Leader","floor":29,"turns":5}],"seed_played":"-1100323430585045103","potions_obtained":[{"floor":1.0,"key":"BloodPotion"},{"floor":5.0,"key":"Dexterity Potion"},{"floor":10.0,"key":"Explosive Potion"},{"floor":21.0,"key":"SteroidPotion"},{"floor":28.0,"key":"Explosive Potion"}],"is_trial":false,"path_per_floor":["M","?","$","M","M","R","M","?","T","M","$","E","R","M","R","B",null,"M","$","M","M","?","R","M","R","T","R","M","E"],"character_chosen":"IRONCLAD","items_purchased":["Dark Embrace","Anger","Feel No Pain","Rage","Battle Trance","Pummel"],"campfire_rested":2,"item_purchase_floors":[3,3,11,19,19,19],"current_hp_per_floor":[61,61,61,51,45,45,39,57,57,46,46,27,61,60,72,61,72,44,44,33,10,10,50,34,52,52,70,35,0,0],"gold":164,"neow_bonus":"ONE_RANDOM_RARE_CARD","is_daily":false,"chose_seed":false,"campfire_upgraded":4,"win_rate":0.0,"timestamp":1608054026,"path_taken":["M","?","?","?","M","R","M","?","T","M","$","E","R","M","R","BOSS","M","$","M","M","?","R","M","R","T","R","?","E"],"items_purchased_type":["Card","Card","Card","Card","Card","Card"],"build_version":"2020-12-13","purchased_purges":0,"victory":false,"max_hp_per_floor":[75,75,75,75,75,75,75,75,75,75,75,75,75,75,75,75,75,75,75,75,75,75,75,75,75,75,75,75,75,75],"card_choices":[{"not_picked":["Infernal Blade","Iron Wave"],"picked":"True Grit","floor":1.0},{"not_picked":["Carnage","Clash"],"picked":"Evolve","floor":4.0},{"not_picked":["Dark Embrace","Body Slam"],"picked":"Second Wind","floor":5.0},{"not_picked":["Sword Boomerang","Ghostly Armor"],"picked":"Rage","floor":7.0},{"not_picked":["Sword Boomerang","Flex"],"picked":"Juggernaut","floor":10.0},{"not_picked":["Rage","Uppercut"],"picked":"Ghostly Armor","floor":12.0},{"not_picked":["Evolve","Searing Blow"],"picked":"Clothesline","floor":14.0},{"not_picked":["Reaper","Limit Break"],"picked":"Brutality","floor":16.0},{"not_picked":["Twin Strike","Pommel Strike"],"picked":"Headbutt","floor":18.0},{"not_picked":["Disarm","Body Slam"],"picked":"Power Through","floor":20.0},{"not_picked":["Wild Strike","Body Slam"],"picked":"Inflame","floor":21.0},{"not_picked":["Havoc+1","Clothesline"],"picked":"Warcry","floor":24.0},{"not_picked":["Iron Wave","Shrug It Off"],"picked":"Feel No Pain","floor":28.0}],"player_experience":453828,"relics_obtained":[{"floor":9.0,"key":"Eternal Feather"},{"floor":12.0,"key":"MawBank"},{"floor":26.0,"key":"Sundial"}],"event_choices":[{"damage_healed":0.0,"max_hp_gain":0.0,"max_hp_loss":0.0,"gold_gain":0.0,"cards_transformed":["Strike_R"],"event_name":"Transmorgrifier","player_choice":"Transformed","floor":2.0,"gold_loss":0.0,"damage_taken":0.0,"cards_obtained":["Bloodletting"]},{"damage_healed":18.0,"max_hp_gain":0.0,"max_hp_loss":0.0,"gold_gain":0.0,"event_name":"Mushrooms","player_choice":"Healed and dodged fight","floor":8.0,"gold_loss":0.0,"damage_taken":0.0,"cards_obtained":["Parasite"]},{"damage_healed":0.0,"max_hp_gain":0.0,"max_hp_loss":0.0,"gold_gain":0.0,"event_name":"Duplicator","player_choice":"Copied","floor":22.0,"gold_loss":0.0,"damage_taken":0.0,"cards_obtained":["Second Wind"]}],"is_beta":false,"boss_relics":[{"not_picked":["Runic Dome","Runic Pyramid"],"picked":"Astrolabe"}],"items_purged_floors":[],"is_endless":false,"potions_floor_spawned":[1,5,10,21,28],"killed_by":"Gremlin Leader","ascension_level":20}}