{"host":"zr590xw2unlz0wv7","time":1608052391,"event":{"mods":["BaseMod","Minty Spire (QoL Compilation)","READ ME - Guardian Mod","StSLib"],"gold_per_floor":[116,116,116,134,153,170,203,218,218,552,552,569,105,105,105,233,233,256,256,294,294,313,313,347,262,309,309,323,350,362,461,461,461,461],"floor_reached":33,"playtime":1388,"items_purged":[],"score":369,"play_id":"db1ad6e8-1555-4ecf-9024-d34c1eea6322","local_time":"20201216011311","is_ascension_mode":true,"campfire_choices":[{"floor":11,"key":"REST"},{"floor":15,"key":"REST"},{"data":"Fiend Fire","floor":23,"key":"SMITH"},{"floor":27,"key":"REST"},{"data":"Juggernaut","floor":32,"key":"SMITH"}],"circlet_count":0,"master_deck":["Strike_R","Strike_R","Strike_R","Strike_R","Strike_R","Defend_R","Defend_R","Defend_R","Defend_R","Bash","Combust+1","Cleave","Fiend Fire+1","Flex","Ghostly Armor","Feed","Havoc","Flex","Berserk","Juggernaut+1","Bloodletting","Flame Barrier","Dark Embrace","Metallicize","Sword Boomerang+1","Havoc","Seeing Red+1","Headbutt+1"],"relics":["Burning Blood","Anchor","Art of War","WingedGreaves","Charon\u0027s Ashes","Old Coin","HornCleat","Bloody Idol","Snecko Eye","Red Mask","Molten Egg 2","Ancient Tea Set","MealTicket","Pantograph"],"acts_visited":["Exordium","TheCity"],"potions_floor_usage":[16,20,20,29],"damage_taken":[{"damage":16,"enemies":"Cultist","floor":1,"turns":4},{"damage":3,"enemies":"Jaw Worm","floor":4,"turns":3},{"damage":1,"enemies":"2 Louse","floor":5,"turns":2},{"damage":11,"enemies":"Large Slime","floor":6,"turns":4},{"damage":18,"enemies":"Gremlin Nob","floor":7,"turns":3},{"damage":3,"enemies":"Blue Slaver","floor":8,"turns":3},{"damage":34,"enemies":"Lagavulin","floor":10,"turns":5},{"damage":2,"enemies":"2 Fungi Beasts","floor":12,"turns":2},{"damage":66,"enemies":"Hexaghost","floor":16,"turns":10},{"damage":7,"enemies":"2 Thieves","floor":18,"turns":3},{"damage":4,"enemies":"Masked Bandits","floor":20,"turns":2},{"damage":1,"enemies":"Chosen","floor":22,"turns":3},{"damage":47,"enemies":"Book of Stabbing","floor":24,"turns":5},{"damage":3,"enemies":"Shelled Parasite and Fungi","floor":28,"turns":3},{"damage":39,"enemies":"Gremlin Leader","floor":29,"turns":5},{"damage":13,"enemies":"Chosen and Byrds","floor":30,"turns":4},{"damage":121,"enemies":"Champ","floor":33,"turns":11}],"seed_played":"-8684109581979523573","potions_obtained":[{"floor":1,"key":"Swift Potion"},{"floor":6,"key":"FairyPotion"},{"floor":7,"key":"SkillPotion"},{"floor":10,"key":"Swift Potion"},{"floor":18,"key":"DistilledChaos"},{"floor":20,"key":"Dexterity Potion"}],"is_trial":false,"path_per_floor":["M","?","?","M","M","M","E","M","T","E","R","M","$","?","R","B",null,"M","?","?","?","M","R","E","?","T","R","M","E","M","?","R","B"],"character_chosen":"IRONCLAD","items_purchased":["Havoc","Flex","Berserk","HornCleat"],"campfire_rested":3,"item_purchase_floors":[13,13,13,13],"current_hp_per_floor":[70,70,70,73,78,73,61,64,64,36,60,64,64,44,68,8,62,61,61,63,63,73,73,37,37,42,66,74,46,44,49,49,0,0],"gold":461,"neow_bonus":"RANDOM_COMMON_RELIC","is_daily":false,"chose_seed":false,"campfire_upgraded":2,"win_rate":0.0,"timestamp":1608052391,"path_taken":["M","?","?","?","M","M","E","?","T","E","R","M","?","?","R","BOSS","M","?","?","?","M","R","E","?","T","R","?","E","M","?","R","BOSS"],"items_purchased_type":["Card","Card","Card","Relic"],"build_version":"2020-12-13","purchased_purges":0,"victory":false,"max_hp_per_floor":[80,80,80,80,80,80,80,80,80,80,80,80,80,80,80,80,80,80,80,80,80,80,80,80,80,80,80,80,80,80,80,80,80,80],"card_choices":[{"not_picked":["Uppercut","Clash"],"picked":"Combust","floor":1},{"not_picked":["Headbutt","Perfected Strike"],"picked":"Cleave","floor":4},{"not_picked":["Feel No Pain","Fire Breathing"],"picked":"Fiend Fire","floor":5},{"not_picked":["Burning Pact","Perfected Strike"],"picked":"Flex","floor":6},{"not_picked":["Spot Weakness","Shrug It Off"],"picked":"Ghostly Armor","floor":7},{"not_picked":["Twin Strike","Heavy Blade","Havoc"],"picked":"SKIP","floor":8},{"not_picked":["Wild Strike","Body Slam","Infernal Blade"],"picked":"SKIP","floor":10},{"not_picked":["Wild Strike","Rage"],"picked":"Feed","floor":12},{"not_picked":["Berserk","Exhume"],"picked":"Juggernaut","floor":16},{"not_picked":["Reckless Charge","Wild Strike+1"],"picked":"Bloodletting","floor":18},{"not_picked":["Pommel Strike","Cleave"],"picked":"Dark Embrace","floor":20},{"not_picked":["Perfected Strike","Twin Strike"],"picked":"Metallicize","floor":22},{"not_picked":["Hemokinesis+1","Berserk"],"picked":"Sword Boomerang+1","floor":24},{"not_picked":["Spot Weakness+1","Reckless Charge+1"],"picked":"Havoc","floor":28},{"not_picked":["Warcry+1","Armaments"],"picked":"Seeing Red+1","floor":29},{"not_picked":["Anger+1","Corruption"],"picked":"Headbutt+1","floor":30}],"player_experience":486773,"relics_obtained":[{"floor":7,"key":"WingedGreaves"},{"floor":9,"key":"Charon\u0027s Ashes"},{"floor":10,"key":"Old Coin"},{"floor":20,"key":"Red Mask"},{"floor":24,"key":"Molten Egg 2"},{"floor":26,"key":"MealTicket"},{"floor":29,"key":"Pantograph"}],"event_choices":[{"damage_healed":0,"gold_gain":0,"player_choice":"Grow","damage_taken":0,"max_hp_gain":0,"max_hp_loss":0,"event_name":"Living Wall","floor":2,"gold_loss":0,"cards_upgraded":["Combust"]},{"damage_healed":0,"gold_gain":0,"player_choice":"Gave Potion","damage_taken":0,"relics_obtained":["Art of War"],"max_hp_gain":0,"max_hp_loss":0,"event_name":"WeMeetAgain","floor":3,"gold_loss":0},{"damage_healed":0,"gold_gain":0,"player_choice":"Take Damage","damage_taken":20,"relics_obtained":["Golden Idol"],"max_hp_gain":0,"max_hp_loss":0,"event_name":"Golden Idol","floor":14,"gold_loss":0},{"damage_healed":0,"gold_gain":0,"player_choice":"Read","damage_taken":0,"max_hp_gain":0,"max_hp_loss":0,"event_name":"The Library","floor":19,"gold_loss":0,"cards_obtained":["Flame Barrier"]},{"damage_healed":0,"gold_gain":0,"player_choice":"Fought Bandits","damage_taken":0,"max_hp_gain":0,"max_hp_loss":0,"event_name":"Masked Bandits","floor":20,"gold_loss":0},{"damage_healed":0,"gold_gain":0,"player_choice":"Gave Idol","damage_taken":0,"relics_obtained":["Bloody Idol"],"max_hp_gain":0,"max_hp_loss":0,"event_name":"Forgotten Altar","floor":21,"relics_lost":["Golden Idol"],"gold_loss":0},{"damage_healed":0,"gold_gain":0,"player_choice":"Obtained Relic","damage_taken":0,"relics_obtained":["Ancient Tea Set"],"max_hp_gain":0,"max_hp_loss":0,"event_name":"Addict","floor":25,"gold_loss":85},{"damage_healed":0,"gold_gain":99,"player_choice":"Stole From Cult","damage_taken":0,"max_hp_gain":0,"max_hp_loss":0,"event_name":"Nest","floor":31,"gold_loss":0}],"is_beta":false,"boss_relics":[{"not_picked":["Runic Dome","Fusion Hammer"],"picked":"Snecko Eye"}],"items_purged_floors":[],"is_endless":false,"potions_floor_spawned":[1,6,7,10,18,20],"killed_by":"Champ","ascension_level":5}}