{"host":"msmkw03x1o7nq45i","time":1608061095,"event":{"mods":["AchievementEnabler","BaseMod","Bestiary","Colored Powertips","GifTheSpireLib","Highlight Path","Minty Spire (QoL Compilation)","Random Character Button","StSLib","everything is the same but u backflip on backflip"],"gold_per_floor":[110,110,185,200,220,220,234,234,234,234,111,136,86,118,118,214,214,233,262,24,123,47,47,74,89,164,164,264,296,308,308,308,408,408,427,649,649,662,361,361,394,394,394,394,394,394,394,24,24,24],"floor_reached":51,"playtime":4724,"items_purged":["Regret","Strike_B","Strike_B","Writhe"],"score":1071,"play_id":"66f6ae84-c7ae-4dc8-980a-aa54c125a528","local_time":"20201215213815","is_ascension_mode":true,"campfire_choices":[{"data":"Go for the Eyes","floor":6,"key":"SMITH"},{"data":"Consume","floor":8,"key":"SMITH"},{"data":"Zap","floor":10,"key":"SMITH"},{"data":"Streamline","floor":15,"key":"SMITH"},{"data":"Capacitor","floor":23,"key":"SMITH"},{"data":"Defragment","floor":27,"key":"SMITH"},{"data":"Coolheaded","floor":32,"key":"SMITH"},{"data":"Seek","floor":40,"key":"SMITH"},{"data":"Defragment","floor":42,"key":"SMITH"},{"data":"Coolheaded","floor":45,"key":"SMITH"},{"data":"Hologram","floor":47,"key":"SMITH"},{"data":"Impatience","floor":49,"key":"SMITH"}],"circlet_count":0,"master_deck":["Defend_B","Defend_B","Defend_B","Defend_B","Zap+1","Dualcast","Consume+1","Streamline+1","Go for the Eyes+1","Reboot","Coolheaded+1","Sweeping Beam","Hologram+1","Multi-Cast","Leap","Glacier","Capacitor+1","Defragment+1","BootSequence+1","Seek+1","Defragment+1","PanicButton","Impatience+1","Defragment+1","Coolheaded+1","Ball Lightning"],"relics":["Cracked Core","NeowsBlessing","Cables","InkBottle","Darkstone Periapt","Potion Belt","Coffee Dripper","Red Mask","Girya","White Beast Statue","Pear","SacredBark","Ginger","Bronze Scales","Bag of Preparation"],"acts_visited":["Exordium","TheCity","TheBeyond"],"potions_floor_usage":[12,19,24,29,29,29,30,31,33,39,50,50,50,50],"damage_taken":[{"damage":0,"enemies":"Small Slimes","floor":1,"turns":1},{"damage":0,"enemies":"Cultist","floor":4,"turns":1},{"damage":0,"enemies":"Jaw Worm","floor":5,"turns":1},{"damage":10,"enemies":"Exordium Thugs","floor":7,"turns":4},{"damage":15,"enemies":"3 Sentries","floor":12,"turns":5},{"damage":15,"enemies":"Lagavulin","floor":14,"turns":5},{"damage":0,"enemies":"Slime Boss","floor":16,"turns":6},{"damage":11,"enemies":"Shell Parasite","floor":18,"turns":5},{"damage":15,"enemies":"Masked Bandits","floor":19,"turns":5},{"damage":32,"enemies":"Gremlin Leader","floor":24,"turns":11},{"damage":0,"enemies":"Spheric Guardian","floor":25,"turns":6},{"damage":2,"enemies":"Book of Stabbing","floor":29,"turns":5},{"damage":0,"enemies":"3 Cultists","floor":30,"turns":7},{"damage":0,"enemies":"Colosseum Slavers","floor":31,"turns":4},{"damage":2,"enemies":"Collector","floor":33,"turns":15},{"damage":0,"enemies":"3 Shapes","floor":35,"turns":4},{"damage":0,"enemies":"Orb Walker","floor":38,"turns":4},{"damage":0,"enemies":"Giant Head","floor":41,"turns":21},{"damage":8,"enemies":"Time Eater","floor":50,"turns":10}],"seed_played":"4808340993152667755","potions_obtained":[{"floor":1,"key":"LiquidBronze"},{"floor":5,"key":"GamblersBrew"},{"floor":7,"key":"DistilledChaos"},{"floor":18,"key":"SteroidPotion"},{"floor":25,"key":"DuplicationPotion"},{"floor":29,"key":"FocusPotion"},{"floor":30,"key":"Explosive Potion"},{"floor":33,"key":"PotionOfCapacity"},{"floor":35,"key":"FocusPotion"},{"floor":38,"key":"EssenceOfSteel"},{"floor":41,"key":"Block Potion"}],"is_trial":false,"path_per_floor":["M","?","?","M","M","R","M","R","T","R","$","E","?","E","R","B",null,"M","?","$","?","$","R","E","M","T","R","?","E","M","?","R","B",null,"M","?","?","M","$","R","E","R","T","?","R","?","R","$","R","B",null],"character_chosen":"DEFECT","items_purchased":["Coolheaded","Capacitor","Swift Potion","AttackPotion","Defragment","Defragment","Fruit Juice","Bag of Preparation","Ball Lightning","Explosive Potion"],"campfire_rested":0,"item_purchase_floors":[11,20,20,20,22,39,39,48,48,48],"current_hp_per_floor":[68,68,61,61,61,61,51,51,51,51,51,36,36,21,21,21,62,51,36,36,36,36,36,4,4,4,4,4,12,12,12,12,10,66,66,66,56,56,66,66,66,66,66,96,96,96,96,96,96,88],"gold":24,"neow_bonus":"THREE_ENEMY_KILL","is_daily":false,"chose_seed":false,"campfire_upgraded":12,"win_rate":0.0,"timestamp":1608061095,"path_taken":["M","?","?","?","M","R","M","R","T","R","$","E","?","E","R","BOSS","M","?","$","?","?","R","E","?","T","R","?","E","?","?","R","BOSS","M","?","?","M","$","R","E","R","T","?","R","?","R","$","R","BOSS"],"items_purchased_type":["Card","Card","Potion","Potion","Card","Card","Potion","Relic","Card","Potion"],"build_version":"2020-12-13","purchased_purges":4,"victory":true,"max_hp_per_floor":[75,75,75,75,75,75,75,75,75,75,75,75,75,75,75,75,75,75,75,75,75,75,75,75,75,75,75,75,85,85,85,85,85,85,85,85,85,85,95,95,95,95,95,101,101,101,101,101,101,101],"card_choices":[{"not_picked":["Beam Cell","Self Repair"],"picked":"Consume","floor":1},{"not_picked":["Hologram","Beam Cell"],"picked":"Streamline","floor":4},{"not_picked":["Sweeping Beam","Barrage"],"picked":"Go for the Eyes","floor":5},{"not_picked":["Stack","Static Discharge"],"picked":"Reboot","floor":7},{"not_picked":["Gash","Ball Lightning"],"picked":"Sweeping Beam","floor":12},{"not_picked":["White Noise","Coolheaded"],"picked":"Hologram","floor":14},{"not_picked":["Meteor Strike","Buffer"],"picked":"Multi-Cast","floor":16},{"not_picked":["Static Discharge","Consume"],"picked":"Leap","floor":18},{"not_picked":["Cold Snap","Ball Lightning"],"picked":"Glacier","floor":19},{"not_picked":["Force Field","Conserve Battery","Steam"],"picked":"SKIP","floor":24},{"not_picked":["Cold Snap+1","Barrage+1","Ball Lightning"],"picked":"SKIP","floor":25},{"not_picked":["Go for the Eyes","Self Repair"],"picked":"BootSequence+1","floor":29},{"not_picked":["Sweeping Beam+1","Hologram","Compile Driver"],"picked":"SKIP","floor":30},{"not_picked":["Hyperbeam","Creative AI"],"picked":"Seek","floor":33},{"not_picked":["Glacier","Ball Lightning+1"],"picked":"Defragment+1","floor":35},{"not_picked":["Jack Of All Trades","Metamorphosis"],"picked":"PanicButton","floor":37},{"not_picked":["Mind Blast","Finesse"],"picked":"Impatience","floor":37},{"not_picked":["Aggregate","Redo","Cold Snap"],"picked":"SKIP","floor":38},{"not_picked":["Steam","Compile Driver"],"picked":"Coolheaded","floor":41}],"player_experience":307922,"relics_obtained":[{"floor":9,"key":"InkBottle"},{"floor":12,"key":"Darkstone Periapt"},{"floor":14,"key":"Potion Belt"},{"floor":19,"key":"Red Mask"},{"floor":24,"key":"Girya"},{"floor":26,"key":"White Beast Statue"},{"floor":29,"key":"Pear"},{"floor":41,"key":"Ginger"},{"floor":43,"key":"Bronze Scales"}],"event_choices":[{"damage_healed":0,"gold_gain":0,"player_choice":"Box","damage_taken":0,"relics_obtained":["Cables"],"max_hp_gain":0,"max_hp_loss":0,"event_name":"Big Fish","floor":2,"gold_loss":0,"cards_obtained":["Regret"]},{"damage_healed":0,"gold_gain":75,"player_choice":"Touch","damage_taken":7,"max_hp_gain":0,"max_hp_loss":0,"event_name":"FaceTrader","floor":3,"gold_loss":0},{"cards_removed":["Strike_B"],"damage_healed":0,"gold_gain":0,"player_choice":"Card Removal","damage_taken":0,"max_hp_gain":0,"max_hp_loss":0,"event_name":"The Cleric","floor":13,"gold_loss":50},{"damage_healed":0,"gold_gain":0,"player_choice":"Fought Bandits","damage_taken":0,"max_hp_gain":0,"max_hp_loss":0,"event_name":"Masked Bandits","floor":19,"gold_loss":0},{"damage_healed":0,"gold_gain":99,"player_choice":"Stole From Cult","damage_taken":0,"max_hp_gain":0,"max_hp_loss":0,"event_name":"Nest","floor":21,"gold_loss":0},{"damage_healed":0,"gold_gain":100,"player_choice":"Pray","damage_taken":0,"max_hp_gain":0,"max_hp_loss":0,"event_name":"Golden Shrine","floor":28,"gold_loss":0},{"damage_healed":0,"gold_gain":0,"player_choice":"Fight","damage_taken":0,"max_hp_gain":0,"max_hp_loss":0,"event_name":"Colosseum","floor":31,"gold_loss":0},{"damage_healed":0,"gold_gain":0,"player_choice":"Fled From Nobs","damage_taken":0,"max_hp_gain":0,"max_hp_loss":0,"event_name":"Colosseum","floor":31,"gold_loss":0},{"damage_healed":0,"gold_gain":222,"player_choice":"Wore Mask","damage_taken":0,"max_hp_gain":0,"max_hp_loss":0,"event_name":"Tomb of Lord Red Mask","floor":36,"gold_loss":0},{"damage_healed":0,"gold_gain":0,"player_choice":"Memory 3","damage_taken":10,"max_hp_gain":0,"max_hp_loss":0,"event_name":"SensoryStone","floor":37,"gold_loss":0},{"damage_healed":24,"gold_gain":0,"player_choice":"Writhe","damage_taken":0,"max_hp_gain":0,"max_hp_loss":0,"event_name":"Winding Halls","floor":44,"gold_loss":0,"cards_obtained":["Writhe"]},{"cards_removed":["Strike_B"],"damage_healed":0,"gold_gain":0,"player_choice":"Removed Attack","damage_taken":0,"max_hp_gain":0,"max_hp_loss":0,"event_name":"Falling","floor":46,"gold_loss":0}],"is_beta":false,"boss_relics":[{"not_picked":["Pandora\u0027s Box","Sozu"],"picked":"Coffee Dripper"},{"not_picked":["SlaversCollar","FrozenCore"],"picked":"SacredBark"}],"items_purged_floors":[11,20,39,48],"is_endless":false,"potions_floor_spawned":[1,5,7,18,25,29,30,31,33,35,38,41],"ascension_level":7}}