{"host":"njruw0b0uprlitpx","time":1608005376,"event":{"mods":["2.2 Compatiblity","BaseMod","Better Altar","Better Match","Better Note","Better Sensory Stone","Better Skull","Better Third Choice","Block Reminder","Colored Map","Colored Powertips","Downfall","Energized Spire","Keyboard Shortcuts","Minty Spire (QoL Compilation)","Quick Restart","Relic Stats","Replay The Spire","SacredBarkPlus","Spicy Shops","StSLib","SuperFastMode"],"gold_per_floor":[99,199,210,135,165,190,225,68,68,102,202,202,202,23,43,146,146,71,43,61,61,61,86,86,117,117,148,148,70,70,18,31,128,128,128,145,145,145,160,187,26,26,26,26,57,57,68,18,18,73,83,83],"floor_reached":53,"playtime":6066,"items_purged":["Regret"],"score":860,"play_id":"04dd4015-1307-471d-b952-0e8006a9759d","local_time":"20201214220936","is_ascension_mode":true,"campfire_choices":[{"floor":1,"key":"RECALL"},{"floor":4,"key":"REST"},{"floor":9,"key":"REST"},{"data":"champ:SteelEdge","floor":18,"key":"SMITH"},{"data":"champ:SwordThrow","floor":22,"key":"SMITH"},{"data":"champ:PerfectForm","floor":26,"key":"SMITH"},{"data":"champ:HeartStrike","floor":35,"key":"SMITH"},{"data":"champ:MurderStrike","floor":42,"key":"SMITH"},{"data":"champ:FocusedBerserking","floor":44,"key":"SMITH"},{"data":"champ:AdrenalArmor","floor":46,"key":"SMITH"}],"circlet_count":0,"master_deck":["champ:Defend+1","champ:Execute","champ:Taunt+1","champ:DeathBlow","champ:BerserkersShout","champ:LastStand","champ:PerfectedStrike+1","champ:CrookedStrike","champ:GutPunch+1","champ:StanceDance+1","champ:Control","champ:VampiricStrike+1","champ:BerserkerStyle+1","champ:AdrenalArmor+1","champ:TornadoPunch+1","champ:FocusedBerserking+1","champ:SwordThrow+1","champ:BringItOn","champ:SteelEdge+1","ReplayTheSpireMod:Splinters","Slimebound:Icky","champ:Shatter","champ:HoldFirm+1","champ:VampiricStrike+1","champ:PerfectForm+1","Shame","champ:Shatter","champ:HeartStrike+1","champ:Encircle","champ:LastStand","Guardian:Aged","champ:MurderStrike+1","champ:Control+1","champ:Encircle+1","champ:Devastate"],"relics":["champ:ChampionCrown","Champion Belt","downfall:HeartBlessingRed","MawBank","Orrery","PreservedInsect","Guardian:GemstoneGun","Replay:Grab Bag","energizedSpire:CursedPentagram","energizedSpire:MagnifyingGlass","expansioncontent:StudyCardRelic","Kintsugi","downfall:HeartBlessingBlue","Guide Book","Pantograph","Gambling Chip","Whetstone","downfall:RedIOU","energizedSpire:NeverEndingSparkler","Mercury Hourglass","Shuriken","HornCleat","Incense Burner","champ:GladiatorsBookOfMartialProwess"],"acts_visited":["Exordium","TheCity","TheBeyond"],"potions_floor_usage":[5,10,11,16,23,33,33,50,52,52],"damage_taken":[{"damage":62,"enemies":"downfall:Silent","floor":2,"turns":6},{"damage":40,"enemies":"Cultist","floor":3,"turns":3},{"damage":48,"enemies":"3 Sentries","floor":5,"turns":5},{"damage":62,"enemies":"Jaw Worm","floor":6,"turns":5},{"damage":24,"enemies":"downfall:FleeingMerchant","floor":8,"turns":4},{"damage":52,"enemies":"Lagavulin","floor":10,"turns":4},{"damage":31,"enemies":"downfall:Heads","floor":11,"turns":3},{"damage":47,"enemies":"downfall:FleeingMerchant","floor":14,"turns":4},{"damage":3,"enemies":"Small Slimes","floor":15,"turns":1},{"damage":68,"enemies":"downfall:Watcher","floor":16,"turns":7},{"damage":62,"enemies":"downfall:FleeingMerchant","floor":19,"turns":4},{"damage":27,"enemies":"3 Byrds","floor":20,"turns":2},{"damage":38,"enemies":"Book of Stabbing","floor":23,"turns":3},{"damage":20,"enemies":"Slavers","floor":25,"turns":3},{"damage":44,"enemies":"Book of Stabbing","floor":27,"turns":3},{"damage":40,"enemies":"Cultist and Chosen","floor":32,"turns":3},{"damage":62,"enemies":"downfall:Defect","floor":33,"turns":6},{"damage":16,"enemies":"Orb Walker","floor":36,"turns":3},{"damage":43,"enemies":"3 Shapes","floor":39,"turns":3},{"damage":64,"enemies":"R_Hoarder","floor":40,"turns":5},{"damage":67,"enemies":"Nemesis","floor":45,"turns":5},{"damage":40,"enemies":"Jaw Worm Horde","floor":47,"turns":3},{"damage":6,"enemies":"2 Orb Walkers","floor":50,"turns":3},{"damage":48,"enemies":"Maw","floor":51,"turns":5},{"damage":86,"enemies":"downfall:Ironclad","floor":52,"turns":6}],"seed_played":"-166615857080458103","potions_obtained":[{"floor":2,"key":"Weak Potion"},{"floor":3,"key":"SkillPotion"},{"floor":10,"key":"champ:CounterPotion"},{"floor":20,"key":"LiquidBronze"},{"floor":25,"key":"Dexterity Potion"},{"floor":27,"key":"SpeedPotion"},{"floor":33,"key":"Fruit Juice"},{"floor":47,"key":"champ:TechniquePotion"},{"floor":51,"key":"Explosive Potion"}],"is_trial":false,"path_per_floor":["R","?","M","R","E","M","T","$","R","E","?","?","?","$","M","B",null,"R","$","M","?","R","E","T","E","R","E","?","$","?","$","M","B",null,"R","M","PTL","PTL","M","E","$","R","T","R","E","R","M","$","?","?","M","B",null],"character_chosen":"THE_CHAMP","items_purchased":["Orrery","champ:SwordThrow","Guardian:GemstoneGun","Elixir","champ:HoldFirm","Guide Book","champ:HeartStrike","champ:Encircle","Shuriken","Strength Potion"],"campfire_rested":2,"item_purchase_floors":[8,14,14,14,19,19,29,31,41,48],"current_hp_per_floor":[90,41,41,68,68,52,52,47,74,77,68,90,90,90,90,87,90,100,100,100,100,100,100,100,93,93,100,100,100,100,100,100,103,105,105,105,105,105,105,107,107,107,107,107,94,94,110,110,110,110,110,94],"gold":83,"neow_bonus":"UPGRADE_CARD","is_daily":false,"chose_seed":false,"campfire_upgraded":7,"win_rate":0.0,"timestamp":1608005376,"path_taken":["R","?","M","R","E","M","T","$","R","E","?","?","?","$","M","BOSS","R","$","M","?","R","E","T","E","R","E","?","$","?","?","M","BOSS","R","?","PTL","PTL","M","E","?","R","T","R","E","R","M","$","?","?","M","BOSS"],"items_purchased_type":["Relic","Card","Relic","Potion","Card","Relic","Card","Card","Relic","Potion"],"build_version":"2020-12-13","purchased_purges":1,"victory":true,"max_hp_per_floor":[90,90,90,90,90,90,90,90,90,90,90,90,90,90,90,90,90,100,100,100,100,100,100,100,100,100,100,100,100,100,100,100,105,105,105,105,105,105,105,110,110,110,110,110,110,110,110,110,110,110,110,110],"relic_stats":{"counters":[25,99],"Shuriken":[9],"Pantograph":0,"Gambling Chip":[25],"PreservedInsect":342,"Champion Belt":[36],"Whetstone":["champ:PerfectedStrike","champ:GutPunch"],"MawBank":36,"obtain_stats":[{"sneckomod:BlankCard":23,"champ:ChampionCrown":0,"expansioncontent:StudyCardRelic":17,"Incense Burner":45,"Whetstone":27,"energizedSpire:CursedPentagram":17,"HornCleat":43,"downfall:HeartBlessingBlue":18,"Pantograph":24,"Gambling Chip":25,"downfall:RedIOU":30,"downfall:HeartBlessingRed":4,"Guardian:GemstoneGun":14,"Replay:Grab Bag":17,"Guide Book":19,"PreservedInsect":10,"MawBank":5,"Mercury Hourglass":40,"champ:GladiatorsBookOfMartialProwess":50,"energizedSpire:NeverEndingSparkler":34,"Shuriken":41,"Orrery":8,"energizedSpire:MagnifyingGlass":17,"Champion Belt":2,"Kintsugi":17},{"sneckomod:BlankCard":13,"champ:ChampionCrown":0,"expansioncontent:StudyCardRelic":10,"Incense Burner":21,"Whetstone":15,"energizedSpire:CursedPentagram":10,"HornCleat":20,"downfall:HeartBlessingBlue":10,"Pantograph":13,"Gambling Chip":14,"downfall:RedIOU":15,"downfall:HeartBlessingRed":2,"Guardian:GemstoneGun":8,"Replay:Grab Bag":10,"Guide Book":11,"PreservedInsect":6,"MawBank":3,"Mercury Hourglass":20,"champ:GladiatorsBookOfMartialProwess":23,"energizedSpire:NeverEndingSparkler":17,"Shuriken":20,"Orrery":5,"energizedSpire:MagnifyingGlass":10,"Champion Belt":1,"Kintsugi":10},{"sneckomod:BlankCard":51,"champ:ChampionCrown":0,"expansioncontent:StudyCardRelic":42,"Incense Burner":82,"Whetstone":57,"energizedSpire:CursedPentagram":42,"HornCleat":77,"downfall:HeartBlessingBlue":42,"Pantograph":51,"Gambling Chip":54,"downfall:RedIOU":57,"downfall:HeartBlessingRed":9,"Guardian:GemstoneGun":34,"Replay:Grab Bag":42,"Guide Book":46,"PreservedInsect":27,"MawBank":14,"Mercury Hourglass":77,"champ:GladiatorsBookOfMartialProwess":88,"energizedSpire:NeverEndingSparkler":66,"Shuriken":77,"Orrery":23,"energizedSpire:MagnifyingGlass":42,"Champion Belt":6,"Kintsugi":42}],"Mercury Hourglass":[53]},"card_choices":[{"not_picked":["champ:FaceSlap","champ:EndlessRage"],"picked":"champ:DeathBlow","floor":2},{"not_picked":["champ:CrookedStrike","champ:PerfectedStrike"],"picked":"champ:BerserkersShout","floor":3},{"not_picked":["champ:BerserkersShout","champ:Encircle"],"picked":"champ:LastStand","floor":5},{"not_picked":["champ:BladeFlurry","champ:PreciseThrust","champ:TornadoPunch"],"picked":"SKIP","floor":6},{"not_picked":["champ:FlashCut","champ:ShieldWall"],"picked":"champ:PerfectedStrike","floor":8},{"not_picked":["champ:FlashCut","champ:Haymaker"],"picked":"champ:CrookedStrike","floor":8},{"not_picked":["champ:BladeFlurry","champ:PreciseThrust"],"picked":"champ:GutPunch","floor":8},{"not_picked":["champ:GladiatorsShout","champ:BladeFlurry"],"picked":"champ:StanceDance","floor":8},{"not_picked":["champ:BringItOn","champ:FocusedBerserking"],"picked":"champ:Control","floor":8},{"not_picked":["champ:Devastate","champ:BringItOn"],"picked":"champ:VampiricStrike","floor":8},{"not_picked":["champ:CrookedStrike","champ:PerfectedStrike"],"picked":"champ:BerserkerStyle","floor":10},{"not_picked":["champ:Aggression","champ:FocusedGladiator"],"picked":"champ:AdrenalArmor","floor":11},{"not_picked":["champ:Backstep","champ:GutPunch"],"picked":"champ:FocusedBerserking","floor":14},{"not_picked":["champ:Circumvent","champ:Backstep"],"picked":"champ:BringItOn","floor":15},{"not_picked":["champ:SwordThrow","champ:DancingMaster"],"picked":"champ:SteelEdge","floor":16},{"not_picked":["champ:PreciseThrust+1","champ:TornadoPunch+1"],"picked":"champ:Shatter","floor":19},{"not_picked":["champ:BerserkersShout","champ:Backstep"],"picked":"champ:FightOn","floor":20},{"not_picked":["champ:BerserkerStyle","champ:Balance","champ:IronFortress"],"picked":"SKIP","floor":23},{"not_picked":["champ:AdrenalArmor","champ:RisingSlash"],"picked":"champ:PerfectForm","floor":25},{"not_picked":["champ:StanceDance","champ:CrookedStrike+1"],"picked":"champ:Shatter","floor":27},{"not_picked":["champ:BladeFlurry+1","champ:StanceDance+1"],"picked":"champ:Backstep+1","floor":32},{"not_picked":["champ:PerfectForm","champ:Devastate"],"picked":"champ:LastStand","floor":33},{"not_picked":["champ:Shatter+1","champ:StanceDance","champ:GladiatorsShout+1"],"picked":"SKIP","floor":36},{"not_picked":["champ:Backstep+1","champ:DefensiveShout","champ:BladeFlurry"],"picked":"SKIP","floor":39},{"not_picked":["champ:PerfectedStrike+1","champ:DefensiveShout+1"],"picked":"champ:MurderStrike","floor":40},{"not_picked":["champ:Encircle+1","champ:Circumvent"],"picked":"champ:Control+1","floor":45},{"not_picked":["champ:BringItOn+1","champ:FanOfKnives"],"picked":"champ:Encircle+1","floor":47},{"not_picked":["champ:CrookedStrike+1","champ:BerserkersShout+1"],"picked":"champ:Devastate","floor":50},{"not_picked":["champ:AdrenalArmor","champ:PreciseThrust+1","champ:Circumvent+1"],"picked":"SKIP","floor":51}],"player_experience":1325159,"relics_obtained":[{"floor":2,"key":"Champion Belt"},{"floor":5,"key":"MawBank"},{"floor":10,"key":"PreservedInsect"},{"floor":23,"key":"sneckomod:BlankCard"},{"floor":24,"key":"Pantograph"},{"floor":25,"key":"Gambling Chip"},{"floor":27,"key":"Whetstone"},{"floor":40,"key":"Mercury Hourglass"},{"floor":43,"key":"HornCleat"},{"floor":45,"key":"Incense Burner"},{"floor":50,"key":"champ:GladiatorsBookOfMartialProwess"}],"event_choices":[{"damage_healed":30,"gold_gain":0,"player_choice":"Banana","damage_taken":0,"max_hp_gain":0,"max_hp_loss":0,"event_name":"Big Fish","floor":12,"gold_loss":0},{"cards_removed":["champ:LastStand"],"damage_healed":0,"gold_gain":0,"player_choice":"Take \u0026 Give","damage_taken":0,"max_hp_gain":0,"max_hp_loss":0,"event_name":"betterNote:BetterNote","floor":21,"gold_loss":0,"cards_obtained":["champ:VampiricStrike"]},{"cards_removed":["champ:Backstep"],"damage_healed":0,"gold_gain":0,"player_choice":"Removed Skill","damage_taken":0,"max_hp_gain":0,"max_hp_loss":0,"event_name":"Falling","floor":49,"gold_loss":0},{"damage_healed":0,"gold_gain":0,"player_choice":"Fight","damage_taken":0,"max_hp_gain":0,"max_hp_loss":0,"event_name":"Mysterious Sphere","floor":50,"gold_loss":0}],"is_beta":false,"boss_relics":[{"not_picked":["energizedSpire:HugeHouse","Empty Cage"],"picked":"Replay:Grab Bag"},{"not_picked":["Replay:Wanted Poster","Replay:Bronze Core"],"picked":"energizedSpire:CursedPentagram"},{"not_picked":["Runic Dome","Ectoplasm"],"picked":"energizedSpire:MagnifyingGlass"},{"not_picked":["SlaversCollar","Ring of Chaos"],"picked":"expansioncontent:StudyCardRelic"},{"not_picked":["Replay:Drink Me","sneckomod:SneckoTalon"],"picked":"Kintsugi"},{"not_picked":["Replay:Ancient Bell","ChewingGum"],"picked":"energizedSpire:NeverEndingSparkler"}],"items_purged_floors":[19],"is_endless":false,"potions_floor_spawned":[2,3,10,20,25,27,33,47,51],"ascension_level":1}}