{"host":"gx04ak8ofzo346nl","time":1608055912,"event":{"mods":["BaseMod","Colored Map","Duelist Mod","Friendly Minions","Googly Eyes","Minty Spire (QoL Compilation)","Replay The Spire","StSLib","The Animator","The Construct","The Cursed","The Disciple","The Necromancer","The Servant 0.9.4"],"gold_per_floor":[143,157,173,184,199,233,233,246,270,270,286,286,306,337,337,442,442,455,470,144,160,172,172,206,222,222,222,236,265,265,297,297,396,396,410,425,435,449,460,460,493,513,539,551,551,564,579,604,604,604,604,604,213,245,245],"floor_reached":56,"playtime":6061,"items_purged":[],"score":1491,"play_id":"84de2d56-0bae-4d6d-88c6-d13458ff36c1","local_time":"20201215101152","is_ascension_mode":false,"campfire_choices":[{"floor":7,"key":"RECALL"},{"data":"theDuelist:ContractExodia","floor":10,"key":"SMITH"},{"data":"theDuelist:ContractExodia","floor":12,"key":"SMITH"},{"data":"theDuelist:NeoMagic","floor":15,"key":"SMITH"},{"data":"theDuelist:Yami","floor":23,"key":"SMITH"},{"data":"Enlightenment","floor":27,"key":"SMITH"},{"data":"theDuelist:ExodiaLL","floor":32,"key":"SMITH"},{"data":"theDuelist:InvitationDarkSleep","floor":40,"key":"SMITH"},{"floor":45,"key":"REST"},{"data":"theDuelist:ExodiaHead+4","floor":49,"key":"SMITH"},{"data":"theDuelist:ExodiaHead+5","floor":52,"key":"SMITH"}],"circlet_count":0,"master_deck":["theDuelist:DarkSparks+1","theDuelist:DarkMagician+1","theDuelist:CastleWalls+1","theDuelist:CastleWalls+1","Panacea+1","theDuelist:Sparks+1","theDuelist:MysticalElf+1","theDuelist:NeoMagic+1","theDuelist:ContractExodia+1","theDuelist:ContractExodia+1","theDuelist:SkilledDarkMagician+1","animator:Emilia+1","theDuelist:SwordsRevealing+1","theDuelist:NeoMagic+1","theDuelist:LegendaryExodia+1","theDuelist:Yami+1","theDuelist:ExodiaRL+1","Enlightenment+1","theDuelist:ExodiaRA+1","theDuelist:ExodiaLL+1","theDuelist:ExodiaNecross+1","theDuelist:DarkHole+1","Flash of Steel+1","theDuelist:SwordsRevealing+1","theDuelist:InvitationDarkSleep+1","theDuelist:DarkPaladin+1","theDuelist:MysticalElf+1","theDuelist:ExodiaLA+1","theDuelist:ReducerOrbCard","theDuelist:Yami+1","theDuelist:ExodiaHead+6","theDuelist:SmashingGround+1"],"relics":["theDuelist:MillenniumPuzzle","theDuelist:CardPoolRelic","theDuelist:CardPoolBasicRelic","theDuelist:BoosterPackPoolRelic","theDuelist:CardPoolAddRelic","theDuelist:CardPoolMinusRelic","theDuelist:CardPoolSaveRelic","theDuelist:CardPoolOptionsRelic","Bottled Flame","theDuelist:SolderToken","Replay:Grab Bag","Painkiller Herb","Sozu","Astrolabe","Runic Pyramid","Molten Egg 2","Ancient Tea Set","Replay:Bottled Flurry","Akabeko","theDuelist:BoosterPackTrapEgg","HornCleat","construct:WeddingRing","Solar Panel","Dream Catcher","theDuelist:MerchantNecklace","theDuelist:MillenniumArmor","Oddly Smooth Stone","Mercury Hourglass","Iron Hammer"],"acts_visited":["Exordium","TheCity","TheBeyond","TheEnding"],"potions_floor_usage":[6,16,16,16],"damage_taken":[{"damage":0,"enemies":"Cultist","floor":1,"turns":4},{"damage":1,"enemies":"2 Louse","floor":2,"turns":3},{"damage":0,"enemies":"Small Slimes","floor":3,"turns":3},{"damage":0,"enemies":"Looter","floor":4,"turns":4},{"damage":3,"enemies":"3 Louse","floor":5,"turns":3},{"damage":13,"enemies":"3 Sentries","floor":6,"turns":23},{"damage":2,"enemies":"Exordium Wildlife","floor":8,"turns":6},{"damage":7,"enemies":"Exordium Thugs","floor":11,"turns":4},{"damage":0,"enemies":"2 Fungi Beasts","floor":13,"turns":3},{"damage":8,"enemies":"Gremlin Nob","floor":14,"turns":4},{"damage":15,"enemies":"The Guardian","floor":16,"turns":8},{"damage":0,"enemies":"Chosen","floor":18,"turns":3},{"damage":0,"enemies":"2 Thieves","floor":19,"turns":4},{"damage":0,"enemies":"Cultist and Chosen","floor":21,"turns":7},{"damage":0,"enemies":"3 Cultists","floor":22,"turns":6},{"damage":2,"enemies":"Book of Stabbing","floor":24,"turns":7},{"damage":0,"enemies":"Snake Plant","floor":25,"turns":3},{"damage":4,"enemies":"Centurion and Healer","floor":28,"turns":6},{"damage":0,"enemies":"Gremlin Leader","floor":29,"turns":7},{"damage":19,"enemies":"Slavers","floor":31,"turns":5},{"damage":0,"enemies":"Automaton","floor":33,"turns":12},{"damage":7,"enemies":"3 Shapes","floor":35,"turns":8},{"damage":0,"enemies":"3 Darklings","floor":36,"turns":6},{"damage":0,"enemies":"Sphere and 2 Shapes","floor":37,"turns":3},{"damage":0,"enemies":"Spire Growth","floor":38,"turns":8},{"damage":1,"enemies":"3 Darklings","floor":39,"turns":4},{"damage":0,"enemies":"Reptomancer","floor":41,"turns":6},{"damage":12,"enemies":"Jaw Worm Horde","floor":42,"turns":4},{"damage":0,"enemies":"Spire Growth","floor":44,"turns":6},{"damage":0,"enemies":"Sphere and 2 Shapes","floor":46,"turns":5},{"damage":0,"enemies":"3 Darklings","floor":47,"turns":5},{"damage":0,"enemies":"Giant Head","floor":48,"turns":3},{"damage":0,"enemies":"Time Eater","floor":50,"turns":5},{"damage":0,"enemies":"Shield and Spear","floor":54,"turns":4},{"damage":30,"enemies":"The Heart","floor":55,"turns":9}],"seed_played":"-6861742014066262867","potions_obtained":[{"floor":1,"key":"theDuelist:WaterBottle"},{"floor":4,"key":"FearPotion"},{"floor":8,"key":"theDuelist:SealedPack"},{"floor":14,"key":"theDuelist:FusionPotion"}],"is_trial":false,"path_per_floor":["M","M","M","M","M","E","R","M","T","R","M","R","M","E","R","B",null,"?","?","T","?","?","T","E","?","T","T","?","E","T","E","T","B",null,"?","?","?","?","?","T","E","?","T","?","T","?","?","E","T","B",null,"T","T","E","B",null],"character_chosen":"THE_DUELIST","items_purchased":["Molten Egg 2","theDuelist:Yami","theDuelist:MillenniumArmor","Oddly Smooth Stone","Mercury Hourglass"],"campfire_rested":1,"item_purchase_floors":[20,20,53,53,53],"current_hp_per_floor":[80,79,79,79,76,63,63,61,61,61,54,54,54,46,46,31,80,80,80,80,80,80,80,78,78,78,78,74,74,74,55,55,55,80,73,73,73,73,72,72,72,60,60,60,80,80,80,80,80,80,80,80,80,80,50],"gold":245,"neow_bonus":"UPGRADE_CARD","is_daily":false,"chose_seed":false,"campfire_upgraded":9,"win_rate":0.0,"timestamp":1608055912,"path_taken":["M","M","M","M","M","E","R","M","T","R","M","R","M","E","R","BOSS","?","?","T","?","?","T","E","?","T","T","?","E","?","E","T","BOSS","?","?","?","?","?","T","E","?","T","?","T","?","?","E","T","BOSS","T","T","E","BOSS"],"items_purchased_type":["Relic","Card","Relic","Relic","Relic"],"build_version":"2020-12-13","purchased_purges":0,"victory":true,"max_hp_per_floor":[80,80,80,80,80,80,80,80,80,80,80,80,80,80,80,80,80,80,80,80,80,80,80,80,80,80,80,80,80,80,80,80,80,80,80,80,80,80,80,80,80,80,80,80,80,80,80,80,80,80,80,80,80,80,80],"card_choices":[{"not_picked":["theDuelist:DarkPaladin","theDuelist:SwordsRevealing","theDuelist:IrisEarthMother","theDuelist:ExodiaNecross"],"picked":"theDuelist:ExodiaHead","floor":1},{"not_picked":["theDuelist:NeoMagic","theDuelist:MysticalElf","theDuelist:ExodiaRL","theDuelist:BookSecret"],"picked":"theDuelist:ExodiaLL","floor":2},{"not_picked":["theDuelist:DarkMagicianGirl","theDuelist:GeminiElf","theDuelist:MysticalElf","theDuelist:BookSecret"],"picked":"theDuelist:ContractExodia","floor":3},{"not_picked":["Chrysalis","Flash of Steel","Swift Strike"],"picked":"Panacea","floor":4},{"not_picked":["Flash of Steel","Mind Blast","Sadistic Nature"],"picked":"Forethought","floor":5},{"not_picked":["theDuelist:InjectionFairy","theDuelist:NeoMagic","theDuelist:WhiteMagicalHat","theDuelist:MysticalElf"],"picked":"theDuelist:ExodiaRL","floor":6},{"not_picked":["theDuelist:ClearKuriboh","theDuelist:Cloning","theDuelist:LightningDarts","theDuelist:MagicalStone+1","theDuelist:Wiretap"],"picked":"SKIP","floor":8},{"not_picked":["theDuelist:HammerShot","theDuelist:BookSecret","theDuelist:CatapultZone","theDuelist:ShardGreed"],"picked":"theDuelist:ContractExodia","floor":11},{"not_picked":["theDuelist:DarkMagician","theDuelist:MysticalElf","theDuelist:DarkMagicianGirl","theDuelist:ExodiaLL"],"picked":"theDuelist:BookSecret","floor":13},{"not_picked":["theDuelist:NeoMagic","theDuelist:WhiteMagicalHat","theDuelist:ExodiaRL","theDuelist:GeminiElf"],"picked":"theDuelist:ExodiaRA","floor":14},{"not_picked":["theDuelist:DarkPaladin","theDuelist:IrisEarthMother","theDuelist:ExodiaHead","theDuelist:ExodiaNecross"],"picked":"theDuelist:SwordsRevealing","floor":16},{"not_picked":["theDuelist:FuryFire+1","theDuelist:GemElephant","theDuelist:GraniteLoyalist+1","theDuelist:RainbowBridge","theDuelist:ForbiddenChalice"],"picked":"SKIP","floor":18},{"not_picked":["theDuelist:DarkMagician","theDuelist:GeminiElf+1","theDuelist:ExodiaLL","theDuelist:ExodiaRA"],"picked":"theDuelist:LegendaryExodia","floor":19},{"not_picked":["theDuelist:BlueBloodedOni","theDuelist:GreenGraveOni","theDuelist:GreyGreedOni","theDuelist:RainbowKuriboh","theDuelist:RedHeadedOni"],"picked":"SKIP","floor":21},{"not_picked":["theDuelist:NeoMagic+1","theDuelist:ExodiaRL","theDuelist:DarkMagician+1","theDuelist:ExodiaLL+1","theDuelist:InvitationDarkSleep"],"picked":"SKIP","floor":22},{"not_picked":["Good Instincts","Transmutation","Violence"],"picked":"Enlightenment","floor":24},{"not_picked":["theDuelist:ClearKuriboh+1","theDuelist:DarklordSuperbia+1","theDuelist:GilfordLegend+1","theDuelist:MillenniumGolem+1","theDuelist:BigFire+1"],"picked":"SKIP","floor":25},{"not_picked":["theDuelist:Sangan+1","theDuelist:MudGolem+1","theDuelist:PotAvarice","theDuelist:PotDichotomy+1"],"picked":"theDuelist:DarkHole","floor":28},{"not_picked":["theDuelist:BattleOx+1","theDuelist:BattleFootballer","theDuelist:GreenGraveOni","theDuelist:CatapultZone+1","theDuelist:Mudora+1"],"picked":"SKIP","floor":29},{"not_picked":["theDuelist:DarkMagician+1","theDuelist:GeminiElf+1","theDuelist:WhiteMagicalHat","theDuelist:ExodiaRA+1","theDuelist:ExodiaRL+1"],"picked":"SKIP","floor":31},{"not_picked":["theDuelist:DarkPaladin+1","theDuelist:SwordsRevealing","theDuelist:IrisEarthMother","theDuelist:ExodiaHead+1"],"picked":"theDuelist:ExodiaNecross+1","floor":33},{"not_picked":["theDuelist:BookSecret+1","theDuelist:GeminiElf","theDuelist:ExodiaLL+1","theDuelist:ContractExodia+1"],"picked":"theDuelist:InvitationDarkSleep","floor":35},{"not_picked":["Swift Strike+1","Transmutation","Violence+1"],"picked":"Flash of Steel+1","floor":36},{"not_picked":["theDuelist:GreyGreedOni+1","theDuelist:PurplePainOni","theDuelist:RainbowKuriboh+1","theDuelist:RainbowOverdragon+1","theDuelist:RedHeadedOni"],"picked":"SKIP","floor":37},{"not_picked":["theDuelist:SwordsRevealing+1","theDuelist:IrisEarthMother+1","theDuelist:ExodiaHead+1","theDuelist:ExodiaNecross+1"],"picked":"theDuelist:DarkPaladin+1","floor":38},{"not_picked":["theDuelist:InjectionFairy+1","theDuelist:GeminiElf","theDuelist:MysticalElf+1","theDuelist:DarkMagician+1","theDuelist:SkilledDarkMagician+1"],"picked":"SKIP","floor":39},{"not_picked":["theDuelist:NeoMagic+1","theDuelist:DarkMagicianGirl+1","theDuelist:InjectionFairy+1","theDuelist:LegendaryExodia+1"],"picked":"theDuelist:ExodiaLA+1","floor":41},{"not_picked":["theDuelist:MoonOrbCard","theDuelist:HellfireOrbCard","theDuelist:SandOrbCard","theDuelist:SplashOrbCard"],"picked":"theDuelist:ReducerOrbCard","floor":42},{"not_picked":["theDuelist:SkilledDarkMagician+1","theDuelist:ExodiaLA+1","theDuelist:ExodiaNecross+1"],"picked":"SKIP","floor":44},{"not_picked":["theDuelist:ExodiaNecross+1","theDuelist:DarkMagicianGirl"],"picked":"theDuelist:Yami+1","floor":45},{"not_picked":["theDuelist:GeminiElf","theDuelist:MysticalElf","theDuelist:NeoMagic+1","theDuelist:ExodiaLL","theDuelist:ExodiaRL"],"picked":"SKIP","floor":46},{"not_picked":["theDuelist:DestroyerGolem+1","theDuelist:EarthquakeGiant+1","theDuelist:MudGolem+1","theDuelist:WingedKuriboh+1"],"picked":"theDuelist:SmashingGround+1","floor":47},{"not_picked":["theDuelist:DummyGolem+1","theDuelist:LabyrinthWall","theDuelist:MillenniumGolem+1","theDuelist:RainbowKuriboh","theDuelist:IrisEarthMother+1"],"picked":"SKIP","floor":48},{"not_picked":["theDuelist:DarkPaladin+1","theDuelist:ExodiaNecross+1","theDuelist:ForbiddenLance+6"],"picked":"SKIP","floor":54}],"player_experience":172797,"relics_obtained":[{"floor":6,"key":"Bottled Flame"},{"floor":14,"key":"theDuelist:SolderToken"},{"floor":24,"key":"Ancient Tea Set"},{"floor":26,"key":"Replay:Bottled Flurry"},{"floor":29,"key":"Akabeko"},{"floor":30,"key":"theDuelist:BoosterPackTrapEgg"},{"floor":31,"key":"HornCleat"},{"floor":41,"key":"Solar Panel"},{"floor":43,"key":"Dream Catcher"},{"floor":48,"key":"theDuelist:MerchantNecklace"},{"floor":54,"key":"Iron Hammer"}],"event_choices":[],"is_beta":false,"boss_relics":[{"not_picked":["Cursed Key","SlaversCollar"],"picked":"Replay:Grab Bag"},{"not_picked":["Ectoplasm","theDuelist:HauntedRelic"],"picked":"Painkiller Herb"},{"not_picked":["Fusion Hammer","Mark of Pain"],"picked":"Sozu"},{"not_picked":["Snecko Eye","Kintsugi"],"picked":"Astrolabe"},{"not_picked":["Ring of Chaos","Black Star"],"picked":"Runic Pyramid"},{"not_picked":["construct:ClawGrip","Electric Blood"],"picked":"construct:WeddingRing"}],"items_purged_floors":[],"is_endless":false,"potions_floor_spawned":[1,4,8,14,21,22,31,33,37,39,42,44,47,54],"ascension_level":0}}