{"host":"63yhhrjweyj22b0v","time":1608022300,"event":{"mods":["BaseMod","Minty Spire (QoL Compilation)","Quick Restart"],"gold_per_floor":[112,63,63,15,15,15,33,52,52,122,122,156,156,181,181,310,373,391,391,409,57,1,1,31,43,43,43,57,69,20,39,39,135,135,155,174,174,186,186,186,186],"floor_reached":40,"playtime":1530,"items_purged":["Defend_B"],"score":451,"play_id":"68b217ee-90db-4028-b286-29e57512faa9","local_time":"20201215025140","is_ascension_mode":true,"campfire_choices":[{"data":"Zap","floor":6,"key":"SMITH"},{"floor":13,"key":"REST"},{"data":"Multi-Cast","floor":15,"key":"SMITH"},{"floor":23,"key":"REST"},{"floor":27,"key":"REST"},{"data":"Dualcast","floor":32,"key":"SMITH"}],"circlet_count":0,"master_deck":["Zap+1","Dualcast+1","Sweeping Beam","Beam Cell+1","Ball Lightning+1","Conserve Battery","Multi-Cast+1","Auto Shields","Self Repair+1","Electrodynamics","Self Repair","Ball Lightning","Self Repair","Ball Lightning","Conserve Battery+1","All For One","Buffer","Leap","Consume","Recycle","Machine Learning","Defragment","Hello World","Core Surge","Auto Shields+1","Melter+1","Ball Lightning+1"],"relics":["Cracked Core","NeowsBlessing","Centennial Puzzle","Bloody Idol","Bag of Preparation","Tiny House","ClockworkSouvenir","Blood Vial","Whetstone","Symbiotic Virus","Pandora\u0027s Box","Bottled Lightning"],"acts_visited":["Exordium","TheCity","TheBeyond"],"potions_floor_usage":[14,24,25,31,33,33,40],"damage_taken":[{"damage":0,"enemies":"Small Slimes","floor":1,"turns":1},{"damage":0,"enemies":"Jaw Worm","floor":7,"turns":1},{"damage":0,"enemies":"Cultist","floor":8,"turns":1},{"damage":11,"enemies":"Gremlin Nob","floor":12,"turns":3},{"damage":0,"enemies":"Large Slime","floor":14,"turns":4},{"damage":31,"enemies":"The Guardian","floor":16,"turns":10},{"damage":38,"enemies":"Shell Parasite","floor":18,"turns":7},{"damage":12,"enemies":"2 Thieves","floor":20,"turns":3},{"damage":74,"enemies":"Book of Stabbing","floor":24,"turns":6},{"damage":28,"enemies":"Shelled Parasite and Fungi","floor":25,"turns":5},{"damage":35,"enemies":"Centurion and Healer","floor":28,"turns":6},{"damage":6,"enemies":"Snecko","floor":29,"turns":4},{"damage":30,"enemies":"Shelled Parasite and Fungi","floor":31,"turns":4},{"damage":59,"enemies":"Automaton","floor":33,"turns":9},{"damage":0,"enemies":"3 Shapes","floor":35,"turns":3},{"damage":13,"enemies":"Orb Walker","floor":36,"turns":4},{"damage":42,"enemies":"Maw","floor":38,"turns":8},{"damage":97,"enemies":"Nemesis","floor":40,"turns":7}],"seed_played":"9064327950618436345","potions_obtained":[{"floor":1,"key":"Swift Potion"},{"floor":14,"key":"Regen Potion"},{"floor":17,"key":"CultistPotion"},{"floor":18,"key":"AttackPotion"},{"floor":24,"key":"SpeedPotion"},{"floor":35,"key":"PowerPotion"}],"is_trial":false,"path_per_floor":["M","$","?","$","?","R","M","M","T","?","?","E","R","M","R","B",null,"M","?","M","$","?","R","E","M","T","R","M","M","$","M","R","B",null,"M","M","?","M","T","E"],"character_chosen":"DEFECT","items_purchased":["Beam Cell","Ball Lightning","ClockworkSouvenir","Ball Lightning","Self Repair","Block Potion"],"campfire_rested":3,"item_purchase_floors":[2,4,21,21,21,30],"current_hp_per_floor":[75,75,80,80,80,80,80,80,80,80,60,49,73,73,73,49,85,57,57,55,55,55,80,37,54,54,79,75,85,85,84,84,55,85,85,85,85,72,72,0,0],"gold":186,"neow_bonus":"THREE_ENEMY_KILL","is_daily":false,"chose_seed":false,"campfire_upgraded":3,"win_rate":0.0,"timestamp":1608022300,"path_taken":["M","$","?","$","?","R","M","?","T","?","?","E","R","M","R","BOSS","M","?","M","$","?","R","E","M","T","R","M","M","$","?","R","BOSS","M","M","?","M","?","E"],"items_purchased_type":["Card","Card","Relic","Card","Card","Potion"],"build_version":"2020-12-13","purchased_purges":1,"victory":false,"max_hp_per_floor":[75,75,80,80,80,80,80,80,80,80,80,80,80,80,80,80,85,85,85,85,85,85,85,85,85,85,85,85,85,85,85,85,85,85,85,85,85,85,85,85,85],"card_choices":[{"not_picked":["Chaos","Scrape"],"picked":"Sweeping Beam","floor":1},{"not_picked":["Redo","Turbo"],"picked":"Conserve Battery","floor":7},{"not_picked":["Steam","Stack"],"picked":"Multi-Cast","floor":8},{"not_picked":["Aggregate","Fusion"],"picked":"Auto Shields","floor":12},{"not_picked":["Cold Snap","Hologram"],"picked":"Self Repair","floor":14},{"not_picked":["Echo Form","Core Surge"],"picked":"Electrodynamics","floor":16},{"not_picked":["Steam Power+1","Stack","Compile Driver"],"picked":"SKIP","floor":18},{"not_picked":["Rebound","Skim+1"],"picked":"Self Repair","floor":20},{"not_picked":["Streamline+1","Barrage"],"picked":"Ball Lightning","floor":24},{"not_picked":["Sweeping Beam","Stack","Cold Snap+1"],"picked":"SKIP","floor":25},{"not_picked":["Rip and Tear+1","Hologram"],"picked":"Conserve Battery+1","floor":28},{"not_picked":["Fusion","Sunder"],"picked":"All For One","floor":29},{"not_picked":["Sweeping Beam","Hologram","Leap"],"picked":"SKIP","floor":31},{"not_picked":["Multi-Cast","Electrodynamics"],"picked":"Buffer","floor":33},{"not_picked":["Aggregate+1","Recycle+1"],"picked":"Auto Shields+1","floor":35},{"not_picked":["Gash+1","Fusion"],"picked":"Melter+1","floor":36},{"not_picked":["Steam","Glacier+1"],"picked":"Ball Lightning+1","floor":38}],"player_experience":586466,"relics_obtained":[{"floor":9,"key":"Centennial Puzzle"},{"floor":12,"key":"Bag of Preparation"},{"floor":24,"key":"Whetstone"},{"floor":26,"key":"Symbiotic Virus"},{"floor":39,"key":"Bottled Lightning"}],"event_choices":[{"damage_healed":0,"gold_gain":0,"player_choice":"Donut","damage_taken":0,"max_hp_gain":5,"max_hp_loss":0,"event_name":"Big Fish","floor":3,"gold_loss":0},{"damage_healed":0,"gold_gain":0,"player_choice":"Upgraded","damage_taken":0,"max_hp_gain":0,"max_hp_loss":0,"event_name":"Upgrade Shrine","floor":5,"gold_loss":0,"cards_upgraded":["Ball Lightning"]},{"damage_healed":0,"gold_gain":70,"player_choice":"Gained Gold","damage_taken":0,"max_hp_gain":0,"max_hp_loss":0,"event_name":"Golden Wing","floor":10,"gold_loss":0},{"damage_healed":0,"gold_gain":0,"player_choice":"Take Damage","damage_taken":20,"relics_obtained":["Golden Idol"],"max_hp_gain":0,"max_hp_loss":0,"event_name":"Golden Idol","floor":11,"gold_loss":0},{"damage_healed":0,"gold_gain":0,"player_choice":"Gave Idol","damage_taken":0,"relics_obtained":["Bloody Idol"],"max_hp_gain":0,"max_hp_loss":0,"event_name":"Forgotten Altar","floor":19,"relics_lost":["Golden Idol"],"gold_loss":0},{"damage_healed":0,"gold_gain":0,"player_choice":"Paid Gold","damage_taken":0,"relics_obtained":["Blood Vial"],"max_hp_gain":0,"max_hp_loss":0,"event_name":"WeMeetAgain","floor":22,"gold_loss":56},{"damage_healed":0,"gold_gain":0,"player_choice":"Ignored","damage_taken":0,"max_hp_gain":0,"max_hp_loss":0,"event_name":"Tomb of Lord Red Mask","floor":37,"gold_loss":0}],"is_beta":false,"boss_relics":[{"not_picked":["Astrolabe","Runic Pyramid"],"picked":"Tiny House"},{"not_picked":["Black Star","Calling Bell"],"picked":"Pandora\u0027s Box"}],"items_purged_floors":[21],"is_endless":false,"potions_floor_spawned":[1,7,14,18,24,31,35],"killed_by":"Nemesis","ascension_level":1}}