{"host":"qrt7o4dq2qslzw13","time":1608054911,"event":{"mods":["AchievementEnabler","BaseMod","Colored Map","Colored Powertips","Minty Spire (QoL Compilation)","Quick Restart","Rare Cards Sparkle","StSLib","SuperFastMode"],"gold_per_floor":[112,112,112,22,172,172,201,201,283,57,89,12,12,12,12,12,12],"floor_reached":16,"playtime":356,"items_purged":[],"score":304,"play_id":"6e07b9e1-a5c5-431f-b867-2c6d26b652e9","local_time":"20201215125511","is_ascension_mode":true,"campfire_choices":[{"data":"Inflame","floor":6,"key":"SMITH"},{"data":"Twin Strike","floor":8,"key":"SMITH"},{"data":"Armaments","floor":15,"key":"SMITH"}],"circlet_count":0,"master_deck":["AscendersBane","Strike_R","Strike_R","Strike_R","Strike_R+1","Defend_R","Defend_R","Defend_R","Defend_R","Bash+1","Twin Strike+1","Inflame+1","Doubt","Twin Strike","Spot Weakness","Good Instincts","Rampage","Armaments+1","Sever Soul"],"relics":["Burning Blood","NeowsBlessing","Tiny Chest","Sundial","Omamori","Bottled Tornado"],"acts_visited":["Exordium"],"potions_floor_usage":[16],"damage_taken":[{"damage":0,"enemies":"Jaw Worm","floor":1,"turns":1},{"damage":0,"enemies":"3 Sentries","floor":7,"turns":2},{"damage":0,"enemies":"Lagavulin","floor":11,"turns":1},{"damage":74,"enemies":"Hexaghost","floor":16,"turns":9}],"seed_played":"286656052236810171","potions_obtained":[{"floor":7,"key":"Energy Potion"},{"floor":11,"key":"DuplicationPotion"}],"is_trial":false,"path_per_floor":["M","?","?","$","?","R","E","R","T","$","E","$","?","T","R","B"],"character_chosen":"IRONCLAD","items_purchased":["Inflame","Spot Weakness","Good Instincts","Rampage","Sever Soul"],"campfire_rested":0,"item_purchase_floors":[4,10,10,10,12],"current_hp_per_floor":[74,67,44,44,44,44,50,50,50,50,56,56,74,74,74,0,0],"gold":12,"neow_bonus":"THREE_ENEMY_KILL","is_daily":false,"chose_seed":false,"campfire_upgraded":3,"win_rate":0.0,"timestamp":1608054911,"path_taken":["M","?","?","$","?","R","E","R","T","$","E","?","?","?","R","BOSS"],"items_purchased_type":["Card","Card","Card","Card","Card"],"build_version":"2020-12-13","purchased_purges":0,"victory":false,"max_hp_per_floor":[75,75,75,75,75,75,75,75,75,75,75,75,75,75,75,75,75],"card_choices":[{"not_picked":["Iron Wave","Headbutt"],"picked":"Twin Strike","floor":1},{"not_picked":["Clothesline","Clash"],"picked":"Twin Strike","floor":7},{"not_picked":["Rampage","Intimidate"],"picked":"Armaments","floor":11}],"player_experience":455786,"relics_obtained":[{"floor":7,"key":"Tiny Chest"},{"floor":9,"key":"Sundial"},{"floor":11,"key":"Omamori"},{"floor":14,"key":"Bottled Tornado"}],"event_choices":[{"cards_removed":["Strike_R"],"damage_healed":0,"gold_gain":0,"player_choice":"Card Removal","damage_taken":7,"max_hp_gain":0,"max_hp_loss":0,"event_name":"Golden Wing","floor":2,"gold_loss":0},{"damage_healed":0,"gold_gain":0,"player_choice":"Entered Light","damage_taken":23,"max_hp_gain":0,"max_hp_loss":0,"event_name":"Shining Light","floor":3,"gold_loss":0,"cards_upgraded":["Strike_R","Bash"]},{"damage_healed":0,"gold_gain":150,"player_choice":"AGREE","damage_taken":0,"max_hp_gain":0,"max_hp_loss":0,"event_name":"Liars Game","floor":5,"gold_loss":0,"cards_obtained":["Doubt"]},{"damage_healed":18,"gold_gain":0,"player_choice":"Healed and dodged fight","damage_taken":0,"max_hp_gain":0,"max_hp_loss":0,"event_name":"Mushrooms","floor":13,"gold_loss":0,"cards_obtained":["Parasite"]}],"is_beta":false,"boss_relics":[],"items_purged_floors":[],"is_endless":false,"potions_floor_spawned":[7,11],"killed_by":"Hexaghost","ascension_level":20}}