{"host":"tl8jdqk9pnwb74j1","time":1608041945,"event":{"mods":["BaseMod","BetterRewards","Custom Start","Minty Spire (QoL Compilation)","Shop Mod","StSLib","SuperFastMode"],"gold_per_floor":[113,113,132,132,132,132,161,161,161,39,53,66,66,78,78,182,182,202,127,127,143,143,143,153,3,3,3,22,35,35,67,67,168,168,187,38,0,0,48,48,98,114,114,127,159,159,169,181,181,181],"floor_reached":51,"playtime":1427,"items_purged":["Strike_R","Limit Break","Strike_R+1"],"score":845,"play_id":"af0c8ea6-fc16-4e55-ba3f-d249de1d6d26","local_time":"20201215221905","is_ascension_mode":false,"campfire_choices":[{"data":"Armaments","floor":6.0,"key":"SMITH"},{"data":"Ghostly Armor","floor":8.0,"key":"SMITH"},{"data":"Body Slam","floor":13.0,"key":"SMITH"},{"data":"Bash","floor":15.0,"key":"SMITH"},{"data":"Barricade","floor":23.0,"key":"SMITH"},{"data":"Body Slam","floor":27.0,"key":"SMITH"},{"data":"Shrug It Off","floor":30.0,"key":"SMITH"},{"data":"Pummel","floor":32.0,"key":"SMITH"},{"data":"Berserk","floor":40,"key":"SMITH"},{"floor":49,"key":"DIG"}],"circlet_count":0,"master_deck":["Defend_R","Defend_R+1","Bash+1","Armaments+1","Ghostly Armor+1","Shrug It Off+1","Body Slam+1","Barricade+1","Pummel+1","Shrug It Off+1","Entrench+1","Body Slam+1","Berserk+1","True Grit","Shrug It Off","Dual Wield+1","Seeing Red"],"relics":["Burning Blood","NeowsBlessing","Pen Nib","Ornamental Fan","Coffee Dripper","Pear","Singing Bowl","War Paint","Mark of Pain","Red Mask","Shovel","Incense Burner","Bottled Tornado","Happy Flower","Bag of Preparation"],"acts_visited":["Exordium","TheCity","TheBeyond"],"potions_floor_usage":[41],"damage_taken":[{"damage":0.0,"enemies":"Small Slimes","floor":1.0,"turns":1.0},{"damage":0.0,"enemies":"Cultist","floor":3.0,"turns":1.0},{"damage":0.0,"enemies":"Gremlin Nob","floor":7.0,"turns":1.0},{"damage":11.0,"enemies":"Jaw Worm","floor":11.0,"turns":5.0},{"damage":14.0,"enemies":"Exordium Wildlife","floor":12.0,"turns":8.0},{"damage":0.0,"enemies":"Large Slime","floor":14.0,"turns":5.0},{"damage":42.0,"enemies":"The Guardian","floor":16.0,"turns":11.0},{"damage":0.0,"enemies":"Chosen","floor":18.0,"turns":5.0},{"damage":7.0,"enemies":"Shell Parasite","floor":21.0,"turns":6.0},{"damage":0.0,"enemies":"3 Cultists","floor":24.0,"turns":6.0},{"damage":5.0,"enemies":"Sentry and Sphere","floor":28.0,"turns":5.0},{"damage":0.0,"enemies":"Centurion and Healer","floor":29.0,"turns":6.0},{"damage":10.0,"enemies":"Slavers","floor":31.0,"turns":5.0},{"damage":0.0,"enemies":"Collector","floor":33.0,"turns":4.0},{"damage":0.0,"enemies":"Orb Walker","floor":35.0,"turns":3.0},{"damage":40,"enemies":"2 Orb Walkers","floor":39,"turns":7},{"damage":4,"enemies":"Mind Bloom Boss Battle","floor":41,"turns":5},{"damage":21,"enemies":"3 Darklings","floor":42,"turns":8},{"damage":0,"enemies":"Writhing Mass","floor":44,"turns":5},{"damage":0,"enemies":"Nemesis","floor":45,"turns":5},{"damage":0,"enemies":"Sphere and 2 Shapes","floor":47,"turns":6},{"damage":5,"enemies":"Maw","floor":48,"turns":7},{"damage":25,"enemies":"Awakened One","floor":50,"turns":8}],"seed_played":"531478643890335463","potions_obtained":[{"floor":7.0,"key":"Weak Potion"},{"floor":11.0,"key":"SpeedPotion"},{"floor":16.0,"key":"BloodPotion"},{"floor":41,"key":"BloodPotion"}],"is_trial":false,"path_per_floor":["M","?","M","?","?","R","E","R","T","$","M","M","R","M","R","B",null,"M","?","?","M","T","R","M","$","T","R","M","M","R","E","R","B",null,"M","$","?","?","?","R","?","M","T","M","E","?","M","M","R","B",null],"character_chosen":"IRONCLAD","items_purchased":["Shrug It Off","Body Slam","True Grit"],"campfire_rested":0,"item_purchase_floors":[10,25,36],"current_hp_per_floor":[80,73,79,63,63,63,69,69,69,69,64,56,56,62,62,26,80,80,80,80,79,89,89,90,90,90,90,92,94,94,92,92,96,96,98,98,98,93,59,59,81,66,66,74,82,82,88,91,91,72],"gold":181,"neow_bonus":"THREE_ENEMY_KILL","is_daily":false,"chose_seed":false,"campfire_upgraded":9,"win_rate":0.0,"timestamp":1608041945,"path_taken":["M","?","M","?","?","R","E","R","T","$","M","M","R","M","R","BOSS","M","?","?","M","?","R","M","$","T","R","M","M","R","E","R","BOSS","M","$","?","?","?","R","?","M","T","M","E","?","M","M","R","BOSS"],"items_purchased_type":["Card","Card","Card"],"build_version":"2020-12-13","purchased_purges":3,"victory":true,"max_hp_per_floor":[80,80,80,80,80,80,80,80,80,80,80,80,80,80,80,80,80,80,80,80,80,90,90,90,90,90,90,92,94,94,96,96,96,96,98,98,98,93,93,93,95,95,95,97,99,99,99,101,101,101],"card_choices":[{"not_picked":["Intimidate","Havoc"],"picked":"Armaments","floor":1.0},{"not_picked":["Searing Blow","Havoc","Headbutt"],"picked":"SKIP","floor":3.0},{"not_picked":["Cleave","Perfected Strike"],"picked":"Ghostly Armor","floor":7.0},{"not_picked":["Carnage","Havoc"],"picked":"Body Slam","floor":11.0},{"not_picked":["Iron Wave","Clothesline"],"picked":"Cleave","floor":12.0},{"not_picked":["Wild Strike","Warcry","Headbutt"],"picked":"SKIP","floor":14.0},{"not_picked":["Double Tap","Juggernaut"],"picked":"Barricade","floor":16.0},{"not_picked":["Sword Boomerang+1","Wild Strike","Combust"],"picked":"SKIP","floor":18.0},{"not_picked":["Flex","Clothesline+1"],"picked":"Shrug It Off","floor":21.0},{"not_picked":["Blood for Blood","Perfected Strike"],"picked":"Entrench+1","floor":24.0},{"not_picked":["Rupture","Power Through+1","Wild Strike"],"picked":"Singing Bowl","floor":28.0},{"not_picked":["Heavy Blade","Limit Break","Perfected Strike+1"],"picked":"Singing Bowl","floor":29.0},{"not_picked":["Warcry+1","Sentinel+1","Perfected Strike"],"picked":"Singing Bowl","floor":31.0},{"not_picked":["Limit Break","Double Tap"],"picked":"Berserk","floor":33.0},{"not_picked":["Sentinel","Power Through","Heavy Blade"],"picked":"Singing Bowl","floor":35.0},{"not_picked":["Infernal Blade","Warcry"],"picked":"Shrug It Off","floor":39},{"not_picked":["Clothesline+1","Clash","Twin Strike+1"],"picked":"Singing Bowl","floor":41},{"not_picked":["Juggernaut","Body Slam"],"picked":"Dual Wield+1","floor":42},{"not_picked":["Blood for Blood+1","Pommel Strike","Clash+1"],"picked":"Singing Bowl","floor":44},{"not_picked":["Wild Strike+1","Sword Boomerang+1","Heavy Blade+1"],"picked":"Singing Bowl","floor":45},{"not_picked":["Clash+1","Sword Boomerang+1"],"picked":"Seeing Red","floor":47},{"not_picked":["Spot Weakness+1","Clothesline","Intimidate+1"],"picked":"Singing Bowl","floor":48}],"player_experience":944332,"relics_obtained":[{"floor":7.0,"key":"Pen Nib"},{"floor":9.0,"key":"Ornamental Fan"},{"floor":22.0,"key":"Pear"},{"floor":26.0,"key":"Singing Bowl"},{"floor":31.0,"key":"War Paint"},{"floor":39,"key":"Shovel"},{"floor":41,"key":"Incense Burner"},{"floor":43,"key":"Bottled Tornado"},{"floor":45,"key":"Happy Flower"},{"floor":49,"key":"Bag of Preparation"}],"event_choices":[{"cards_removed":["Strike_R"],"damage_healed":0.0,"max_hp_gain":0.0,"max_hp_loss":0.0,"gold_gain":0.0,"event_name":"Golden Wing","player_choice":"Card Removal","floor":2.0,"gold_loss":0.0,"damage_taken":7.0},{"damage_healed":0.0,"max_hp_gain":0.0,"max_hp_loss":0.0,"gold_gain":0.0,"event_name":"Shining Light","player_choice":"Entered Light","floor":4.0,"gold_loss":0.0,"damage_taken":16.0,"cards_upgraded":["Defend_R","Strike_R"]},{"cards_removed":["Strike_R"],"damage_healed":0.0,"max_hp_gain":0.0,"max_hp_loss":0.0,"gold_gain":0.0,"event_name":"Purifier","player_choice":"Purged","floor":5.0,"gold_loss":0.0,"damage_taken":0.0},{"cards_removed":["Strike_R"],"damage_healed":0.0,"max_hp_gain":0.0,"max_hp_loss":0.0,"gold_gain":0.0,"event_name":"Beggar","player_choice":"Gave Gold","floor":19.0,"gold_loss":75.0,"damage_taken":0.0},{"damage_healed":0.0,"max_hp_gain":0.0,"max_hp_loss":0.0,"gold_gain":0.0,"cards_transformed":["Defend_R","Cleave"],"event_name":"Drug Dealer","player_choice":"Became Test Subject","floor":20.0,"gold_loss":0.0,"damage_taken":0.0,"cards_obtained":["Limit Break","Pummel"]},{"damage_healed":0.0,"max_hp_gain":0.0,"max_hp_loss":0.0,"gold_gain":0.0,"event_name":"Tomb of Lord Red Mask","player_choice":"Paid","floor":37.0,"gold_loss":38.0,"damage_taken":0.0,"relics_obtained":["Red Mask"]},{"damage_healed":0.0,"max_hp_gain":0.0,"max_hp_loss":5.0,"gold_gain":0.0,"event_name":"Winding Halls","player_choice":"Max HP","floor":38.0,"gold_loss":0.0,"damage_taken":0.0},{"damage_healed":0,"gold_gain":0,"player_choice":"Fight","damage_taken":0,"max_hp_gain":0,"max_hp_loss":0,"event_name":"Mysterious Sphere","floor":39,"gold_loss":0},{"damage_healed":0,"gold_gain":0,"player_choice":"Fight","damage_taken":0,"max_hp_gain":0,"max_hp_loss":0,"event_name":"MindBloom","floor":41,"gold_loss":0},{"cards_removed":["Defend_R"],"damage_healed":0,"gold_gain":0,"player_choice":"Removed Skill","damage_taken":0,"max_hp_gain":0,"max_hp_loss":0,"event_name":"Falling","floor":46,"gold_loss":0}],"is_beta":false,"boss_relics":[{"not_picked":["SlaversCollar","Runic Pyramid"],"picked":"Coffee Dripper"},{"not_picked":["Snecko Eye","Fusion Hammer"],"picked":"Mark of Pain"}],"items_purged_floors":[10,25,36],"is_endless":false,"potions_floor_spawned":[7,11,16,18,29,39,41,42],"ascension_level":0}}