{"host":"otf1z5955ddlv5pq","time":1608007615,"event":{"mods":["BaseMod","Beaked The Cultist","Better Altar","Better Match","Better Note","Better Sensory Stone","Better Skull","Better Third Choice","Colored Map","Colored Powertips","Downfall","Minty Spire (QoL Compilation)","Rare Cards Sparkle","Replay The Spire","StSLib"],"gold_per_floor":[109,109,34,34,89,89,89,89,122,122,122,122,140,140,153,53,53,149,149,114,133,133,149,166,166,63,63,63],"floor_reached":27,"playtime":2409,"items_purged":["Strike_G","Strike_G"],"score":251,"play_id":"548fe32f-6587-4bc3-88c7-8cf8c6b1156c","local_time":"20201214204655","is_ascension_mode":true,"campfire_choices":[{"floor":6.0,"key":"REST"},{"floor":10.0,"key":"REST"},{"floor":17.0,"key":"REST"}],"circlet_count":0,"master_deck":["Strike_G","Defend_G","Defend_G","Survivor+1","Neutralize","Cloak And Dagger","SpiritShield","Infinite Blades","Dodge and Roll","Seek","After Image","Fluid Movement","Caltrops","ReplayTheSpireMod:Speed Training","Dagger Throw","Prepared","Footwork","Delirium","Glass Knife+1"],"relics":["Ring of the Snake","Mercury Hourglass","Du-Vu Doll","Eternal Feather","Empty Cage","Ring of Fangs","ReplayTheSpireMod:Ring of Addiction","Toy Ornithopter","Chameleon Ring"],"acts_visited":["Exordium","TheCity"],"potions_floor_usage":[24,27,27],"damage_taken":[{"damage":0.0,"enemies":"2 Louse","floor":1.0,"turns":4.0},{"damage":14.0,"enemies":"3 Sentries","floor":9.0,"turns":8.0},{"damage":2.0,"enemies":"Small Slimes","floor":13.0,"turns":3.0},{"damage":0.0,"enemies":"Jaw Worm","floor":15.0,"turns":4.0},{"damage":29.0,"enemies":"The Guardian","floor":18.0,"turns":19.0},{"damage":11.0,"enemies":"2 Thieves","floor":20.0,"turns":5.0},{"damage":3,"enemies":"Spheric Guardian","floor":21,"turns":12},{"damage":15,"enemies":"Shelled Parasite and Fungi","floor":23,"turns":8},{"damage":14,"enemies":"Snecko","floor":24,"turns":8},{"damage":61,"enemies":"Gremlin Leader","floor":27,"turns":7}],"seed_played":"2169400283879201025","potions_obtained":[{"floor":5.0,"key":"Milkshake"},{"floor":9.0,"key":"Dexterity Potion"},{"floor":13.0,"key":"Explosive Potion"},{"floor":20.0,"key":"PowerPotion"},{"floor":25,"key":"Cursed Concoction"},{"floor":25,"key":"Regen Potion"},{"floor":25,"key":"Block Potion"}],"is_trial":false,"path_per_floor":["M","?","$","?","?","R","PTL","PTL","E","R","T","?","M","?","M","$","R","B",null,"M","M","?","M","M","?","$","E"],"character_chosen":"THE_SILENT","items_purchased":["Glass Knife+1"],"campfire_rested":3,"item_purchase_floors":[26],"current_hp_per_floor":[70,50,50,50,22,43,43,43,29,50,50,43,41,41,41,41,70,41,70,59,56,56,41,27,27,27,0,0],"gold":63,"neow_bonus":"UPGRADE_CARD","is_daily":false,"chose_seed":false,"campfire_upgraded":0,"win_rate":0.0,"timestamp":1608007615,"path_taken":["M","?","$","?","?","R","PTL","PTL","E","R","T","?","M","?","?","$","R","BOSS","M","?","?","M","M","?","$","E"],"items_purchased_type":["Card"],"build_version":"2020-12-13","purchased_purges":2,"victory":false,"max_hp_per_floor":[70,70,70,70,70,70,70,70,70,70,70,70,70,70,70,70,70,70,70,70,70,70,70,70,70,70,70,70],"card_choices":[{"not_picked":["Setup","Prepared"],"picked":"Cloak And Dagger","floor":1.0},{"not_picked":["Setup","Acrobatics"],"picked":"Infinite Blades","floor":5.0},{"not_picked":["Expertise","Deflect"],"picked":"Dodge and Roll","floor":9.0},{"not_picked":["Outmaneuver","Dagger Spray","PiercingWail"],"picked":"SKIP","floor":13.0},{"not_picked":["Terror","ReplayTheSpireMod:Shiv Toss"],"picked":"After Image","floor":15.0},{"not_picked":["Sucker Punch","Quick Slash"],"picked":"Fluid Movement","floor":20.0},{"not_picked":["Acrobatics+1","ReplayTheSpireMod:The Works"],"picked":"Caltrops","floor":21},{"not_picked":["Acrobatics","Flying Knee"],"picked":"Prepared","floor":23},{"not_picked":["Underhanded Strike","Dodge and Roll"],"picked":"Footwork","floor":24}],"player_experience":900979,"relics_obtained":[{"floor":5.0,"key":"Mercury Hourglass"},{"floor":9.0,"key":"Du-Vu Doll"},{"floor":11.0,"key":"Eternal Feather"},{"floor":25,"key":"Ring of Fangs"},{"floor":25,"key":"ReplayTheSpireMod:Ring of Addiction"},{"floor":25,"key":"Toy Ornithopter"},{"floor":25,"key":"Chameleon Ring"}],"event_choices":[{"damage_healed":0.0,"max_hp_gain":0.0,"max_hp_loss":0.0,"gold_gain":1.0,"event_name":"betterThird:BetterScrap","player_choice":"Card ","floor":2.0,"gold_loss":0.0,"damage_taken":20.0,"cards_obtained":["SpiritShield","Seek"]},{"damage_healed":0.0,"max_hp_gain":0.0,"max_hp_loss":0.0,"gold_gain":0.0,"event_name":"betterThird:BetterSerpent","player_choice":"Ignored","floor":4.0,"gold_loss":0.0,"damage_taken":34.0},{"cards_removed":["Defend_G"],"damage_healed":0.0,"max_hp_gain":0.0,"max_hp_loss":0.0,"gold_gain":0.0,"event_name":"Golden Wing","player_choice":"Card Removal","floor":12.0,"gold_loss":0.0,"damage_taken":7.0},{"damage_healed":0.0,"max_hp_gain":0.0,"max_hp_loss":0.0,"gold_gain":1.0,"event_name":"betterStone:BetterStone","player_choice":"4","floor":14.0,"gold_loss":0.0,"damage_taken":0.0,"cards_obtained":["Seek"]},{"damage_healed":0,"gold_gain":0,"cards_transformed":["Strike_G","Defend_G"],"player_choice":"Became Test Subject","damage_taken":0,"max_hp_gain":0,"max_hp_loss":0,"event_name":"Drug Dealer","floor":22,"gold_loss":0,"cards_obtained":["ReplayTheSpireMod:Speed Training","Dagger Throw"]}],"is_beta":false,"boss_relics":[{"not_picked":["Runic Dome","Tiny House"],"picked":"Empty Cage"}],"items_purged_floors":[3,16],"is_endless":false,"potions_floor_spawned":[9,13,20],"killed_by":"Gremlin Leader","ascension_level":4}}