{"host":"7g4k6gexjz765cnk","time":1608041864,"event":{"mods":["BaseMod","Colored Map","Minty Spire (QoL Compilation)","Shop Mod"],"gold_per_floor":[115,115,2,2,2,28,44,44,44,77,77,88,108,122,122,221,221,232,81,81,6,12,12,12],"floor_reached":23,"playtime":1115,"items_purged":["Strike_G"],"score":258,"play_id":"bd8d266c-3ddd-4de2-9c57-8ea73e24cd13","local_time":"20201215151744","is_ascension_mode":true,"campfire_choices":[{"data":"Footwork","floor":8,"key":"SMITH"},{"data":"Outmaneuver","floor":11,"key":"SMITH"},{"data":"Deadly Poison","floor":15,"key":"SMITH"}],"circlet_count":0,"master_deck":["Strike_G","Strike_G","Defend_G","Defend_G","Defend_G","Defend_G","Defend_G","Survivor","Neutralize","Backflip","Footwork+1","Crippling Poison","Well Laid Plans","Outmaneuver+1","Deadly Poison+1","Night Terror","Acrobatics","Noxious Fumes","Shame","Catalyst"],"relics":["Ring of the Serpent","NeowsBlessing","Strawberry","Singing Bowl","Ginger"],"acts_visited":["Exordium","TheCity"],"potions_floor_usage":[13,13,22,23],"damage_taken":[{"damage":0,"enemies":"Cultist","floor":1,"turns":1},{"damage":0,"enemies":"3 Sentries","floor":6,"turns":2},{"damage":0,"enemies":"Small Slimes","floor":7,"turns":1},{"damage":32,"enemies":"Lagavulin","floor":10,"turns":12},{"damage":4,"enemies":"2 Louse","floor":12,"turns":4},{"damage":3,"enemies":"Looter","floor":13,"turns":3},{"damage":0,"enemies":"3 Louse","floor":14,"turns":5},{"damage":23,"enemies":"Hexaghost","floor":16,"turns":11},{"damage":29,"enemies":"3 Byrds","floor":18,"turns":8},{"damage":11,"enemies":"2 Thieves","floor":22,"turns":4},{"damage":42,"enemies":"Book of Stabbing","floor":23,"turns":7}],"seed_played":"-4559924114659570291","potions_obtained":[{"floor":10,"key":"Poison Potion"},{"floor":12,"key":"LiquidBronze"},{"floor":16,"key":"Swift Potion"},{"floor":18,"key":"DistilledChaos"}],"is_trial":false,"path_per_floor":["M","$","$","?","$","E","M","R","T","E","R","M","M","M","R","B",null,"M","$","?","?","M","E"],"character_chosen":"THE_SILENT","items_purchased":["Footwork","Crippling Poison","Noxious Fumes"],"campfire_rested":0,"item_purchase_floors":[3,3,19],"current_hp_per_floor":[70,70,70,70,70,77,77,77,77,45,45,43,42,42,42,19,81,52,52,52,52,41,0,0],"gold":12,"neow_bonus":"THREE_ENEMY_KILL","is_daily":false,"chose_seed":false,"campfire_upgraded":3,"win_rate":0.0,"timestamp":1608041864,"path_taken":["M","?","$","?","$","E","M","R","T","E","R","M","M","?","R","BOSS","M","$","?","?","M","E"],"items_purchased_type":["Card","Card","Card"],"build_version":"2020-12-13","purchased_purges":1,"victory":false,"max_hp_per_floor":[70,70,70,70,70,77,77,77,77,77,77,79,81,81,81,81,81,81,81,81,81,81,81,81],"card_choices":[{"not_picked":["Bane","Dagger Throw"],"picked":"Backflip","floor":1},{"not_picked":["Choke","Dagger Spray","Venomology"],"picked":"SKIP","floor":6},{"not_picked":["Dagger Spray","PiercingWail"],"picked":"Well Laid Plans","floor":7},{"not_picked":["Prepared","Grand Finale"],"picked":"Outmaneuver","floor":10},{"not_picked":["Terror","Well Laid Plans","Deflect"],"picked":"Singing Bowl","floor":12},{"not_picked":["Dagger Throw","Outmaneuver","Skewer"],"picked":"Singing Bowl","floor":13},{"not_picked":["Caltrops","Bane"],"picked":"Deadly Poison","floor":14},{"not_picked":["Malaise","Venomology"],"picked":"Night Terror","floor":16},{"not_picked":["Poisoned Stab","Dash"],"picked":"Acrobatics","floor":18},{"not_picked":["Dodge and Roll+1","Sucker Punch"],"picked":"Catalyst","floor":22}],"player_experience":359038,"relics_obtained":[{"floor":6,"key":"Strawberry"},{"floor":10,"key":"Singing Bowl"}],"event_choices":[{"cards_removed":["Strike_G"],"damage_healed":0,"gold_gain":0,"player_choice":"Purged","damage_taken":0,"max_hp_gain":0,"max_hp_loss":0,"event_name":"Purifier","floor":4,"gold_loss":0},{"damage_healed":0,"gold_gain":0,"player_choice":"Stole Relic","damage_taken":0,"relics_obtained":["Ginger"],"max_hp_gain":0,"max_hp_loss":0,"event_name":"Addict","floor":20,"gold_loss":0,"cards_obtained":["Shame"]},{"cards_removed":["Strike_G"],"damage_healed":0,"gold_gain":0,"player_choice":"Gave Gold","damage_taken":0,"max_hp_gain":0,"max_hp_loss":0,"event_name":"Beggar","floor":21,"gold_loss":75}],"is_beta":false,"boss_relics":[{"not_picked":["Snecko Eye","Pandora\u0027s Box"],"picked":"Ring of the Serpent"}],"items_purged_floors":[19],"is_endless":false,"potions_floor_spawned":[10,12,16,18],"killed_by":"Book of Stabbing","ascension_level":3}}