{"host":"oc9j5nmpwz4e9fqj","time":1608012361,"event":{"mods":["AchievementEnabler","BaseMod","Conspire","KomeijiMod","Minty Spire (QoL Compilation)","Quick Restart","Replay The Spire","Shop Mod","StSLib","TestMod","Yuri Mod","[IsaacMod]ÒÔÈö¼âËþ"],"gold_per_floor":[15,30,455,777,300,300,726,726,726,762,662,662,1000,1030,1030,3025,3025,3490,3440,3487,3854,3534,3569,2905,2984,2984,3019,3153,3223,3223,3319,3319,5270,5270,5795,5795,5503,5503,5985,6317,6822,6822,6822,7315,7004,7415,7447,7767,7767,7780,7780,7780,7780,7818,7835],"floor_reached":56,"playtime":3588,"items_purged":["Strike_B","Strike_B","Strike_B","Strike_B"],"score":1634,"play_id":"7b60ec62-968d-4b4a-a2e7-4e7fb85c587b","local_time":"20201215150601","is_ascension_mode":true,"campfire_choices":[{"floor":6,"key":"RECALL"},{"data":"Zap","floor":8,"key":"SMITH"},{"floor":15,"key":"REST"},{"floor":32,"key":"REST"},{"floor":42,"key":"REST"},{"data":"Loop","floor":49,"key":"SMITH"},{"data":"ElectricPowerLearning","floor":52,"key":"SMITH"}],"circlet_count":0,"master_deck":["Defend_B","Defend_B","Defend_B","Zap+1","Dualcast","ElectricPowerLearning+1","Loop+1","Capacitor+1","Thunder Strike","Redo+1","Ball Lightning","Reboot","Leap+1","Defragment+1"],"relics":["Cracked Core","testmod-TestBox","HushsDoor","DoctorsRemote","testmod-TheFather","HandDrill","conspire:Dentures","ReplayTheSpireMod:TigerMarble","D6","Quantum Egg","conspire:Flyswatter","TheBible","testmod-LifeArmor","BookOfRevelations","Solar Panel","Regal Pillow","conspire:GiftBox","Torii","testmod-Antiphasic","Bird Faced Urn","Blue Candle","Gremlin Food","Molten Egg 2","Geode","Singing Bowl","Snack Pack","Golden Egg","DataDisk","Omamori","BookofShadows","MealTicket","Lee\u0027s Waffle","Carrot","Incense Burner"],"acts_visited":["Exordium","TheCity","TheBeyond","TheEnding"],"potions_floor_usage":[18,23,25,28,29,41,44,46],"damage_taken":[{"damage":0.0,"enemies":"Small Slimes","floor":1.0,"turns":2.0},{"damage":2.0,"enemies":"Jaw Worm","floor":2.0,"turns":3.0},{"damage":3,"enemies":"conspire:RoseBush","floor":3,"turns":2},{"damage":2,"enemies":"Looter","floor":4,"turns":4},{"damage":8,"enemies":"Blue Slaver","floor":7,"turns":3},{"damage":0,"enemies":"3 Sentries","floor":10,"turns":1},{"damage":7,"enemies":"2 Fungi Beasts","floor":13,"turns":3},{"damage":45,"enemies":"Lagavulin","floor":14,"turns":7},{"damage":19,"enemies":"Hexaghost","floor":16,"turns":8},{"damage":26,"enemies":"Chosen","floor":18,"turns":5},{"damage":18,"enemies":"2 Thieves","floor":21,"turns":3},{"damage":2,"enemies":"Book of Stabbing","floor":23,"turns":5},{"damage":5,"enemies":"conspire:Head Lice","floor":25,"turns":5},{"damage":3,"enemies":"Slavers","floor":27,"turns":2},{"damage":28,"enemies":"Colosseum Slavers","floor":28,"turns":4},{"damage":1,"enemies":"Colosseum Nobs","floor":28,"turns":3},{"damage":9,"enemies":"Gremlin Leader","floor":29,"turns":5},{"damage":15,"enemies":"conspire:Head Lice","floor":31,"turns":6},{"damage":52,"enemies":"Automaton","floor":33,"turns":10},{"damage":16,"enemies":"3 Darklings","floor":35,"turns":3},{"damage":12,"enemies":"Orb Walker","floor":39,"turns":3},{"damage":73,"enemies":"Writhing Mass","floor":40,"turns":6},{"damage":0,"enemies":"Transient","floor":41,"turns":5},{"damage":37,"enemies":"Maw","floor":44,"turns":6},{"damage":59,"enemies":"Spire Growth","floor":46,"turns":5},{"damage":7,"enemies":"R_Hoarder","floor":47,"turns":9},{"damage":23,"enemies":"Sphere and 2 Shapes","floor":48,"turns":4},{"damage":19,"enemies":"Donu and Deca","floor":50,"turns":3},{"damage":69,"enemies":"Shield and Spear","floor":54,"turns":7},{"damage":8,"enemies":"The Heart","floor":55,"turns":6}],"seed_played":"2018257124815292692","potions_obtained":[{"floor":4,"key":"DistilledChaos"},{"floor":13,"key":"Flashbang"},{"floor":18,"key":"Fire Potion"},{"floor":23,"key":"FairyPotion"},{"floor":28,"key":"Toxic Potion"},{"floor":39,"key":"FocusPotion"},{"floor":39,"key":"FearPotion"},{"floor":41,"key":"testmod-SpacePotion"},{"floor":41,"key":"DistilledChaos"},{"floor":44,"key":"testmod-SpacePotion"},{"floor":44,"key":"Strength Potion"},{"floor":46,"key":"ColorlessPotion"},{"floor":46,"key":"Fruit Juice"}],"is_trial":false,"path_per_floor":["M","M","M","M","$","R","M","R","T","E","$","?","M","E","R","B",null,"M","?","T","M","$","E","$","E","T","E","?","E","T","E","R","B",null,"M","?","$","?","M","M","M","R","T","M","$","M","E","M","R","B",null,"R","$","E","B",null],"character_chosen":"DEFECT","items_purchased":["HandDrill","conspire:Dentures","BookOfRevelations","Ball Lightning","Regal Pillow","conspire:GiftBox","Block Potion","DataDisk","Omamori","MealTicket","Lee\u0027s Waffle"],"campfire_rested":3,"item_purchase_floors":[5,5,22,22,24,24,24,37,37,45,45],"current_hp_per_floor":[75,73,70,68,68,68,60,60,60,60,60,60,53,8,30,11,75,49,49,49,31,31,29,29,32,32,35,16,23,23,22,59,36,88,82,82,82,82,82,28,46,93,93,83,121,79,110,105,105,104,136,136,136,91,110],"gold":7835,"neow_bonus":"THREE_RARE_CARDS","is_daily":false,"chose_seed":false,"campfire_upgraded":3,"win_rate":0.0,"timestamp":1608012361,"path_taken":["M","M","M","M","$","R","M","R","T","E","$","?","M","E","R","BOSS","M","?","?","M","$","E","$","E","T","E","?","E","?","E","R","BOSS","M","?","$","?","M","M","M","R","T","M","$","M","E","M","R","BOSS","R","$","E","BOSS"],"items_purchased_type":["Relic","Relic","Relic","Card","Relic","Relic","Potion","Relic","Relic","Relic","Relic"],"build_version":"2020-12-13","purchased_purges":4,"victory":true,"max_hp_per_floor":[75,75,75,75,75,75,75,75,75,75,75,75,75,75,75,75,75,75,75,75,75,75,75,75,75,75,75,75,75,75,75,75,88,88,92,92,92,92,94,103,107,107,107,114,121,130,132,136,136,136,136,136,136,143,148],"card_choices":[{"not_picked":["Buffer","All For One"],"picked":"ElectricPowerLearning","floor":0.0},{"not_picked":["Steam","Melter","Stack"],"picked":"SKIP","floor":1.0},{"not_picked":["ReplayTheSpireMod:Calculation Training","Stack","BootSequence"],"picked":"SKIP","floor":2},{"not_picked":["ReplaySort","Pulse"],"picked":"Loop","floor":3},{"not_picked":["conspire:Rain","Gash","Pulse"],"picked":"SKIP","floor":3},{"not_picked":["Machine Learning","Conserve Battery"],"picked":"Capacitor","floor":4},{"not_picked":["Panic Button","Coolheaded","Distribution"],"picked":"SKIP","floor":4},{"not_picked":["Capacitor","Doom and Gloom","Beam Cell"],"picked":"SKIP","floor":7},{"not_picked":["Double Energy","Rebound","Storm"],"picked":"SKIP","floor":7},{"not_picked":["Leap","Barrage","ReplayTheSpireMod:Repulse"],"picked":"SKIP","floor":10},{"not_picked":["Hello World","Doom and Gloom","BasicCrystalCard"],"picked":"SKIP","floor":13},{"not_picked":["Sweeping Beam","Panic Button","Tempest"],"picked":"SKIP","floor":13},{"not_picked":["Skim","Lockon","Chaos"],"picked":"SKIP","floor":14},{"not_picked":["All For One","Electrodynamics"],"picked":"Thunder Strike","floor":16},{"not_picked":["White Noise","Aggregate"],"picked":"Redo","floor":18},{"not_picked":["Rebound","Compile Driver+1","FIFO Queue+1"],"picked":"SKIP","floor":18},{"not_picked":["Conserve Battery","Streamline","BasicCrystalCard"],"picked":"SKIP","floor":21},{"not_picked":["Barrage","Panic Button+1","Chaos"],"picked":"SKIP","floor":21},{"not_picked":["Rebound","BasicCrystalCard","Loop"],"picked":"SKIP","floor":23},{"not_picked":["ReplayTheSpireMod:Fabricate Wheel","Seek"],"picked":"Reboot","floor":24},{"not_picked":["Machine Learning","Force Field","Recycle"],"picked":"SKIP","floor":25},{"not_picked":["BasicCrystalCard","ReplayTheSpireMod:Dual Polarity","Rip and Tear"],"picked":"SKIP","floor":27},{"not_picked":["Distribution","Turbo","Melter"],"picked":"SKIP","floor":29},{"not_picked":["Hyperbeam+1","Go for the Eyes+1","Sunder+1"],"picked":"SKIP","floor":31},{"not_picked":["Reboot","ReplayRNGCard","Hyperbeam+1"],"picked":"Singing Bowl","floor":33},{"not_picked":["Echo Form","Rainbow","Multi-Cast"],"picked":"Singing Bowl","floor":33},{"not_picked":["Electrodynamics","ReplayRNGCard","Buffer"],"picked":"Singing Bowl","floor":33},{"not_picked":["ReplayTheSpireMod:Fabricate Wheel","ElectricPowerLearning","Echo Form"],"picked":"Singing Bowl","floor":33},{"not_picked":["Coolheaded","ReplaySort","Gash+1"],"picked":"Singing Bowl","floor":35},{"not_picked":["Cancel","Auto Shields+1","Stack"],"picked":"Singing Bowl","floor":35},{"not_picked":["Auto Shields","Turbo+1"],"picked":"Leap+1","floor":39},{"not_picked":["Sunder+1","Scrape+1","BasicCrystalCard"],"picked":"Singing Bowl","floor":39},{"not_picked":["Heatsinks","Hologram+1","Conserve Battery"],"picked":"Singing Bowl","floor":40},{"not_picked":["Redo","Fusion","Aggregate+1"],"picked":"Singing Bowl","floor":40},{"not_picked":["Redo","Barrage+1","ReplaySort"],"picked":"Singing Bowl","floor":41},{"not_picked":["Panic Button","Gash+1","Doom and Gloom+1"],"picked":"Singing Bowl","floor":41},{"not_picked":["Streamline+1","Cold Snap+1","Time Bomb+1"],"picked":"Singing Bowl","floor":44},{"not_picked":["Panic Button","Streamline+1"],"picked":"Defragment+1","floor":44},{"not_picked":["Seek","Sweeping Beam+1","Steam+1"],"picked":"Singing Bowl","floor":46},{"not_picked":["Cold Snap+1","Crystallizer","Panic Button+1"],"picked":"Singing Bowl","floor":46},{"not_picked":["Leap","Reprogram+1","Defragment"],"picked":"Singing Bowl","floor":47},{"not_picked":["Streamline+1","Ball Lightning+1","Cold Snap+1"],"picked":"Singing Bowl","floor":48},{"not_picked":["ReplayTheSpireMod:GoodbyeWorld+1","Coolheaded+1","Recycle"],"picked":"Singing Bowl","floor":48},{"not_picked":["Scrape+1","ReplayTheSpireMod:Calculation Training+1","Turbo"],"picked":"Singing Bowl","floor":54}],"player_experience":222345,"relics_obtained":[{"floor":10,"key":"ReplayTheSpireMod:TigerMarble"},{"floor":14,"key":"D6"},{"floor":16,"key":"Quantum Egg"},{"floor":16,"key":"conspire:Flyswatter"},{"floor":16,"key":"TheBible"},{"floor":20,"key":"testmod-LifeArmor"},{"floor":23,"key":"Solar Panel"},{"floor":26,"key":"Torii"},{"floor":27,"key":"testmod-Antiphasic"},{"floor":28,"key":"Bird Faced Urn"},{"floor":28,"key":"Blue Candle"},{"floor":29,"key":"Gremlin Food"},{"floor":30,"key":"Molten Egg 2"},{"floor":31,"key":"Geode"},{"floor":33,"key":"Singing Bowl"},{"floor":33,"key":"Snack Pack"},{"floor":33,"key":"Golden Egg"},{"floor":43,"key":"BookofShadows"},{"floor":47,"key":"Carrot"},{"floor":54,"key":"Incense Burner"}],"event_choices":[{"damage_healed":0,"gold_gain":0,"player_choice":"Fled","damage_taken":0,"max_hp_gain":0,"max_hp_loss":0,"event_name":"Scrap Ooze","floor":12,"gold_loss":0},{"damage_healed":0,"gold_gain":0,"player_choice":"Bet on Murderer","damage_taken":0,"max_hp_gain":0,"max_hp_loss":0,"event_name":"The Joust","floor":19,"gold_loss":50},{"damage_healed":0,"gold_gain":0,"player_choice":"Fight","damage_taken":0,"max_hp_gain":0,"max_hp_loss":0,"event_name":"Colosseum","floor":28,"gold_loss":0},{"damage_healed":0,"gold_gain":0,"player_choice":"Fought Nobs","damage_taken":0,"max_hp_gain":0,"max_hp_loss":0,"event_name":"Colosseum","floor":28,"gold_loss":0},{"cards_removed":["Defend_B"],"damage_healed":0,"gold_gain":0,"player_choice":"Removed Skill","damage_taken":0,"max_hp_gain":0,"max_hp_loss":0,"event_name":"Falling","floor":36,"gold_loss":0}],"is_beta":false,"boss_relics":[{"not_picked":["Fusion Hammer","conspire:SeveredTorchhead","testmod-KeyOfTheVoid"]},{"not_picked":["Abe\u0027s Treasure","testmod-CardMagician","testmod-Fanaticism"]}],"items_purged_floors":[5,11,22,24],"is_endless":false,"potions_floor_spawned":[2,3,4,7,13,13,18,18,21,23,28,28,39,39,40,40,41,41,44,44,46,46],"ascension_level":2}}