{"host":"c5zi7xii2asw1e3y","time":1608029075,"event":{"mods":["AchievementEnabler","BaseMod","Block Reminder","Colored Powertips","Downfall","Highlight Path","Hubris","Infinite Spire","Jorbs\u0027s Wanderer Trilogy","Minty Spire (QoL Compilation)","Permanent Neow","Quick Restart","Random Character Button","Replay The Spire","StSLib","The Blue Laboratory","The Cursed","The Jungle"],"gold_per_floor":[14,14,32,44,44,44,44,44,44,44,44,73,88,103,103,205,305,321,321,341,358,358,391,316,316,339,367,367,141,141,141,141,243,243,259,1258,1258,1272,1292,1318,1318,1318,1365,1399,1399,1399,1499,1510,1510,1614,1614,1614],"floor_reached":51,"playtime":7843,"items_purged":["Strike_R","Strike_R","Normality"],"score":964,"play_id":"d656bcee-b324-41e1-91d2-3711a3e440a0","local_time":"20201215114435","is_ascension_mode":false,"campfire_choices":[{"data":"Defend_R","floor":6.0,"key":"SMITH"},{"data":"Flex","floor":8.0,"key":"SMITH"},{"data":"Defend_R+1","floor":10.0,"key":"SMITH"},{"data":"Body Slam","floor":15.0,"key":"SMITH"},{"data":"Defend_R+4","floor":25.0,"key":"SMITH"},{"data":"Feed","floor":28.0,"key":"SMITH"},{"data":"Defend_R+5","floor":32.0,"key":"SMITH"},{"data":"Madness","floor":46,"key":"SMITH"},{"data":"Madness","floor":49,"key":"SMITH"}],"circlet_count":0,"master_deck":["Defend_R","Defend_R+1","Flex+1","Body Slam+1","hubris:ReadiedAction","Feed+1","Feel No Pain+1","ReplayReversal+1","Thunderclap","True Grit","ReplayReversal","Overencumbered","hubris:Lust","ReplayReversal+1","Normality","Life Link","Armaments","Juggernaut","Impervious+1","Impervious+1","Impervious+1","Entrench+1","Entrench+1","Metallicize+1","Metallicize+1","Corruption+1","Defy Death","Guardian:Gem_Cyan","Madness+1","Madness+1","infinitespire:UltimateForm","Guardian:SphericShield"],"relics":["Burning Blood","hubris:Zylophone","Nunchaku","Replay:Wax Seal","Bag of Preparation","Simple Rune","FossilizedHelix","Replay:Wanted Poster","Another Sword","Calipers","ReplayTheSpireMod:TigerMarble","Juzu Bracelet","Bronze Scales","Kintsugi","Enchiridion","Ice Cream","Thread and Needle","Singing Bowl","hubris:SphereOfDissonance","hubris:DisguiseKit","ReplayTheSpireMod:Ring of Addiction","Potion Belt","Toy Ornithopter","infinitespire:Lucky Rock","hubris:SlimyHat","Unceasing Top","Velvet Choker"],"acts_visited":["Exordium","TheCity","TheBeyond","Exordium"],"potions_floor_usage":[47,47,48,50],"damage_taken":[{"damage":4.0,"enemies":"Cultist","floor":1.0,"turns":4.0},{"damage":3.0,"enemies":"2 Louse","floor":3.0,"turns":4.0},{"damage":9.0,"enemies":"Jaw Worm","floor":4.0,"turns":4.0},{"damage":30.0,"enemies":"3 Sentries","floor":12.0,"turns":9.0},{"damage":0.0,"enemies":"2 Fungi Beasts","floor":13.0,"turns":3.0},{"damage":0.0,"enemies":"Looter","floor":14.0,"turns":3.0},{"damage":13.0,"enemies":"Fading Forest","floor":16.0,"turns":11.0},{"damage":0.0,"enemies":"Shell Parasite","floor":18.0,"turns":4.0},{"damage":9.0,"enemies":"3 Byrds","floor":20.0,"turns":5.0},{"damage":8.0,"enemies":"Centurion and Healer","floor":21.0,"turns":5.0},{"damage":7.0,"enemies":"Book of Stabbing","floor":23.0,"turns":3.0},{"damage":0.0,"enemies":"Nightmare","floor":27.0,"turns":5.0},{"damage":30.0,"enemies":"hubris:MusketHawk","floor":33.0,"turns":6.0},{"damage":18.0,"enemies":"3 Shapes","floor":35.0,"turns":6.0},{"damage":3.0,"enemies":"Orb Walker","floor":38.0,"turns":2.0},{"damage":34.0,"enemies":"4 Shapes","floor":39.0,"turns":12.0},{"damage":0.0,"enemies":"Giant Head","floor":40.0,"turns":8.0},{"damage":0,"enemies":"Reptomancer","floor":44,"turns":1},{"damage":16,"enemies":"infinitespire:Three Voidlings","floor":47,"turns":5},{"damage":6,"enemies":"Nightmare_Alpha","floor":47,"turns":8},{"damage":0,"enemies":"Writhing Mass","floor":48,"turns":5},{"damage":0,"enemies":"Donu and Deca","floor":50,"turns":7}],"seed_played":"7923899656187652000","potions_obtained":[{"floor":1.0,"key":"blueLaboratory:AbyssPotion"},{"floor":12.0,"key":"blueLaboratory:RememoryPotion"},{"floor":21.0,"key":"SpeedPotion"},{"floor":27.0,"key":"blueLaboratory:IronCompound"},{"floor":35.0,"key":"PowerPotion"},{"floor":38.0,"key":"blueLaboratory:BottleOfVodka"},{"floor":40.0,"key":"BloodPotion"},{"floor":42,"key":"SkillPotion"},{"floor":42,"key":"PowerPotion"},{"floor":42,"key":"BloodPotion"},{"floor":47,"key":"blueLaboratory:BubblePotion"},{"floor":48,"key":"Energy Potion"}],"is_trial":false,"path_per_floor":["M","T","M","M","?","R","T","R","T","R","?","E","M","M","R","B",null,"M","?","M","M","AVR","E","?","R","T","NM","R","$","?","?","R","B",null,"M","?","?","M","M","E","AVR","?","T","E","?","R","?","M","R","B",null],"character_chosen":"IRONCLAD","items_purchased":["Bronze Scales"],"campfire_rested":0,"item_purchase_floors":[29],"current_hp_per_floor":[80,80,80,77,77,77,77,77,77,77,77,53,59,65,65,66,80,83,83,83,81,81,80,80,80,80,86,86,86,86,86,86,62,86,78,78,78,81,57,94,94,94,94,94,82,82,98,98,98,100,100,100],"gold":1614,"neow_bonus":"ONE_RARE_RELIC","is_daily":false,"chose_seed":false,"campfire_upgraded":9,"win_rate":0.0,"timestamp":1608029075,"path_taken":["M","?","?","M","?","R","?","R","T","R","?","E","M","M","R","BOSS","M","?","?","M","AVR","E","?","R","T","NM","R","?","?","?","R","BOSS","M","?","?","M","M","R","AVR","?","T","E","?","R","?","M","R","BOSS"],"items_purchased_type":["Relic"],"build_version":"2020-12-13","purchased_purges":3,"victory":false,"max_hp_per_floor":[80,80,80,80,80,80,80,80,80,80,80,80,80,80,80,80,80,83,83,86,86,86,86,86,86,86,86,86,86,86,86,86,86,86,90,90,90,90,94,94,94,94,94,94,94,92,98,98,98,100,100,100],"card_choices":[{"not_picked":["Infernal Blade","Perfected Strike"],"picked":"Sword Boomerang","floor":1.0},{"not_picked":["Sever Soul","Clothesline"],"picked":"ReplayTheSpireMod:Limb From Limb","floor":3.0},{"not_picked":["Iron Wave","Power Through"],"picked":"Flex","floor":4.0},{"not_picked":["Thunderclap","Anger"],"picked":"Body Slam","floor":12.0},{"not_picked":["Massacre","Sever Soul","Reckless Charge"],"picked":"SKIP","floor":13.0},{"not_picked":["Iron Wave","Fire Breathing"],"picked":"hubris:ReadiedAction","floor":14.0},{"not_picked":["Replay:Many Hands","Offering"],"picked":"Feed","floor":16.0},{"not_picked":["Shrug It Off","Rampage"],"picked":"Feel No Pain+1","floor":18.0},{"not_picked":["Rage","Searing Blow"],"picked":"ReplayReversal+1","floor":20.0},{"not_picked":["Pommel Strike","Dual Wield","Replay:Undeath\u0027s Touch+1"],"picked":"SKIP","floor":21.0},{"not_picked":["hubris:CleavingFinish+1","Inflame"],"picked":"Thunderclap","floor":23.0},{"not_picked":["Replay:Undeath\u0027s Touch","Perfected Strike"],"picked":"True Grit","floor":27.0},{"not_picked":["Perfected Strike+1","Clothesline+1"],"picked":"ReplayReversal+1","floor":35.0},{"not_picked":["Cleave+1","ReplayReversal"],"picked":"Armaments","floor":38.0},{"not_picked":["Massacre","Clash+1"],"picked":"Juggernaut","floor":39.0},{"not_picked":["Headbutt+1","Armaments+1"],"picked":"Defy Death","floor":40.0},{"not_picked":["Infernal Blade+1","Pommel Strike+1","Barricade"],"picked":"Guardian:Gem_Cyan","floor":44},{"not_picked":["ReplayTheSpireMod:Black Plague","infinitespire:FutureSight"],"picked":"infinitespire:UltimateForm","floor":47},{"not_picked":["Iron Wave","Second Wind","Armaments+1","Guardian:Gem_Red"],"picked":"Singing Bowl","floor":47},{"not_picked":["Iron Wave+1","Combust","Perfected Strike"],"picked":"Guardian:SphericShield","floor":48},{"not_picked":["Reaper","Demonic Infusion","Corruption","Guardian:BaubleBeam"],"picked":"Singing Bowl","floor":50}],"player_experience":37695,"relics_obtained":[{"floor":2.0,"key":"Nunchaku"},{"floor":5.0,"key":"Replay:Wax Seal"},{"floor":7.0,"key":"Bag of Preparation"},{"floor":9.0,"key":"Simple Rune"},{"floor":12.0,"key":"FossilizedHelix"},{"floor":23.0,"key":"Calipers"},{"floor":26.0,"key":"ReplayTheSpireMod:TigerMarble"},{"floor":27.0,"key":"Juzu Bracelet"},{"floor":40.0,"key":"hubris:SphereOfDissonance"},{"floor":42,"key":"ReplayTheSpireMod:Ring of Addiction"},{"floor":42,"key":"Potion Belt"},{"floor":42,"key":"Toy Ornithopter"},{"floor":43,"key":"infinitespire:Lucky Rock"},{"floor":44,"key":"hubris:SlimyHat"},{"floor":47,"key":"Unceasing Top"}],"event_choices":[{"damage_healed":0.0,"max_hp_gain":0.0,"max_hp_loss":0.0,"gold_gain":0.0,"event_name":"Living Wall","player_choice":"Grow","floor":11.0,"gold_loss":0.0,"damage_taken":0.0,"cards_upgraded":["Defend_R"]},{"damage_healed":0.0,"max_hp_gain":0.0,"max_hp_loss":0.0,"gold_gain":0.0,"event_name":"Accursed Blacksmith","player_choice":"Forge","floor":19.0,"gold_loss":0.0,"damage_taken":0.0,"cards_upgraded":["Defend_R"]},{"cards_removed":["Strike_R"],"damage_healed":0.0,"max_hp_gain":0.0,"max_hp_loss":0.0,"gold_gain":0.0,"event_name":"Beggar","player_choice":"Gave Gold","floor":24.0,"gold_loss":75.0,"damage_taken":0.0},{"damage_healed":0.0,"max_hp_gain":0.0,"max_hp_loss":0.0,"gold_gain":0.0,"cards_transformed":["Strike_R"],"event_name":"Transmorgrifier","player_choice":"Transformed","floor":30.0,"gold_loss":0.0,"damage_taken":0.0,"cards_obtained":["ReplayReversal"]},{"damage_healed":0.0,"max_hp_gain":0.0,"max_hp_loss":0.0,"gold_gain":0.0,"event_name":"Ghosts","player_choice":"Ignored","floor":31.0,"gold_loss":0.0,"damage_taken":0.0},{"damage_healed":0.0,"max_hp_gain":0.0,"max_hp_loss":0.0,"gold_gain":999.0,"event_name":"MindBloom","player_choice":"Gold","floor":36.0,"gold_loss":0.0,"damage_taken":0.0,"cards_obtained":["Normality","Normality"]},{"damage_healed":0.0,"max_hp_gain":0.0,"max_hp_loss":0.0,"gold_gain":0.0,"cards_transformed":["ReplayTheSpireMod:Limb From Limb"],"event_name":"Transmorgrifier","player_choice":"Transformed","floor":37.0,"gold_loss":0.0,"damage_taken":0.0,"cards_obtained":["Life Link"]},{"damage_healed":0,"gold_gain":0,"player_choice":"Embrace Madness","damage_taken":12,"max_hp_gain":0,"max_hp_loss":0,"event_name":"Winding Halls","floor":45,"gold_loss":0,"cards_obtained":["Madness","Madness"]}],"is_beta":false,"boss_relics":[{"not_picked":["hubris:BlackHole","hubris:Stopwatch"],"picked":"Replay:Wanted Poster"},{"not_picked":["Replay:Ancient Bell","hubris:TerracottaHorce"],"picked":"Kintsugi"},{"not_picked":["ReplayTheSpireMod:DimensionalGlitch","Ring of Chaos"],"picked":"Velvet Choker"}],"items_purged_floors":[22,29,41],"is_endless":true,"potions_floor_spawned":[1,12,21,27,35,38,40,47,48],"ascension_level":0}}