{"host":"9anmc1688xy4jiyg","time":1608063221,"event":{"mods":["AchievementEnabler","BaseMod","Highlight Path","Minty Spire (QoL Compilation)","Relic Stats","StSLib","ojb\u0027s Info Mod"],"gold_per_floor":[215,225,225,238,238,238,272,287,313,326,338,338,356,387,387,462,462,478,85,104,154,186,215,215,245,270,270,3,3,16,16,16,93,93,106,123,174,184,195,230,230,263,263,485,499,530,548,564,564,564],"floor_reached":51,"playtime":2520,"items_purged":[],"score":1785,"play_id":"484f5156-3bd3-4fed-96ba-edbc0115cab6","local_time":"20201215211341","is_ascension_mode":true,"campfire_choices":[{"data":"Perfected Strike","floor":6.0,"key":"SMITH"},{"data":"Perfected Strike","floor":12.0,"key":"SMITH"},{"data":"Shrug It Off","floor":15.0,"key":"SMITH"},{"data":"Double Tap","floor":24.0,"key":"SMITH"},{"data":"Flame Barrier","floor":27.0,"key":"SMITH"},{"data":"Bash","floor":29.0,"key":"SMITH"},{"data":"Pommel Strike","floor":32.0,"key":"SMITH"},{"data":"Uppercut","floor":41.0,"key":"SMITH"},{"floor":49.0,"key":"REST"}],"circlet_count":0,"master_deck":["AscendersBane","Strike_R","Strike_R","Strike_R","Strike_R","Strike_R","Defend_R+1","Defend_R","Defend_R","Defend_R","Bash+1","Perfected Strike+1","Anger","Perfected Strike+1","Perfected Strike+1","Pommel Strike","Shrug It Off+1","Pommel Strike+1","Double Tap+1","Perfected Strike+1","Flame Barrier+1","Apotheosis+1","Dual Wield+1","Metallicize+1","Corruption","Uppercut+1","Perfected Strike+1","Reaper","Dual Wield","Shrug It Off+1","Wild Strike+1","Bludgeon","Ghostly Armor"],"relics":["Burning Blood","Bronze Scales","Happy Flower","Oddly Smooth Stone","Akabeko","Snecko Eye","DollysMirror","Red Mask","Peace Pipe","MealTicket","Bag of Marbles","Sundial","SlaversCollar","Incense Burner","Blue Candle","Potion Belt","Torii","War Paint"],"acts_visited":["Exordium","TheCity","TheBeyond"],"potions_floor_usage":[50,50],"damage_taken":[{"damage":10.0,"enemies":"Small Slimes","floor":1.0,"turns":4.0},{"damage":6.0,"enemies":"Jaw Worm","floor":2.0,"turns":5.0},{"damage":0.0,"enemies":"Cultist","floor":4.0,"turns":2.0},{"damage":25.0,"enemies":"Lagavulin","floor":7.0,"turns":4.0},{"damage":7.0,"enemies":"Exordium Wildlife","floor":8.0,"turns":3.0},{"damage":2.0,"enemies":"Blue Slaver","floor":10.0,"turns":2.0},{"damage":6.0,"enemies":"Exordium Thugs","floor":11.0,"turns":3.0},{"damage":0.0,"enemies":"Large Slime","floor":13.0,"turns":4.0},{"damage":5.0,"enemies":"3 Sentries","floor":14.0,"turns":3.0},{"damage":38.0,"enemies":"The Guardian","floor":16.0,"turns":6.0},{"damage":0.0,"enemies":"Chosen","floor":18.0,"turns":2.0},{"damage":15.0,"enemies":"Shell Parasite","floor":20.0,"turns":2.0},{"damage":0.0,"enemies":"Masked Bandits","floor":22.0,"turns":2.0},{"damage":0.0,"enemies":"Gremlin Leader","floor":23.0,"turns":2.0},{"damage":5.0,"enemies":"Book of Stabbing","floor":25.0,"turns":1.0},{"damage":6.0,"enemies":"Snake Plant","floor":30.0,"turns":2.0},{"damage":0.0,"enemies":"Champ","floor":33.0,"turns":5.0},{"damage":0.0,"enemies":"3 Shapes","floor":35.0,"turns":2.0},{"damage":0.0,"enemies":"Orb Walker","floor":36.0,"turns":1.0},{"damage":10.0,"enemies":"2 Orb Walkers","floor":37.0,"turns":2.0},{"damage":9.0,"enemies":"Maw","floor":38.0,"turns":5.0},{"damage":0.0,"enemies":"Spire Growth","floor":39.0,"turns":2.0},{"damage":3.0,"enemies":"Nemesis","floor":40.0,"turns":5.0},{"damage":0.0,"enemies":"Giant Head","floor":42.0,"turns":1.0},{"damage":0.0,"enemies":"Writhing Mass","floor":45.0,"turns":2.0},{"damage":12.0,"enemies":"Nemesis","floor":46.0,"turns":3.0},{"damage":2.0,"enemies":"3 Darklings","floor":47.0,"turns":3.0},{"damage":52.0,"enemies":"Transient","floor":48.0,"turns":6.0},{"damage":21,"enemies":"Awakened One","floor":50,"turns":6}],"seed_played":"6758125722958040381","potions_obtained":[{"floor":1.0,"key":"Block Potion"},{"floor":7.0,"key":"SteroidPotion"},{"floor":10.0,"key":"SpeedPotion"},{"floor":16.0,"key":"PowerPotion"},{"floor":23.0,"key":"Explosive Potion"},{"floor":30.0,"key":"Dexterity Potion"},{"floor":33.0,"key":"ColorlessPotion"},{"floor":36.0,"key":"SteroidPotion"},{"floor":39.0,"key":"AttackPotion"},{"floor":40.0,"key":"Weak Potion"},{"floor":42.0,"key":"BlessingOfTheForge"},{"floor":45.0,"key":"ElixirPotion"},{"floor":47.0,"key":"LiquidMemories"}],"is_trial":false,"path_per_floor":["M","M","?","M","?","R","E","M","T","M","M","R","M","E","R","B",null,"M","$","M","?","?","E","R","E","T","R","$","R","M","$","R","B",null,"M","M","?","M","M","E","R","E","T","?","M","E","M","M","R","B",null],"character_chosen":"IRONCLAD","items_purchased":["DollysMirror","Flame Barrier","Apotheosis","Sundial"],"campfire_rested":1,"item_purchase_floors":[19,19,19,28],"current_hp_per_floor":[64,64,64,70,70,70,51,50,50,54,54,54,60,61,61,29,64,70,70,61,61,67,73,73,74,74,74,75,75,75,75,75,75,75,75,75,71,68,74,75,75,75,75,75,75,75,75,33,55,75],"gold":564,"neow_bonus":"HUNDRED_GOLD","is_daily":false,"chose_seed":false,"campfire_upgraded":8,"win_rate":0.0,"timestamp":1608063221,"path_taken":["M","M","?","M","?","R","E","?","T","M","M","R","M","E","R","BOSS","M","$","M","?","?","E","R","E","T","R","?","R","?","$","R","BOSS","M","M","?","M","M","E","R","E","T","?","M","E","?","M","R","BOSS"],"items_purchased_type":["Relic","Card","Card","Relic"],"build_version":"2020-12-13","purchased_purges":0,"victory":true,"max_hp_per_floor":[75,75,75,75,75,75,75,75,75,75,75,75,75,75,75,75,75,75,75,75,75,75,75,75,75,75,75,75,75,75,75,75,75,75,75,75,75,75,75,75,75,75,75,75,75,75,75,75,75,75],"relic_stats":{"Peace Pipe":0,"Happy Flower":[25],"Torii":7,"counters":[29,90],"Sundial":[2],"Bronze Scales":[165],"Blue Candle":[0],"Snecko Eye":[100,96,95,93],"MealTicket":1,"War Paint":["Defend_R","Apotheosis"],"obtain_stats":[{"Potion Belt":42,"Happy Flower":7,"Torii":43,"Blue Candle":40,"Oddly Smooth Stone":9,"Incense Burner":37,"War Paint":46,"Burning Blood":0,"Akabeko":14,"Peace Pipe":23,"SlaversCollar":34,"DollysMirror":19,"Sundial":28,"Bronze Scales":5,"Snecko Eye":17,"MealTicket":25,"Red Mask":22,"Bag of Marbles":26},{"Potion Belt":24,"Happy Flower":4,"Torii":24,"Blue Candle":23,"Oddly Smooth Stone":5,"Incense Burner":20,"War Paint":26,"Burning Blood":0,"Akabeko":9,"Peace Pipe":14,"SlaversCollar":17,"DollysMirror":11,"Sundial":15,"Bronze Scales":3,"Snecko Eye":10,"MealTicket":15,"Red Mask":13,"Bag of Marbles":15},{"Potion Belt":70,"Happy Flower":15,"Torii":70,"Blue Candle":69,"Oddly Smooth Stone":18,"Incense Burner":57,"War Paint":75,"Burning Blood":0,"Akabeko":30,"Peace Pipe":44,"SlaversCollar":52,"DollysMirror":38,"Sundial":45,"Bronze Scales":11,"Snecko Eye":36,"MealTicket":45,"Red Mask":42,"Bag of Marbles":45}],"Burning Blood":131},"card_choices":[{"not_picked":["Sentinel","Clash"],"picked":"Perfected Strike","floor":1.0},{"not_picked":["Sever Soul","Flex"],"picked":"Anger","floor":2.0},{"not_picked":["Combust","Anger"],"picked":"Perfected Strike","floor":4.0},{"not_picked":["Power Through","Headbutt"],"picked":"Perfected Strike","floor":7.0},{"not_picked":["Headbutt","Cleave"],"picked":"Pommel Strike","floor":8.0},{"not_picked":["Dropkick","Headbutt","Rampage"],"picked":"SKIP","floor":10.0},{"not_picked":["Sever Soul","Headbutt"],"picked":"Shrug It Off","floor":11.0},{"not_picked":["Flex","Dark Embrace"],"picked":"Pommel Strike","floor":13.0},{"not_picked":["Iron Wave","Hemokinesis","Brutality"],"picked":"SKIP","floor":14.0},{"not_picked":["Immolate","Demon Form"],"picked":"Double Tap","floor":16.0},{"not_picked":["Thunderclap","Havoc","Flex+1"],"picked":"SKIP","floor":18.0},{"not_picked":["Seeing Red","Spot Weakness+1","Armaments"],"picked":"SKIP","floor":20.0},{"not_picked":["Disarm+1","Heavy Blade","Flex"],"picked":"SKIP","floor":23.0},{"not_picked":["Thunderclap","Twin Strike"],"picked":"Dual Wield+1","floor":25.0},{"not_picked":["Armaments+1","Warcry"],"picked":"Metallicize+1","floor":30.0},{"not_picked":["Juggernaut","Impervious"],"picked":"Corruption","floor":33.0},{"not_picked":["Pommel Strike","Clothesline"],"picked":"Uppercut","floor":35.0},{"not_picked":["True Grit","Flex+1"],"picked":"Perfected Strike+1","floor":36.0},{"not_picked":["Armaments","Headbutt+1"],"picked":"Reaper","floor":37.0},{"not_picked":["Sword Boomerang+1","Anger"],"picked":"Dual Wield","floor":38.0},{"not_picked":["Power Through","Rage"],"picked":"Shrug It Off+1","floor":39.0},{"not_picked":["Reaper","Rupture"],"picked":"Wild Strike+1","floor":40.0},{"not_picked":["Searing Blow","Havoc+1","Flex"],"picked":"SKIP","floor":42.0},{"not_picked":["Hemokinesis","Body Slam","Bloodletting"],"picked":"SKIP","floor":45.0},{"not_picked":["Disarm","Fire Breathing"],"picked":"Bludgeon","floor":46.0},{"not_picked":["Anger","Rampage+1"],"picked":"Ghostly Armor","floor":47.0},{"not_picked":["Sword Boomerang","Clash","Dark Embrace"],"picked":"SKIP","floor":48.0}],"player_experience":441074,"relics_obtained":[{"floor":7.0,"key":"Happy Flower"},{"floor":9.0,"key":"Oddly Smooth Stone"},{"floor":14.0,"key":"Akabeko"},{"floor":22.0,"key":"Red Mask"},{"floor":23.0,"key":"Peace Pipe"},{"floor":25.0,"key":"MealTicket"},{"floor":26.0,"key":"Bag of Marbles"},{"floor":37.0,"key":"Incense Burner"},{"floor":40.0,"key":"Blue Candle"},{"floor":42.0,"key":"Potion Belt"},{"floor":43.0,"key":"Torii"},{"floor":46.0,"key":"War Paint"}],"event_choices":[{"damage_healed":0.0,"max_hp_gain":0.0,"max_hp_loss":0.0,"gold_gain":0.0,"event_name":"Living Wall","player_choice":"Grow","floor":3.0,"gold_loss":0.0,"damage_taken":0.0,"cards_upgraded":["Perfected Strike"]},{"damage_healed":0.0,"max_hp_gain":0.0,"max_hp_loss":0.0,"gold_gain":0.0,"event_name":"WeMeetAgain","player_choice":"Gave Potion","floor":5.0,"gold_loss":0.0,"damage_taken":0.0,"relics_obtained":["Bronze Scales"]},{"damage_healed":0.0,"max_hp_gain":0.0,"max_hp_loss":0.0,"gold_gain":50.0,"event_name":"Nest","player_choice":"Stole From Cult","floor":21.0,"gold_loss":0.0,"damage_taken":0.0},{"damage_healed":0.0,"max_hp_gain":0.0,"max_hp_loss":0.0,"gold_gain":0.0,"event_name":"Masked Bandits","player_choice":"Fought Bandits","floor":22.0,"gold_loss":0.0,"damage_taken":0.0},{"damage_healed":0.0,"max_hp_gain":0.0,"max_hp_loss":0.0,"gold_gain":0.0,"event_name":"Mysterious Sphere","player_choice":"Fight","floor":37.0,"gold_loss":0.0,"damage_taken":0.0},{"damage_healed":0.0,"max_hp_gain":0.0,"max_hp_loss":0.0,"gold_gain":222.0,"event_name":"Tomb of Lord Red Mask","player_choice":"Wore Mask","floor":44.0,"gold_loss":0.0,"damage_taken":0.0}],"is_beta":false,"boss_relics":[{"not_picked":["Runic Dome","Sozu"],"picked":"Snecko Eye"},{"not_picked":["Calling Bell","Tiny House"],"picked":"SlaversCollar"}],"items_purged_floors":[],"is_endless":false,"potions_floor_spawned":[1,7,10,14,16,23,30,33,36,39,40,42,45,47],"ascension_level":19}}