{"host":"4ih4fq53sefgqhvb","time":1608013867,"event":{"mods":["AchievementEnabler","Aspiration","Bard","BaseMod","BetterRewards","Colored Map","Colored Powertips","Conspire","Downfall","Googly Eyes","Hermit","Highlight Path","Hubris","Infinite Spire","Jedi Mod","Jorbs\u0027s Wanderer Trilogy","Marisa????????","Mimic Mod","Minty Spire (QoL Compilation)","Quick Restart","Relic Stats","Replay The Spire","Shop Mod","StSLib","The Animator","The Cursed","The Jungle","The Runesmith"],"gold_per_floor":[99,199,51,51,86,86,122,148,53,53,69,69,69,79,93,193,193,68,68],"floor_reached":18,"playtime":1098,"items_purged":[],"score":174,"play_id":"d8b05699-62d3-4061-9c6a-4fea3375062a","local_time":"20201214223107","is_ascension_mode":true,"campfire_choices":[{"floor":1,"key":"RECALL"},{"data":"Slimebound:FirmFortitude","floor":4,"key":"SMITH"},{"floor":10,"key":"REST"}],"circlet_count":0,"master_deck":["Slimebound:Strike_Slimebound","Slimebound:Tackle","Slimebound:Defend_Slimebound","Slimebound:Defend_Slimebound","Slimebound:Defend_Slimebound","Slimebound:Defend_Slimebound","Slimebound:Split","Slimebound:CorrosiveSpit","Slimebound:ComboTackle","Slimebound:RollThrough","Slimebound:FirmFortitude+1","Slimebound:FinishingTackle","Slimebound:SamplingLick","Slimebound:ViciousTackle","Slimebound:Teamwork","Slimebound:FormOfPuddle","Slimebound:FirmFortitude","Slimebound:LeechEnergy","Slimebound:CheckThePlaybook","Slimebound:Chomp","Slimebound:SlimeTap","Slimebound:CheckThePlaybook"],"relics":["Slimebound:AbsorbEndCombat","jedi:kaleidoscope","Nunchaku","Toy Ornithopter","Durian","Slimebound:GreedOozeRelic","Cursed Key","downfall:HeartBlessingRed"],"acts_visited":["Exordium","TheCity"],"potions_floor_usage":[9,9],"damage_taken":[{"damage":4,"enemies":"downfall:FleeingMerchant","floor":3,"turns":4},{"damage":27,"enemies":"Gremlin Nob","floor":5,"turns":4},{"damage":6,"enemies":"Small Slimes","floor":7,"turns":7},{"damage":20,"enemies":"3 Sentries","floor":8,"turns":6},{"damage":22,"enemies":"downfall:FleeingMerchant","floor":9,"turns":4},{"damage":3,"enemies":"Small Slimes","floor":11,"turns":3},{"damage":7,"enemies":"Jaw Worm","floor":14,"turns":3},{"damage":0,"enemies":"Cultist","floor":15,"turns":3},{"damage":31,"enemies":"downfall:Ironclad","floor":16,"turns":3}],"seed_played":"-3803150194410145227","potions_obtained":[{"floor":5,"key":"Slimebound:SlimedPotion"},{"floor":8,"key":"Slimebound:SlimyTonguePotion"},{"floor":15,"key":"hexamod:EctoCoolerPotion"},{"floor":16,"key":"Slimebound:SlimedPotion"}],"is_trial":false,"path_per_floor":["R","?","$","R","E","?","MIM","E","$","R","M","?","?","M","M","B",null,"R_BF"],"character_chosen":"SLIMEBOUND","items_purchased":["Slimebound:RollThrough","Slimebound:FirmFortitude","Slimebound:FinishingTackle","Slimebound:FirmFortitude"],"campfire_rested":1,"item_purchase_floors":[3,3,3,9],"current_hp_per_floor":[60,60,60,60,40,40,50,47,47,65,65,65,65,65,65,43,65,0,0],"gold":68,"neow_bonus":"REMOVE_CARD","is_daily":false,"chose_seed":false,"campfire_upgraded":1,"win_rate":0.0,"timestamp":1608013867,"path_taken":["R","?","$","R","E","?","MIM","E","$","R","?","?","?","M","M","BOSS","R_BF"],"items_purchased_type":["Card","Card","Card","Card"],"build_version":"2020-12-13","purchased_purges":0,"victory":false,"max_hp_per_floor":[60,60,60,60,60,60,60,65,65,65,65,65,65,65,65,65,65,65,65],"relic_stats":{"Nunchaku":[4],"counters":[9,36],"Cursed Key":0,"obtain_stats":[{"Slimebound:GreedOozeRelic":12,"Nunchaku":6,"jedi:kaleidoscope":5,"downfall:HeartBlessingRed":18,"Slimebound:AbsorbEndCombat":0,"Durian":8,"Cursed Key":17,"Toy Ornithopter":7},{"Slimebound:GreedOozeRelic":6,"Nunchaku":2,"jedi:kaleidoscope":2,"downfall:HeartBlessingRed":9,"Slimebound:AbsorbEndCombat":0,"Durian":4,"Cursed Key":9,"Toy Ornithopter":3},{"Slimebound:GreedOozeRelic":27,"Nunchaku":7,"jedi:kaleidoscope":7,"downfall:HeartBlessingRed":36,"Slimebound:AbsorbEndCombat":0,"Durian":20,"Cursed Key":36,"Toy Ornithopter":14}],"Toy Ornithopter":10},"card_choices":[{"not_picked":["Slimebound:PressTheAttack","Slimebound:LeechingTouch"],"picked":"Slimebound:ComboTackle","floor":3},{"not_picked":["Slimebound:PressTheAttack","Slimebound:Repurpose"],"picked":"Slimebound:SamplingLick","floor":5},{"not_picked":["Slimebound:TongueLash","Slimebound:RollThrough"],"picked":"Slimebound:ViciousTackle","floor":7},{"not_picked":["Slimebound:RollThrough","Slimebound:SplitBruiser"],"picked":"Slimebound:Teamwork","floor":8},{"not_picked":["Slimebound:Replication","Slimebound:SlimeSpikes"],"picked":"Slimebound:FormOfPuddle","floor":9},{"not_picked":["Slimebound:Schlurp","Slimebound:RollThrough"],"picked":"Slimebound:LeechEnergy","floor":11},{"not_picked":["Slimebound:Schlurp","Slimebound:FormOfPuddle"],"picked":"Slimebound:Chomp","floor":14},{"not_picked":["Slimebound:SplitLeeching","Slimebound:SlimeSpikes"],"picked":"Slimebound:SlimeTap","floor":15},{"not_picked":["Slimebound:OozeBath","Slimebound:SelfFormingGoo"],"picked":"Slimebound:CheckThePlaybook","floor":16}],"player_experience":847123,"relics_obtained":[{"floor":5,"key":"jedi:kaleidoscope"},{"floor":6,"key":"Nunchaku"},{"floor":7,"key":"Toy Ornithopter"},{"floor":8,"key":"Durian"}],"event_choices":[{"damage_healed":0,"gold_gain":0,"cards_transformed":["Slimebound:Strike_Slimebound"],"player_choice":"Transformed","damage_taken":0,"max_hp_gain":0,"max_hp_loss":0,"event_name":"Transmorgrifier","floor":13,"gold_loss":0,"cards_obtained":["Slimebound:CheckThePlaybook"]}],"is_beta":false,"boss_relics":[{"not_picked":["Fusion Hammer","Busted Crown"],"picked":"Cursed Key"}],"items_purged_floors":[],"is_endless":false,"potions_floor_spawned":[5,8,15,16],"ascension_level":1}}