{"host":"6bsan6hkua32tfq7","time":1608038877,"event":{"mods":["BaseMod","Better Third Choice","Colored Map","Highlight Path","Minty Spire (QoL Compilation)","StSLib"],"gold_per_floor":[109,123,135,13,13,13,47,47,47,62,91,103,28,55,67,151,163,193,205,237,249,284,296,296],"floor_reached":23,"playtime":1781,"items_purged":[],"score":448,"play_id":"0247f691-306b-4f1b-a787-c3e340e6b080","local_time":"20201215142757","is_ascension_mode":true,"campfire_choices":[{"data":"Well Laid Plans","floor":6,"key":"SMITH"},{"data":"Dagger Spray","floor":8,"key":"SMITH"},{"data":"Terror","floor":15,"key":"SMITH"}],"circlet_count":0,"master_deck":["AscendersBane","Strike_G","Strike_G","Strike_G","Strike_G","Strike_G","Defend_G","Defend_G","Defend_G","Defend_G","Survivor","Neutralize","All Out Attack","Accuracy","Dodge and Roll","Well Laid Plans+1","Eviscerate","Dagger Spray+1","Terror+1","Concentrate","Adrenaline","After Image","Leg Sweep","After Image","Blade Dance"],"relics":["Ring of the Snake","NeowsBlessing","Paper Crane","Art of War","Torii","MawBank","Sozu","Centennial Puzzle"],"acts_visited":["Exordium","TheCity"],"potions_floor_usage":[7,11,16,16],"damage_taken":[{"damage":0,"enemies":"Cultist","floor":1,"turns":1},{"damage":0,"enemies":"Small Slimes","floor":2,"turns":1},{"damage":0,"enemies":"Jaw Worm","floor":3,"turns":1},{"damage":28,"enemies":"Gremlin Nob","floor":7,"turns":4},{"damage":4,"enemies":"Blue Slaver","floor":10,"turns":6},{"damage":0,"enemies":"Lagavulin","floor":11,"turns":6},{"damage":6,"enemies":"Exordium Wildlife","floor":12,"turns":3},{"damage":15,"enemies":"Hexaghost","floor":16,"turns":9},{"damage":9,"enemies":"Shell Parasite","floor":18,"turns":6},{"damage":1,"enemies":"3 Byrds","floor":20,"turns":6},{"damage":41,"enemies":"Slavers","floor":23,"turns":4}],"seed_played":"2679981004183312287","potions_obtained":[{"floor":2,"key":"Fire Potion"},{"floor":7,"key":"GamblersBrew"},{"floor":10,"key":"ColorlessPotion"},{"floor":12,"key":"PowerPotion"}],"is_trial":false,"path_per_floor":["M","M","M","$","?","R","E","R","T","M","E","M","?","T","R","B",null,"M","?","M","$","T","E"],"character_chosen":"THE_SILENT","items_purchased":["Well Laid Plans","Eviscerate"],"campfire_rested":0,"item_purchase_floors":[4,4],"current_hp_per_floor":[59,59,59,59,59,59,31,31,31,27,27,21,21,21,21,6,51,42,42,41,41,41,0,0],"gold":296,"neow_bonus":"THREE_ENEMY_KILL","is_daily":false,"chose_seed":false,"campfire_upgraded":3,"win_rate":0.0,"timestamp":1608038877,"path_taken":["M","M","M","?","?","R","E","R","T","M","E","?","?","?","R","BOSS","M","?","M","$","?","E"],"items_purchased_type":["Card","Card"],"build_version":"2020-12-13","purchased_purges":0,"victory":false,"max_hp_per_floor":[66,66,66,66,66,66,66,66,66,66,66,66,66,66,66,66,66,66,66,66,66,66,66,66],"card_choices":[{"not_picked":["Backflip","Blur"],"picked":"All Out Attack","floor":1},{"not_picked":["Prepared","Sucker Punch"],"picked":"Accuracy","floor":2},{"not_picked":["Outmaneuver","Acrobatics"],"picked":"Dodge and Roll","floor":3},{"not_picked":["Dodge and Roll","Blur"],"picked":"Dagger Spray","floor":7},{"not_picked":["Tactician","PiercingWail"],"picked":"Terror","floor":10},{"not_picked":["Endless Agony","Backflip"],"picked":"Concentrate","floor":11},{"not_picked":["Dash","Infinite Blades"],"picked":"Adrenaline","floor":12},{"not_picked":["Storm of Steel","Grand Finale"],"picked":"After Image","floor":16},{"not_picked":["Blade Dance+1","Dagger Spray"],"picked":"Leg Sweep","floor":18},{"not_picked":["Heel Hook","Accuracy"],"picked":"Blade Dance","floor":20}],"player_experience":5161929,"relics_obtained":[{"floor":7,"key":"Paper Crane"},{"floor":9,"key":"Art of War"},{"floor":11,"key":"Torii"},{"floor":14,"key":"MawBank"},{"floor":22,"key":"Centennial Puzzle"}],"event_choices":[{"damage_healed":0,"gold_gain":0,"player_choice":"Ignored","damage_taken":13,"max_hp_gain":0,"max_hp_loss":0,"event_name":"betterThird:BetterSerpent","floor":5,"gold_loss":0},{"cards_removed":["Defend_G"],"damage_healed":0,"gold_gain":0,"player_choice":"Card Removal","damage_taken":0,"max_hp_gain":0,"max_hp_loss":0,"event_name":"The Cleric","floor":13,"gold_loss":75},{"damage_healed":0,"gold_gain":0,"player_choice":"Copied","damage_taken":0,"max_hp_gain":0,"max_hp_loss":0,"event_name":"Duplicator","floor":19,"gold_loss":0,"cards_obtained":["After Image"]}],"is_beta":false,"boss_relics":[{"not_picked":["Runic Pyramid","SlaversCollar"],"picked":"Sozu"}],"items_purged_floors":[],"is_endless":false,"potions_floor_spawned":[2,7,10,12,20],"killed_by":"Slavers","ascension_level":20}}