{"host":"51fyd6gkml7xavq8","time":1608066032,"event":{"mods":["BaseMod","BetterRewards","Colored Map","Energized Spire","Infinite Spire","Minty Spire (QoL Compilation)","Replay The Spire","Shop Mod","Spicy Shops","StSLib","The Blue Laboratory","[IsaacMod]????"],"gold_per_floor":[97,97,97,117,113,140,140,154,154,196,196,214,263,284,284,396,396,426,447,472,237,237,237,243,243],"floor_reached":24,"playtime":1852,"items_purged":["Bash","Strike_R","Defend_R"],"score":354,"play_id":"14f55738-dba5-486e-b0d4-95f58c95add6","local_time":"20201215180032","is_ascension_mode":true,"campfire_choices":[{"floor":7.0,"key":"REST"},{"floor":11.0,"key":"REST"},{"data":"Limit Break","floor":23,"key":"SMITH"}],"circlet_count":0,"master_deck":["Strike_R","Strike_R","Strike_R","Defend_R","Defend_R","Defend_R","Iron Wave","Demon Form+1","Limit Break+1"],"relics":["Burning Blood","HushsDoor","MerchantsRug","Replay:Accelerometer","PokeGo","Replay:Bandana","Blood Vial","Orrery"],"acts_visited":["Exordium","TheCity"],"potions_floor_usage":[19],"damage_taken":[{"damage":6.0,"enemies":"Cultist","floor":1.0,"turns":3.0},{"damage":2.0,"enemies":"2 Louse","floor":4.0,"turns":3.0},{"damage":35.0,"enemies":"3 Sentries","floor":6.0,"turns":8.0},{"damage":8.0,"enemies":"Small Slimes","floor":8.0,"turns":7.0},{"damage":34.0,"enemies":"Lagavulin","floor":10.0,"turns":9.0},{"damage":20.0,"enemies":"Red Slaver","floor":12.0,"turns":7.0},{"damage":0.0,"enemies":"Looter","floor":13.0,"turns":3.0},{"damage":0.0,"enemies":"Exordium Wildlife","floor":14.0,"turns":4.0},{"damage":57,"enemies":"Hexaghost","floor":16,"turns":11},{"damage":27,"enemies":"Spheric Guardian","floor":18,"turns":5},{"damage":44,"enemies":"3 Byrds","floor":19,"turns":7},{"damage":8,"enemies":"Snecko","floor":20,"turns":6},{"damage":53,"enemies":"Slavers","floor":24,"turns":2}],"seed_played":"-3135145487223415418","potions_obtained":[{"floor":1.0,"key":"blueLaboratory:FrostheartPotion"},{"floor":4.0,"key":"SteroidPotion"},{"floor":13.0,"key":"blueLaboratory:BubblePotion"},{"floor":16,"key":"DistilledChaos"},{"floor":18,"key":"blueLaboratory:SavagePotion"},{"floor":19,"key":"Flashbang"}],"is_trial":false,"path_per_floor":["M","?","?","M","$","E","R","M","T","E","R","M","M","M","R_BF","B",null,"M","M","M","$","?","R","E"],"character_chosen":"IRONCLAD","items_purchased":["MerchantsRug","Limit Break","Orrery"],"campfire_rested":2,"item_purchase_floors":[0,21,21],"current_hp_per_floor":[65,58,40,44,44,15,39,37,37,9,33,21,29,37,61,12,80,59,23,23,23,49,49,0,0],"gold":243,"neow_bonus":"","is_daily":false,"chose_seed":false,"campfire_upgraded":1,"win_rate":0.0,"timestamp":1608066032,"path_taken":["M","?","?","M","$","E","R","M","T","E","R","M","?","M","R_BF","BOSS","M","M","M","$","?","R","E"],"items_purchased_type":["Relic","Card","Relic"],"build_version":"2020-12-13","purchased_purges":3,"victory":false,"max_hp_per_floor":[80,80,80,80,80,80,80,80,80,80,80,80,80,80,80,80,80,80,80,80,80,80,80,80,80],"card_choices":[{"not_picked":["Clash","Body Slam"],"picked":"Iron Wave","floor":1.0},{"not_picked":["Rage","Body Slam"],"picked":"Demon Form","floor":4.0},{"not_picked":["Feel No Pain","Flex","ReplayReversal"],"picked":"SKIP","floor":6.0},{"not_picked":["Sever Soul","Havoc","ReplayTheSpireMod:Corrosion Curse"],"picked":"SKIP","floor":8.0},{"not_picked":["Hemokinesis","Seeing Red","Warcry"],"picked":"SKIP","floor":10.0},{"not_picked":["Body Slam","Sword Boomerang"],"picked":"Bomb","floor":12.0},{"not_picked":["Flex","Infernal Blade","Anger"],"picked":"SKIP","floor":13.0},{"not_picked":["Massacre","Headbutt"],"picked":"Bomb","floor":14.0},{"not_picked":["Ghostly Armor","Body Slam+1","Sword Boomerang+1"],"picked":"SKIP","floor":18},{"not_picked":["Cleave","ReplayTheSpireMod:Strike From Hell+1","Clothesline"],"picked":"SKIP","floor":19},{"not_picked":["Run Through+1","Rage","ReplayTheSpireMod:Stacked"],"picked":"SKIP","floor":20}],"player_experience":400814,"relics_obtained":[{"floor":6.0,"key":"PokeGo"},{"floor":9.0,"key":"Replay:Bandana"},{"floor":10.0,"key":"Blood Vial"}],"event_choices":[{"cards_removed":["Strike_R"],"damage_healed":0.0,"max_hp_gain":0.0,"max_hp_loss":0.0,"gold_gain":0.0,"event_name":"Golden Wing","player_choice":"Card Removal","floor":2.0,"gold_loss":0.0,"damage_taken":7.0},{"damage_healed":0.0,"max_hp_gain":0.0,"max_hp_loss":0.0,"gold_gain":0.0,"event_name":"Scrap Ooze","player_choice":"Success","floor":3.0,"gold_loss":0.0,"damage_taken":18.0,"relics_obtained":["Replay:Accelerometer"]},{"damage_healed":26,"gold_gain":0,"player_choice":"Heal","damage_taken":0,"max_hp_gain":0,"max_hp_loss":0,"event_name":"The Library","floor":22,"gold_loss":0}],"is_beta":false,"boss_relics":[{"not_picked":["Pandora\u0027s Box","Ooze Armor"],"picked":"Electric Blood"},{"not_picked":[]}],"items_purged_floors":[0,5,21],"is_endless":false,"potions_floor_spawned":[1,4,13,16,18,19],"killed_by":"Slavers","ascension_level":3}}