{"host":"mvq3y0vr4azttkc6","time":1608046464,"event":{"mods":["BaseMod","Colored Powertips","Minty Spire (QoL Compilation)","Replay The Spire","StSLib"],"gold_per_floor":[118,193,143,143,155,155,187,206,230,264,264,275,309,309,309,407,407,320,235,175,175,175],"floor_reached":21,"playtime":867,"items_purged":[],"score":275,"play_id":"ddaff210-9cff-4991-8d76-70ed93947e5f","local_time":"20201215183424","is_ascension_mode":true,"campfire_choices":[{"data":"Accuracy","floor":6,"key":"SMITH"},{"floor":11,"key":"REST"},{"floor":15,"key":"REST"}],"circlet_count":0,"master_deck":["Strike_G","Strike_G","Defend_G","Defend_G+1","Defend_G","Defend_G","Defend_G","Survivor","Neutralize","Accuracy+1","Terror","Dagger Spray+1","Blur","Envenom","Cloak And Dagger","Adrenaline","Cloak And Dagger+1","Backstab+1","Hidden Blade+1"],"relics":["Ring of the Snake","NeowsBlessing","Molten Egg 2","Omamori","Oddly Smooth Stone","Replay:Mystery Machine","Gremlin Food","Pear","Replay:Ancient Bell","Potion Belt","Toxic Egg 2","Torii","Pen Nib"],"acts_visited":["Exordium","TheCity"],"potions_floor_usage":[10,13,13],"damage_taken":[{"damage":0,"enemies":"2 Louse","floor":1,"turns":1},{"damage":0,"enemies":"Jaw Worm","floor":5,"turns":1},{"damage":0,"enemies":"Lagavulin","floor":7,"turns":1},{"damage":0,"enemies":"Small Slimes","floor":8,"turns":3},{"damage":14,"enemies":"Gremlin Nob","floor":10,"turns":3},{"damage":0,"enemies":"Red Slaver","floor":12,"turns":5},{"damage":15,"enemies":"3 Sentries","floor":13,"turns":8},{"damage":47,"enemies":"Hexaghost","floor":16,"turns":15},{"damage":10,"enemies":"3 Byrds","floor":18,"turns":5},{"damage":0,"enemies":"Spheric Guardian","floor":21,"turns":1}],"seed_played":"-2653569950932284316","potions_obtained":[{"floor":1,"key":"AttackPotion"},{"floor":7,"key":"ColorlessPotion"},{"floor":8,"key":"BlessingOfTheForge"},{"floor":12,"key":"CultistPotion"},{"floor":13,"key":"Milkshake"},{"floor":18,"key":"Ancient Potion"}],"is_trial":false,"path_per_floor":["M","?","?","T","M","R","E","M","T","E","R","M","E","T","R","B",null,"M","?","?","M"],"character_chosen":"THE_SILENT","items_purchased":[],"campfire_rested":2,"item_purchase_floors":[],"current_hp_per_floor":[70,59,59,59,59,59,59,59,59,45,66,66,51,61,80,33,68,58,58,58,58,58],"gold":175,"neow_bonus":"THREE_ENEMY_KILL","is_daily":false,"chose_seed":false,"campfire_upgraded":1,"win_rate":0.0,"timestamp":1608046464,"path_taken":["M","?","?","?","M","R","E","M","T","E","R","M","E","?","R","BOSS","M","?","?","?"],"items_purchased_type":[],"build_version":"2020-12-13","purchased_purges":0,"victory":false,"max_hp_per_floor":[70,70,70,70,70,70,70,70,70,70,70,70,70,80,80,80,80,80,80,80,80,80],"card_choices":[{"not_picked":["Deflect","Terror"],"picked":"Accuracy","floor":1},{"not_picked":["Deflect","Hidden Blade"],"picked":"Terror","floor":5},{"not_picked":["Sucker Punch+1","Underhanded Strike+1"],"picked":"Dagger Spray+1","floor":7},{"not_picked":["Toxin Wave","Flying Knee+1"],"picked":"Blur","floor":8},{"not_picked":["Noxious Fumes","Quick Slash+1"],"picked":"Envenom","floor":10},{"not_picked":["Dodge and Roll","Quick Slash+1","Caltrops"],"picked":"SKIP","floor":12},{"not_picked":["Backflip","Heel Hook+1"],"picked":"Cloak And Dagger","floor":13},{"not_picked":["Atom Bomb+1","Glass Knife+1"],"picked":"Adrenaline","floor":16},{"not_picked":["Regret","Doubt"],"picked":"CommonCold","floor":17},{"not_picked":["Sickly","Regret"],"picked":"Writhe","floor":17},{"not_picked":["Amnesia","Decay"],"picked":"ReplayTheSpireMod:IOU","floor":17},{"not_picked":["ReplayTheSpireMod:Shiv Toss+1","ReplayTheSpireMod:Tripwire+1"],"picked":"Cloak And Dagger+1","floor":18}],"player_experience":62633,"relics_obtained":[{"floor":4,"key":"Molten Egg 2"},{"floor":7,"key":"Omamori"},{"floor":9,"key":"Oddly Smooth Stone"},{"floor":10,"key":"Replay:Mystery Machine"},{"floor":13,"key":"Gremlin Food"},{"floor":14,"key":"Pear"}],"event_choices":[{"damage_healed":0,"gold_gain":75,"player_choice":"Gather Gold","damage_taken":11,"max_hp_gain":0,"max_hp_loss":0,"event_name":"World of Goop","floor":2,"gold_loss":0},{"cards_removed":["Strike_G"],"damage_healed":0,"gold_gain":0,"player_choice":"Card Removal","damage_taken":0,"max_hp_gain":0,"max_hp_loss":0,"event_name":"The Cleric","floor":3,"gold_loss":50},{"damage_healed":0,"gold_gain":0,"player_choice":"Obtained Relic","damage_taken":0,"relics_obtained":["Pen Nib"],"max_hp_gain":0,"max_hp_loss":0,"event_name":"Addict","floor":19,"gold_loss":85},{"damage_healed":0,"gold_gain":0,"cards_transformed":["Strike_G","Strike_G"],"player_choice":"Transformed Cards","damage_taken":0,"max_hp_gain":0,"max_hp_loss":0,"event_name":"Designer","floor":20,"gold_loss":60,"cards_obtained":["Backstab","Hidden Blade"]}],"is_beta":false,"boss_relics":[{"not_picked":["Velvet Choker","Kintsugi"],"picked":"Replay:Ancient Bell"},{"not_picked":["Happy Flower","Simple Rune"],"picked":"Potion Belt"},{"not_picked":["Divine Protection","Replay:Bottled Snecko"],"picked":"Toxic Egg 2"},{"not_picked":["Mango","Counterbalance"],"picked":"Torii"}],"items_purged_floors":[],"is_endless":false,"potions_floor_spawned":[1,7,8,12,13,18],"killed_by":"Spheric Guardian","ascension_level":5}}