{"host":"o3b7ow6d1xe49css","time":1608011767,"event":{"mods":["2.2 Compatiblity","Act Like it!","Aspiration","BaseMod","Bestiary","Better Altar","Better Match","Better Note","Better Sensory Stone","Better Skull","Better Third Choice","Colored Powertips","Conspire","Downfall","Elementarium","Energized Spire","GifTheSpireLib","Halation","Hermit","Hubris","Infinite Spire","Minty Spire (QoL Compilation)","Quick Restart","Replay The Spire","Spicy Shops","Spikes Relics","StSLib","Stuff the Spire","The Blue Laboratory","The Jungle","Wandering Minibosses","vexMod"],"gold_per_floor":[117,136,155,105,221,254,254,281,333,358,377,407,407,407,407,507,507,522,34,371,371,14,39,39,72,99,99,130,130,157,190,190,288,288,306,323,343,343,94,94,94,125,172,207,30,30,30,64,64,64],"floor_reached":51,"playtime":1882,"items_purged":["Doubt","Strike_P","Strike_P"],"score":1098,"play_id":"849e8ff5-c743-4ab0-a41b-6e94c8f305a2","local_time":"20201214205607","daily_mods":["Heirloom","Flight","Elite Swarm"],"is_ascension_mode":true,"campfire_choices":[{"data":"Eruption","floor":7,"key":"SMITH"},{"data":"infinitespire:UltimateForm","floor":13,"key":"SMITH"},{"data":"Sword Boomerang","floor":15,"key":"SMITH"},{"floor":24,"key":"REST"},{"floor":29,"key":"REST"},{"data":"ClearTheMind","floor":32,"key":"SMITH"},{"floor":40,"key":"REST"},{"floor":41,"key":"REST"},{"floor":46,"key":"REST"},{"data":"Vault","floor":49,"key":"SMITH"},{"data":"Establishment","floor":49,"key":"SMITH"}],"circlet_count":0,"master_deck":["Strike_P","Defend_P","Defend_P","Defend_P","Defend_P","Eruption+1","Vigilance","ClearTheMind+1","infinitespire:UltimateForm+1","BowlingBash","FollowUp+1","LessonLearned+1","Scrawl+1","LessonLearned+1","Sword Boomerang+1","Consecrate","BattleHymn+1","DevaForm","hubris:Fate","DeusExMachina+1","Fiend Fire","Crescendo+1","Scrawl","Establishment+1","Master of Strategy","Vault+1"],"relics":["PureWater","Ring of Chaos","champ:DeflectingBracers","Snecko Eye","hubris:DisguiseKit","Meat on the Bone","aspiration:Lifesprig","Pondfish Scales","Strawberry","hubris:TenFootPole","vexMod:MysteryBossChallenge","vexMod:EndlessSickness","hubris:Potato","hubris:MysteriousPyramids","hubris:Zylophone","StuffTheSpire:SapphireSignet","Replay:Bottled Steam","Simple Rune","Unceasing Top","StuffTheSpire:HeavyRock","Lizard Tail","vexMod:FocusSash","hubris:Stopwatch","Blood Vial","infinitespire:Eraser","Toy Ornithopter","StuffTheSpire:ForceGauntlet","halation:PenCase"],"acts_visited":["Exordium","TheCity","TheBeyond"],"potions_floor_usage":[18,23,25,31,33,37,50,50,50],"damage_taken":[{"damage":0,"enemies":"Small Slimes","floor":1,"turns":2},{"damage":0,"enemies":"Cultist","floor":2,"turns":3},{"damage":0,"enemies":"Jaw Worm","floor":3,"turns":2},{"damage":7,"enemies":"3 Sentries","floor":6,"turns":4},{"damage":9,"enemies":"Lagavulin","floor":8,"turns":6},{"damage":0,"enemies":"3 Sentries","floor":10,"turns":2},{"damage":0,"enemies":"Exordium Thugs","floor":11,"turns":3},{"damage":0,"enemies":"Lagavulin","floor":12,"turns":3},{"damage":0,"enemies":"Fading Forest","floor":16,"turns":6},{"damage":15,"enemies":"3 Byrds","floor":18,"turns":4},{"damage":19,"enemies":"2 Thieves","floor":20,"turns":6},{"damage":13,"enemies":"Book of Stabbing","floor":23,"turns":4},{"damage":30,"enemies":"Gremlin Leader","floor":25,"turns":3},{"damage":18,"enemies":"Nightmare","floor":28,"turns":3},{"damage":25,"enemies":"Slavers","floor":30,"turns":4},{"damage":0,"enemies":"Gremlin Leader","floor":31,"turns":3},{"damage":18,"enemies":"Champ","floor":33,"turns":6},{"damage":0,"enemies":"3 Shapes","floor":35,"turns":2},{"damage":23,"enemies":"3 Darklings","floor":36,"turns":3},{"damage":33,"enemies":"Writhing Mass","floor":37,"turns":4},{"damage":21,"enemies":"Nemesis","floor":42,"turns":3},{"damage":8,"enemies":"Giant Head","floor":44,"turns":4},{"damage":14,"enemies":"R_Hoarder","floor":48,"turns":4},{"damage":8,"enemies":"Replay:Hell Engine","floor":50,"turns":3}],"seed_played":"-5721928734149136163","potions_obtained":[{"floor":2,"key":"Elixir"},{"floor":3,"key":"SpeedPotion"},{"floor":8,"key":"blueLaboratory:PhilterOfMotion"},{"floor":20,"key":"blueLaboratory:PyrophylliteBrew"},{"floor":25,"key":"blueLaboratory:RememoryPotion"},{"floor":30,"key":"Explosive Potion"},{"floor":33,"key":"blueLaboratory:TrueEctoplasm"},{"floor":37,"key":"Strength Potion"},{"floor":44,"key":"SkillPotion"},{"floor":48,"key":"blueLaboratory:BottledTrinity"}],"is_trial":true,"path_per_floor":["M","M","M","?","?","E","R","E","T","E","M","E","R","?","R","B",null,"M","$","M","?","$","E","R","E","T","AVR","NM","R","E","E","R","B",null,"M","M","M","?","$","R","R","E","T","E","$","R","AVR","E","R","B",null],"character_chosen":"WATCHER","items_purchased":["hubris:Potato","hubris:MysteriousPyramids","Consecrate","hubris:Zylophone","BattleHymn","Blood Vial","Master of Strategy"],"campfire_rested":5,"item_purchase_floors":[19,19,19,22,22,39,45],"current_hp_per_floor":[72,72,72,72,63,56,56,47,47,47,47,54,54,54,54,62,75,60,60,41,41,41,40,63,45,45,45,39,62,49,49,49,47,71,71,48,27,27,27,49,71,52,52,46,46,68,68,56,56,65],"gold":64,"neow_bonus":"","is_daily":false,"chose_seed":false,"campfire_upgraded":6,"win_rate":0.0,"timestamp":1608011767,"path_taken":["M","M","M","?","?","E","R","E","T","E","?","E","R","?","R","BOSS","M","$","M","?","$","E","R","E","T","AVR","NM","R","E","E","R","BOSS","M","M","?","?","$","R","R","E","T","E","$","R","AVR","E","R","BOSS"],"items_purchased_type":["Relic","Relic","Card","Relic","Card","Relic","Card"],"build_version":"2020-12-13","purchased_purges":3,"victory":true,"max_hp_per_floor":[72,72,72,72,72,72,72,72,72,72,72,79,79,79,79,79,79,79,79,79,79,79,79,79,79,79,79,79,79,79,79,79,79,79,79,79,79,75,75,75,75,75,75,75,75,75,75,75,75,75],"card_choices":[{"not_picked":["FlurryOfBlows","FollowUp"],"picked":"ClearTheMind","floor":1},{"not_picked":["ThirdEye","Prostrate"],"picked":"BowlingBash","floor":2},{"not_picked":["ThirdEye","CarveReality"],"picked":"FollowUp","floor":3},{"not_picked":["Replay:AllIn","Blasphemy"],"picked":"LessonLearned","floor":6},{"not_picked":["Replay:LoomingThreat","Wish","Hemogenesis"],"picked":"Scrawl","floor":8},{"not_picked":["ConjureBlade","Devotion","Demon Form"],"picked":"LessonLearned","floor":10},{"not_picked":["DeceiveReality","FlurryOfBlows","BowlingBash"],"picked":"Sword Boomerang","floor":11},{"not_picked":["Establishment","Devotion","LessonLearned","Juggernaut"],"picked":"SKIP","floor":12},{"not_picked":["Replay:Anticipation+1","Halt","Swivel","StuffTheSpire:Resist"],"picked":"SKIP","floor":18},{"not_picked":["Replay:AtTheReady","EmptyMind","SashWhip","Berserk"],"picked":"SKIP","floor":20},{"not_picked":["Devotion","Brilliance","Replay:AllIn","StuffTheSpire:TitanForm"],"picked":"SKIP","floor":23},{"not_picked":["Omniscience","Scrawl","conspire:Purge"],"picked":"DevaForm","floor":25},{"not_picked":["infinitespire:FinalStrike","ReplayTheSpireMod:??????????????????????"],"picked":"hubris:Fate","floor":28},{"not_picked":["Replay:LoomingThreat","Replay:AllIn","DevaForm","Barricade"],"picked":"SKIP","floor":28},{"not_picked":["Replay:AllIn","SpiritShield","Barricade"],"picked":"DeusExMachina","floor":30},{"not_picked":["DeusExMachina","Alpha","Replay:AllIn","Demonic Infusion"],"picked":"SKIP","floor":31},{"not_picked":["DeusExMachina","Alpha","Ragnarok"],"picked":"Fiend Fire","floor":33},{"not_picked":["FlyingSleeves","FlurryOfBlows+1","Infernal Blade"],"picked":"Crescendo+1","floor":35},{"not_picked":["Consecrate","MentalFortress+1","DeceiveReality","Body Slam"],"picked":"SKIP","floor":36},{"not_picked":["CrushJoints","CutThroughFate","EmptyBody+1","Flex"],"picked":"SKIP","floor":37},{"not_picked":["LessonLearned","Alpha","Brutality"],"picked":"Scrawl","floor":42},{"not_picked":["Blasphemy","DeusExMachina","StuffTheSpire:TitanForm"],"picked":"Establishment","floor":44},{"not_picked":["Brilliance","Omniscience","Reaper"],"picked":"Vault","floor":48}],"player_experience":1704814,"relics_obtained":[{"floor":6,"key":"hubris:DisguiseKit"},{"floor":8,"key":"Meat on the Bone"},{"floor":9,"key":"aspiration:Lifesprig"},{"floor":10,"key":"Pondfish Scales"},{"floor":12,"key":"Strawberry"},{"floor":23,"key":"StuffTheSpire:SapphireSignet"},{"floor":25,"key":"Replay:Bottled Steam"},{"floor":26,"key":"Simple Rune"},{"floor":28,"key":"StuffTheSpire:HeavyRock"},{"floor":30,"key":"Lizard Tail"},{"floor":31,"key":"vexMod:FocusSash"},{"floor":42,"key":"infinitespire:Eraser"},{"floor":43,"key":"Toy Ornithopter"},{"floor":44,"key":"StuffTheSpire:ForceGauntlet"},{"floor":48,"key":"halation:PenCase"}],"event_choices":[{"cards_removed":["Strike_P"],"damage_healed":0,"gold_gain":0,"player_choice":"Card Removal","damage_taken":0,"max_hp_gain":0,"max_hp_loss":0,"event_name":"The Cleric","floor":4,"gold_loss":50},{"damage_healed":0,"gold_gain":116,"player_choice":"GO ","damage_taken":10,"relics_obtained":[],"max_hp_gain":0,"max_hp_loss":0,"event_name":"betterSkull:BetterSkull","floor":5,"gold_loss":0,"cards_upgraded":[]},{"damage_healed":0,"gold_gain":0,"player_choice":"Gave Potion","damage_taken":0,"relics_obtained":["hubris:TenFootPole"],"max_hp_gain":0,"max_hp_loss":0,"event_name":"WeMeetAgain","floor":14,"gold_loss":0},{"damage_healed":0,"gold_gain":0,"player_choice":"Bought 0 Potions","damage_taken":0,"max_hp_gain":0,"max_hp_loss":0,"event_name":"The Woman in Blue","floor":21,"gold_loss":0},{"damage_healed":0,"gold_gain":0,"player_choice":"Max HP","damage_taken":0,"max_hp_gain":0,"max_hp_loss":4,"event_name":"Winding Halls","floor":38,"gold_loss":0}],"is_beta":false,"boss_relics":[{"not_picked":["aspiration:RunicSpoon","Runic Dome"],"picked":"vexMod:MysteryBossChallenge"},{"not_picked":["hubris:CrackedHourglass","StuffTheSpire:RunicConfusion"],"picked":"hubris:Stopwatch"}],"items_purged_floors":[19,39,47],"is_endless":true,"potions_floor_spawned":[2,3,8,12,20,25,30,33,37,44,48],"ascension_level":5}}