{"host":"vgoo8hagqzs0eqkg","time":1608041850,"event":{"mods":["BaseMod","Lobotomy","Minty Spire (QoL Compilation)","Quick Restart","StSLib"],"gold_per_floor":[110,124,124,135,151,179,179,179,179,129,142,142,142],"floor_reached":12,"playtime":639,"items_purged":[],"score":80,"play_id":"058fdd38-1ef7-48dd-b651-aa9a25e63161","local_time":"20201215221730","is_ascension_mode":false,"campfire_choices":[{"data":"Armaments","floor":8,"key":"SMITH"}],"circlet_count":0,"master_deck":["Strike_R","Strike_R","Strike_R","Strike_R","Defend_R","Defend_R","Defend_R","Defend_R","Bash","CrumblingArmor","True Grit","Laetitia","Second Wind","BeautyBeast","OSAHOGD","Armaments+1","BodiesMountain","Entrench","SpiderBud","Body Slam"],"relics":["Burning Blood","CogitoBucket","Blue Candle","Ornamental Fan","Darkstone Periapt","TreeSap"],"acts_visited":["Exordium"],"potions_floor_usage":[],"damage_taken":[{"damage":5,"enemies":"Small Slimes","floor":1,"turns":4},{"damage":4,"enemies":"Jaw Worm","floor":2,"turns":3},{"damage":7,"enemies":"Cultist","floor":4,"turns":4},{"damage":16,"enemies":"Large Slime","floor":5,"turns":7},{"damage":40,"enemies":"Gremlin Nob","floor":6,"turns":5},{"damage":26,"enemies":"Blue Slaver","floor":11,"turns":9},{"damage":28,"enemies":"3 Sentries","floor":12,"turns":4}],"seed_played":"-3589062942887612071","potions_obtained":[{"floor":11,"key":"DistilledChaos"}],"is_trial":false,"path_per_floor":["M","M","?","M","M","E","?","R","T","?","M","E"],"character_chosen":"IRONCLAD","items_purchased":[],"campfire_rested":0,"item_purchase_floors":[],"current_hp_per_floor":[80,80,73,72,62,28,33,33,33,33,18,0,0],"gold":142,"neow_bonus":"","is_daily":false,"chose_seed":false,"campfire_upgraded":1,"win_rate":0.0,"timestamp":1608041850,"path_taken":["M","M","?","M","M","E","?","R","T","?","M","E"],"items_purchased_type":[],"build_version":"2020-12-13","purchased_purges":0,"victory":false,"max_hp_per_floor":[80,80,80,80,80,80,85,85,85,85,85,85,85],"card_choices":[{"not_picked":["FairyFestival","OldLady"],"picked":"CrumblingArmor","floor":1},{"not_picked":["Perfected Strike","Iron Wave"],"picked":"True Grit","floor":1},{"not_picked":["LittleHelper","FairyFestival"],"picked":"Laetitia","floor":2},{"not_picked":["Thunderclap","Dropkick"],"picked":"Second Wind","floor":2},{"not_picked":["UniverseFragment","Wellcheers"],"picked":"BeautyBeast","floor":4},{"not_picked":["Iron Wave","Flex","Hemokinesis"],"picked":"SKIP","floor":4},{"not_picked":["Iron Wave","Flex","Hemokinesis"],"picked":"SKIP","floor":4},{"not_picked":["CherryBlossoms","Alriune"],"picked":"OSAHOGD","floor":5},{"not_picked":["Double Tap","Flex"],"picked":"Armaments","floor":5},{"not_picked":["UniverseFragment","Wellcheers"],"picked":"BodiesMountain","floor":6},{"not_picked":["Thunderclap","Armaments"],"picked":"Entrench","floor":6},{"not_picked":["WallGazer","Woodsman"],"picked":"SpiderBud","floor":11},{"not_picked":["Perfected Strike","Intimidate"],"picked":"Body Slam","floor":11}],"player_experience":308454,"relics_obtained":[{"floor":6,"key":"Ornamental Fan"},{"floor":9,"key":"Darkstone Periapt"}],"event_choices":[{"damage_healed":0,"gold_gain":0,"player_choice":"Success","damage_taken":7,"relics_obtained":["Blue Candle"],"max_hp_gain":0,"max_hp_loss":0,"event_name":"Scrap Ooze","floor":3,"gold_loss":0},{"damage_healed":0,"gold_gain":0,"player_choice":"Donut","damage_taken":0,"max_hp_gain":5,"max_hp_loss":0,"event_name":"Big Fish","floor":7,"gold_loss":0},{"cards_removed":["Strike_R"],"damage_healed":0,"gold_gain":0,"player_choice":"Card Removal","damage_taken":0,"max_hp_gain":0,"max_hp_loss":0,"event_name":"The Cleric","floor":10,"gold_loss":50}],"is_beta":false,"boss_relics":[],"items_purged_floors":[],"is_endless":false,"potions_floor_spawned":[11],"killed_by":"3 Sentries","ascension_level":0}}