{"host":"eemx8njkng76fu5x","time":1608052246,"event":{"mods":["2.2 Compatiblity","BaseMod","Downfall","Minty Spire (QoL Compilation)","Permanent Neow","StSLib","Unceasing Turn Reminder","Unknown Chances"],"gold_per_floor":[99,116,127,277,202,232,232,232,257,182,197,210,120,66,77,181,181,181,193,213,213,25,54,104,138,63,97,197,207,224,84,100,203,203,203,229,229,229,242,252,252,282,282,310,327,343,363,383,399,399,399,424,139,139,139],"floor_reached":56,"playtime":3869,"items_purged":["Slimebound:Icky","champ:Strike","champ:Strike","champ:Strike"],"score":1697,"play_id":"f65f5702-c84d-4dd3-ac63-5e2faff39626","local_time":"20201216011046","is_ascension_mode":true,"campfire_choices":[{"floor":1.0,"key":"RECALL"},{"data":"champ:Taunt","floor":5.0,"key":"SMITH"},{"data":"champ:BringItOn","floor":8.0,"key":"SMITH"},{"data":"champ:BerserkerStyle","floor":10.0,"key":"SMITH"},{"data":"champ:Duel","floor":18.0,"key":"SMITH"},{"data":"champ:EndlessRage","floor":21.0,"key":"SMITH"},{"data":"champ:StanceDance","floor":26.0,"key":"SMITH"},{"data":"champ:Lariat","floor":35,"key":"SMITH"},{"data":"champ:AdrenalArmor","floor":38,"key":"SMITH"},{"data":"champ:SwordThrow","floor":43,"key":"SMITH"},{"data":"champ:FocusedBerserking","floor":54,"key":"SMITH"}],"circlet_count":0,"master_deck":["champ:Strike","champ:Defend","champ:Defend","champ:Defend","champ:Defend","champ:Execute","champ:Taunt+1","champ:BringItOn+1","champ:BerserkerStyle+1","champ:RageSigil","champ:AdrenalArmor+1","champ:SwordThrow+1","champ:Duel+1","champ:BerserkerStyle","champ:EndlessRage+1","champ:AdrenalArmor","champ:StanceDance+1","champ:Lariat+1","champ:DeathBlow","champ:CalledShot+1","champ:FocusedBerserking+1","champ:VampiricStrike","champ:RageSigil+1","champ:DeathBlow","champ:AdrenalArmor+1","champ:BringItOn","champ:FocusedBerserking+1"],"relics":["champ:ChampionCrown","downfall:HeartBlessingRed","Dream Catcher","MealTicket","Oddly Smooth Stone","downfall:HeartBlessingGreen","Sozu","Letter Opener","Ornamental Fan","downfall:HeartBlessingBlue","Pen Nib","Runic Pyramid","Blood Vial","Question Card","Kunai","Darkstone Periapt","Chemical X","Bag of Preparation","Mango"],"acts_visited":["Exordium","TheCity","TheBeyond","TheEnding"],"potions_floor_usage":[],"damage_taken":[{"damage":5.0,"enemies":"Small Slimes","floor":2.0,"turns":3.0},{"damage":0.0,"enemies":"Cultist","floor":3.0,"turns":4.0},{"damage":30.0,"enemies":"Lagavulin","floor":6.0,"turns":9.0},{"damage":64.0,"enemies":"3 Sentries","floor":9.0,"turns":12.0},{"damage":15.0,"enemies":"Jaw Worm","floor":11.0,"turns":2.0},{"damage":17.0,"enemies":"Red Slaver","floor":12.0,"turns":4.0},{"damage":17.0,"enemies":"downfall:FleeingMerchant","floor":13.0,"turns":4.0},{"damage":25.0,"enemies":"downfall:FleeingMerchant","floor":14.0,"turns":4.0},{"damage":26.0,"enemies":"Exordium Wildlife","floor":15.0,"turns":3.0},{"damage":54.0,"enemies":"downfall:Defect","floor":16.0,"turns":9.0},{"damage":25.0,"enemies":"Chosen","floor":19.0,"turns":3.0},{"damage":23.0,"enemies":"Spheric Guardian","floor":20.0,"turns":5.0},{"damage":32.0,"enemies":"downfall:FleeingMerchant","floor":22.0,"turns":4.0},{"damage":78.0,"enemies":"Book of Stabbing","floor":23.0,"turns":7.0},{"damage":109.0,"enemies":"Slavers","floor":25.0,"turns":9.0},{"damage":70.0,"enemies":"Gremlin Leader","floor":27.0,"turns":6.0},{"damage":97.0,"enemies":"Snake Plant","floor":29.0,"turns":5.0},{"damage":54.0,"enemies":"Chosen and Byrds","floor":30.0,"turns":3.0},{"damage":66.0,"enemies":"downfall:FleeingMerchant","floor":31.0,"turns":4.0},{"damage":67,"enemies":"Cultist and Chosen","floor":32,"turns":6},{"damage":119,"enemies":"downfall:Watcher","floor":33,"turns":7},{"damage":74,"enemies":"Nemesis","floor":36,"turns":5},{"damage":56,"enemies":"Orb Walker","floor":39,"turns":3},{"damage":78,"enemies":"3 Darklings","floor":40,"turns":4},{"damage":139,"enemies":"Reptomancer","floor":42,"turns":5},{"damage":90,"enemies":"Nemesis","floor":44,"turns":5},{"damage":117,"enemies":"Transient","floor":45,"turns":5},{"damage":60,"enemies":"Writhing Mass","floor":46,"turns":4},{"damage":91,"enemies":"Spire Growth","floor":47,"turns":4},{"damage":87,"enemies":"downfall:FleeingMerchant","floor":48,"turns":3},{"damage":119,"enemies":"Maw","floor":49,"turns":5},{"damage":201,"enemies":"downfall:Ironclad","floor":50,"turns":7},{"damage":163,"enemies":"downfall:CharBossMerchant","floor":52,"turns":7},{"damage":472,"enemies":"downfall:NeowBoss","floor":55,"turns":19}],"seed_played":"1305457049887270976","potions_obtained":[{"floor":2.0,"key":"ColorlessPotion"},{"floor":9.0,"key":"EssenceOfSteel"},{"floor":11.0,"key":"Dexterity Potion"},{"floor":15.0,"key":"Weak Potion"}],"is_trial":false,"path_per_floor":["R","M","M","?","R","E","T","R","E","R","M","M","$","$","M","B",null,"R","M","M","R","$","E","T","E","R","E","?","M","M","$","M","B",null,"R","E","?","R","M","M","T","E","R","E","M","M","M","$","M","B",null,"E","$","R","B",null],"character_chosen":"THE_CHAMP","items_purchased":["champ:BerserkerStyle","champ:Lariat","Chemical X","champ:BringItOn","Mango"],"campfire_rested":0,"item_purchase_floors":[14,22,48,48,53],"current_hp_per_floor":[81,81,81,81,81,68,68,68,25,25,21,15,30,45,39,30,108,108,108,108,108,108,108,108,67,77,94,94,92,105,118,118,118,118,118,118,118,118,118,118,118,118,118,118,118,118,118,113,118,118,118,118,132,132,132],"gold":139,"neow_bonus":"TWENTY_PERCENT_HP_BONUS","is_daily":false,"chose_seed":false,"campfire_upgraded":10,"win_rate":0.0,"timestamp":1608052246,"path_taken":["R","M","M","?","R","E","T","R","E","R","M","M","$","$","M","BOSS","R","M","M","R","$","E","T","E","R","E","?","M","?","$","M","BOSS","R","E","?","R","M","M","T","E","R","E","M","?","M","$","M","BOSS","E","$","R","BOSS"],"items_purchased_type":["Card","Card","Relic","Card","Relic"],"build_version":"2020-12-13","purchased_purges":4,"victory":true,"max_hp_per_floor":[108,108,108,108,108,108,108,108,108,108,108,108,108,108,108,108,108,108,108,108,108,108,108,108,108,118,118,118,118,118,118,118,118,118,118,118,118,118,118,118,118,118,118,118,118,118,118,118,118,118,118,118,132,132,132],"card_choices":[{"not_picked":["champ:SwordSigil","champ:FlashCut"],"picked":"champ:BringItOn","floor":2.0},{"not_picked":["champ:TornadoPunch","champ:Haymaker"],"picked":"champ:BerserkerStyle","floor":3.0},{"not_picked":["champ:SkillfulDodge","champ:RapidStrikes","champ:TornadoPunch"],"picked":"SKIP","floor":6.0},{"not_picked":["champ:Circumvent","champ:ViciousMockery"],"picked":"champ:RageSigil","floor":9.0},{"not_picked":["champ:FanOfKnives","champ:BladeFlurry"],"picked":"champ:AdrenalArmor","floor":11.0},{"not_picked":["champ:Riposte","champ:BerserkersShout"],"picked":"champ:SwordThrow","floor":12.0},{"not_picked":["champ:ShieldSigil","champ:Aggression"],"picked":"champ:Duel","floor":13.0},{"not_picked":["champ:Circumvent","champ:Encircle","champ:Riposte"],"picked":"SKIP","floor":14.0},{"not_picked":["champ:GladiatorsShout","champ:RageSigil"],"picked":"champ:EndlessRage","floor":15.0},{"not_picked":["champ:TornadoPunch+1","champ:CrookedStrike+1"],"picked":"champ:AdrenalArmor","floor":19.0},{"not_picked":["champ:BringItOn+1","champ:CrookedStrike"],"picked":"champ:StanceDance","floor":20.0},{"not_picked":["champ:SwordSigil","champ:FanOfKnives","champ:ShieldThrow"],"picked":"SKIP","floor":22.0},{"not_picked":["champ:AdrenalArmor","champ:FocusedDefense+1"],"picked":"champ:DeathBlow","floor":23.0},{"not_picked":["champ:Control","champ:FanOfKnives"],"picked":"champ:CalledShot+1","floor":25.0},{"not_picked":["champ:CalledShot","champ:Encircle+1","champ:PerfectedStrike"],"picked":"SKIP","floor":27.0},{"not_picked":["champ:Riposte+1","champ:DefensiveShout"],"picked":"champ:FocusedBerserking","floor":29.0},{"not_picked":["champ:PerfectedStrike+1","champ:Haymaker","champ:TornadoPunch+1"],"picked":"SKIP","floor":30.0},{"not_picked":["champ:StanceDance+1","champ:BringItOn","champ:Haymaker"],"picked":"SKIP","floor":31.0},{"not_picked":["champ:ArenaPreparation+1","champ:IgnorePain","champ:GladiatorStyle+1"],"picked":"SKIP","floor":32},{"not_picked":["champ:Improvising","champ:PerfectForm"],"picked":"champ:VampiricStrike","floor":33},{"not_picked":["champ:StanceDance+1","champ:GladiatorsShout"],"picked":"champ:RageSigil+1","floor":36},{"not_picked":["champ:StanceDance+1","champ:RageSigil","champ:Encircle+1"],"picked":"SKIP","floor":39},{"not_picked":["champ:SwordSigil+1","champ:BerserkersShout","champ:FaceSlap+1"],"picked":"SKIP","floor":40},{"not_picked":["champ:SwordSigil+1","champ:BerserkersShout","champ:FaceSlap+1"],"picked":"SKIP","floor":40},{"not_picked":["champ:FocusedDefense+1","champ:FanOfKnives+1","champ:FocusedGladiator"],"picked":"champ:DeathBlow","floor":42},{"not_picked":["champ:CrookedStrike","champ:DeathBlow+1","champ:BerserkersShout","champ:DefensiveShout+1"],"picked":"SKIP","floor":44},{"not_picked":["champ:DefensiveShout","champ:GladiatorsShout","champ:CrookedStrike","champ:Aggression+1"],"picked":"SKIP","floor":45},{"not_picked":["champ:Devastate","champ:StanceDance+1","champ:Encircle+1","champ:Control"],"picked":"SKIP","floor":46},{"not_picked":["champ:Circumvent","champ:FocusedGladiator+1","champ:BladeFlurry","champ:PreciseThrust+1"],"picked":"SKIP","floor":47},{"not_picked":["champ:IgnorePain","champ:Duel","champ:Control+1"],"picked":"champ:AdrenalArmor+1","floor":48},{"not_picked":["champ:BringItOn","champ:ViciousMockery+1","champ:Aggression"],"picked":"champ:FocusedBerserking+1","floor":49},{"not_picked":["champ:ShieldSigil+1","champ:FocusedGladiator+1","champ:TornadoPunch","champ:FlashCut+1"],"picked":"SKIP","floor":52}],"player_experience":358958,"relics_obtained":[{"floor":6.0,"key":"Dream Catcher"},{"floor":7.0,"key":"MealTicket"},{"floor":9.0,"key":"Oddly Smooth Stone"},{"floor":23.0,"key":"Letter Opener"},{"floor":25.0,"key":"Ornamental Fan"},{"floor":27.0,"key":"Pen Nib"},{"floor":36,"key":"Blood Vial"},{"floor":41,"key":"Question Card"},{"floor":42,"key":"Kunai"},{"floor":44,"key":"Darkstone Periapt"},{"floor":52,"key":"Bag of Preparation"}],"event_choices":[{"damage_healed":0,"gold_gain":0,"player_choice":"Got Potions","damage_taken":0,"max_hp_gain":0,"max_hp_loss":0,"event_name":"Lab","floor":37,"gold_loss":0}],"is_beta":false,"boss_relics":[{"not_picked":["Astrolabe","Calling Bell"],"picked":"Sozu"},{"not_picked":["SlaversCollar","champ:PowerArmor"],"picked":"Runic Pyramid"}],"items_purged_floors":[13,22,31,48],"is_endless":false,"potions_floor_spawned":[2,9,11,15,23,25,27,30,32,33,39,40,44,46,47,52],"ascension_level":1}}