{"host":"egyxg9lnjq7g2hmw","time":1608004087,"event":{"mods":["AchievementEnabler","BaseMod","Block Reminder","Colored Map","Colored Powertips","Highlight Path","Minty Spire (QoL Compilation)","Rare Cards Sparkle","StSLib"],"gold_per_floor":[111,111,124,142,112,112,154,154,154,154,154],"floor_reached":10,"playtime":355,"items_purged":[],"score":119,"play_id":"28f9ec7f-13c1-4123-b6d2-124a1da516ae","local_time":"20201214194807","is_ascension_mode":true,"campfire_choices":[{"data":"Neutralize","floor":6,"key":"SMITH"},{"floor":8,"key":"REST"}],"circlet_count":0,"master_deck":["AscendersBane","Strike_G","Strike_G","Strike_G","Strike_G","Defend_G","Defend_G","Defend_G","Defend_G","Defend_G","Survivor","Neutralize+1","Deadly Poison","Tactician","Bane","Storm of Steel"],"relics":["Ring of the Snake","NeowsBlessing","CeramicFish","Blue Candle"],"acts_visited":["Exordium"],"potions_floor_usage":[5,7],"damage_taken":[{"damage":0,"enemies":"2 Louse","floor":1,"turns":1},{"damage":0,"enemies":"Jaw Worm","floor":3,"turns":1},{"damage":0,"enemies":"Small Slimes","floor":4,"turns":1},{"damage":15,"enemies":"Exordium Thugs","floor":5,"turns":5},{"damage":27,"enemies":"Gremlin Nob","floor":7,"turns":5},{"damage":37,"enemies":"3 Sentries","floor":10,"turns":9}],"seed_played":"2614459017030016785","potions_obtained":[{"floor":1,"key":"Strength Potion"},{"floor":5,"key":"Block Potion"},{"floor":7,"key":"Ancient Potion"}],"is_trial":false,"path_per_floor":["M","?","M","M","M","R","E","R","T","E"],"character_chosen":"THE_SILENT","items_purchased":[],"campfire_rested":1,"item_purchase_floors":[],"current_hp_per_floor":[59,52,52,52,37,37,10,29,29,0,0],"gold":154,"neow_bonus":"THREE_ENEMY_KILL","is_daily":false,"chose_seed":false,"campfire_upgraded":1,"win_rate":0.0,"timestamp":1608004087,"path_taken":["M","?","M","M","M","R","E","R","T","E"],"items_purchased_type":[],"build_version":"2020-12-13","purchased_purges":0,"victory":false,"max_hp_per_floor":[66,66,66,66,66,66,66,66,66,66,66],"card_choices":[{"not_picked":["Finisher","Blade Dance"],"picked":"Deadly Poison","floor":1},{"not_picked":["Distraction","Cloak And Dagger"],"picked":"Tactician","floor":3},{"not_picked":["Dagger Spray","Endless Agony"],"picked":"Bane","floor":4},{"not_picked":["Outmaneuver","PiercingWail","Backflip"],"picked":"SKIP","floor":5},{"not_picked":["Outmaneuver","Deadly Poison"],"picked":"Storm of Steel","floor":7}],"player_experience":456319,"relics_obtained":[{"floor":7,"key":"CeramicFish"},{"floor":9,"key":"Blue Candle"}],"event_choices":[{"cards_removed":["Strike_G"],"damage_healed":0,"gold_gain":0,"player_choice":"Card Removal","damage_taken":7,"max_hp_gain":0,"max_hp_loss":0,"event_name":"Golden Wing","floor":2,"gold_loss":0}],"is_beta":false,"boss_relics":[],"items_purged_floors":[],"is_endless":false,"potions_floor_spawned":[1,5,7],"killed_by":"3 Sentries","ascension_level":15}}