{"host":"u0f5uy314yz7olfc","time":1608063117,"event":{"mods":["AchievementEnabler","Aspiration","BaseMod","Bestiary","Better Altar","Better Match","Better Note","Better Sensory Stone","Better Skull","Better Synergies","Better Third Choice","Better Vampires","BetterRewards","Block Reminder","Colored Map","Colored Powertips","Dota2Spire","Emptier Cage","Energized Spire","Friendly Minions","GifTheSpireLib","Gold Saver","Highlight Path","Hubris","Infinite Spire","Ironclad Rager","Marked Mod","Minty Spire (QoL Compilation)","Permanent Neow","Quick Restart","Rare Cards Sparkle","Relic Stats","Replay The Spire","Retaliation","Shop Mod","StSLib","The Bladedancer","Watcher Patcher"],"gold_per_floor":[113,9,21,21,21,21,21,21,21,21,36,36,71,2,2,107,107,125,42,42,42,61,61,61,61,132,132,132,132,132,152,152,257,257,267,283,283,283,294,294,294,294],"floor_reached":41,"playtime":2398,"items_purged":["Stack"],"score":458,"play_id":"cc1cbf11-0948-49be-87d1-ea0dec8a69b2","local_time":"20201216031157","is_ascension_mode":false,"campfire_choices":[{"floor":6.0,"key":"REST"},{"floor":7.0,"key":"RECALL"},{"floor":15.0,"key":"REST"},{"floor":23.0,"key":"REST"},{"data":"infinitespire:FutureSight","floor":25.0,"key":"SMITH"},{"floor":27.0,"key":"REST"},{"floor":29.0,"key":"REST"},{"floor":40,"key":"REST"}],"circlet_count":0,"master_deck":["Strike_P","Defend_P","Defend_P","Defend_P","Defend_P","Eruption","Vigilance","Heatsinks","FollowUp","Weave","Weave","MarkedMod:Acupuncture+1","Weave","Weave","Adaptation","Replay:ManipulateFuture","Outmaneuver","Seeing Red","CutThroughFate+1","MarkedMod:PinPointDefense","ClearTheMind","Stack","CutThroughFate","MarkedMod:SlowDance","FollowUp","Bandage Up","MarkedMod:GracefulMovements","infinitespire:FutureSight+1","Replay:ManipulateFuture","hubris:Rewind","CutThroughFate","MasterReality","LikeWater+1","Forethought+1","Prostrate+1","MarkedMod:GentlePulse","MentalFortress","Looming Evil","ClearTheMind+1"],"relics":["PureWater","Toolbox","Blood Vial","WingedGreaves","Dota2Spire:DrumOfEndurance","hubris:Towel","Dota2Spire:MagicBottle","aspiration:PoetsPen_weak","infinitespire:ShieldingShard","Astrolabe","ClockworkSouvenir","Ring of Panic","Ring of Fury"],"acts_visited":["Exordium","TheCity","TheBeyond"],"potions_floor_usage":[39,39,41],"damage_taken":[{"damage":14.0,"enemies":"Jaw Worm","floor":1.0,"turns":4.0},{"damage":0.0,"enemies":"Small Slimes","floor":3.0,"turns":3.0},{"damage":0.0,"enemies":"Cultist","floor":11.0,"turns":3.0},{"damage":30.0,"enemies":"Lagavulin","floor":13.0,"turns":4.0},{"damage":24.0,"enemies":"Fading Forest","floor":16.0,"turns":11.0},{"damage":9.0,"enemies":"Chosen","floor":18.0,"turns":2.0},{"damage":35.0,"enemies":"2 Thieves","floor":22.0,"turns":2.0},{"damage":39.0,"enemies":"Snake Plant","floor":31.0,"turns":3.0},{"damage":11.0,"enemies":"Automaton","floor":33.0,"turns":4.0},{"damage":52.0,"enemies":"3 Shapes","floor":35.0,"turns":5.0},{"damage":33,"enemies":"3 Darklings","floor":36,"turns":6},{"damage":0,"enemies":"Transient","floor":39,"turns":5},{"damage":71,"enemies":"Nemesis","floor":41,"turns":6}],"seed_played":"4698450109454803561","potions_obtained":[{"floor":3.0,"key":"Explosive Potion"},{"floor":10.0,"key":"Reflective Coating"},{"floor":10.0,"key":"infinitespire:BlackPotion"},{"floor":10.0,"key":"FairyPotion"},{"floor":22.0,"key":"Toxic Potion"},{"floor":31.0,"key":"FearPotion"},{"floor":36,"key":"FearPotion"},{"floor":39,"key":"LiquidMemories"}],"is_trial":false,"path_per_floor":["M","$","M","?","$","R","R","R","T","?","M","?","E","$","R","B",null,"M","$","?","AVR","M","R","R","R","T","R","?","R","?","M","R_BF","B",null,"M","M","AVR","?","M","R","E"],"character_chosen":"WATCHER","items_purchased":["Heatsinks","Toolbox","Blood Vial","FollowUp","Weave","MarkedMod:Acupuncture","Weave","Adaptation","Replay:ManipulateFuture","Seeing Red","CutThroughFate+1","Stack","CutThroughFate","Bandage Up"],"campfire_rested":6,"item_purchase_floors":[0,0,0,0,0,0,0,0,0,2,2,14,14,19],"current_hp_per_floor":[28,28,30,30,30,51,51,51,51,51,53,53,25,25,46,59,72,63,63,63,63,30,51,51,51,51,72,55,72,72,40,61,56,72,33,6,6,6,12,33,0,0],"gold":294,"neow_bonus":"","is_daily":false,"chose_seed":false,"campfire_upgraded":1,"win_rate":0.0,"timestamp":1608063117,"path_taken":["M","$","M","?","$","R","R","R","T","?","?","?","E","$","R","BOSS","M","$","?","AVR","M","R","R","R","T","R","?","R","?","M","R_BF","BOSS","M","M","AVR","?","M","R","E"],"items_purchased_type":["Card","Relic","Relic","Card","Card","Card","Card","Card","Card","Card","Card","Card","Card","Card"],"build_version":"2020-12-13","purchased_purges":1,"victory":false,"max_hp_per_floor":[72,72,72,72,72,72,72,72,72,72,72,72,72,72,72,72,72,72,72,72,72,72,72,72,72,72,72,72,72,72,72,72,72,72,72,72,72,72,72,72,72,72],"relic_stats":{"Blood Vial":20,"counters":[56,228],"Astrolabe":["LikeWater","Forethought","Prostrate"],"obtain_stats":[{"infinitespire:BottledMercury":2,"Calipers":12,"Gremlin Horn":25,"Dota2Spire:RefresherOrb":17,"aspiration:PoetsPen_weak":17,"Boot":8,"Blood Vial":0,"Dota2Spire:MagicBottle":13,"infinitespire:ShieldingShard":21,"Philosopher\u0027s Stone":17,"MerchantsRug":3,"Dota2Spire:UrnOfShadows":3,"Happy Flower":22,"aspiration:Nostalgia":0,"ReplayTheSpireMod:CursedCoin":3,"Counterbalance":0,"Replay:Grab Bag":17,"Astrolabe":34,"Dota2Spire:Bloodstone":39,"aspiration:FrozenJewel":0,"Du-Vu Doll":5,"Bronze Scales":6,"Nloth\u0027s Gift":21,"Pocketwatch":8,"ReplayFunnel":30,"hubris:Metronome":26,"Lantern":0,"Dota2Spire:DrumOfEndurance":9,"Dota2Spire:Vanguard":0,"hubris:RunicObelisk":34,"hubris:EmptyBottle":39,"Dota2Spire:LotusOrb":0,"aspiration:StickyExplosives_weak":0,"ClockworkSouvenir":37,"hubris:Icosahedron":36,"Mummified Hand":0,"Toolbox":0,"WingedGreaves":4,"Ring of Panic":38,"Runic Pyramid":17,"Potion Belt":8,"Replay:M_StaffOfTheSnake":0,"Damaru":22,"infinitespire:CheckeredPen":4,"hubris:Towel":2,"Medical Kit":5,"MawBank":12,"Orrery":0,"HolyWater":17,"Ring of Fury":38,"Membership Card":2,"PureWater":0,"ReplayTheSpireMod:Lightbulb":9},{"infinitespire:BottledMercury":32,"Calipers":19,"Gremlin Horn":23,"Dota2Spire:RefresherOrb":20,"aspiration:PoetsPen_weak":48,"Boot":10,"Blood Vial":43,"Dota2Spire:MagicBottle":47,"infinitespire:ShieldingShard":49,"Philosopher\u0027s Stone":20,"MerchantsRug":2,"Dota2Spire:UrnOfShadows":2,"Happy Flower":22,"aspiration:Nostalgia":0,"ReplayTheSpireMod:CursedCoin":2,"Counterbalance":0,"Replay:Grab Bag":20,"Astrolabe":52,"Dota2Spire:Bloodstone":30,"aspiration:FrozenJewel":38,"Du-Vu Doll":33,"Bronze Scales":34,"Nloth\u0027s Gift":22,"Pocketwatch":42,"ReplayFunnel":26,"hubris:Metronome":23,"Lantern":31,"Dota2Spire:DrumOfEndurance":45,"Dota2Spire:Vanguard":14,"hubris:RunicObelisk":28,"hubris:EmptyBottle":30,"Dota2Spire:LotusOrb":0,"aspiration:StickyExplosives_weak":11,"ClockworkSouvenir":54,"hubris:Icosahedron":29,"Mummified Hand":5,"Toolbox":43,"WingedGreaves":45,"Ring of Panic":54,"Runic Pyramid":20,"Potion Belt":18,"Replay:M_StaffOfTheSnake":0,"Damaru":22,"infinitespire:CheckeredPen":39,"hubris:Towel":12,"Medical Kit":33,"MawBank":36,"Orrery":11,"HolyWater":20,"Ring of Fury":54,"Membership Card":32,"PureWater":0,"ReplayTheSpireMod:Lightbulb":2},{"infinitespire:BottledMercury":133,"Calipers":68,"Gremlin Horn":91,"Dota2Spire:RefresherOrb":79,"aspiration:PoetsPen_weak":195,"Boot":35,"Blood Vial":170,"Dota2Spire:MagicBottle":184,"infinitespire:ShieldingShard":197,"Philosopher\u0027s Stone":79,"MerchantsRug":4,"Dota2Spire:UrnOfShadows":4,"Happy Flower":87,"aspiration:Nostalgia":0,"ReplayTheSpireMod:CursedCoin":4,"Counterbalance":0,"Replay:Grab Bag":79,"Astrolabe":206,"Dota2Spire:Bloodstone":129,"aspiration:FrozenJewel":153,"Du-Vu Doll":136,"Bronze Scales":139,"Nloth\u0027s Gift":87,"Pocketwatch":168,"ReplayFunnel":105,"hubris:Metronome":91,"Lantern":131,"Dota2Spire:DrumOfEndurance":177,"Dota2Spire:Vanguard":48,"hubris:RunicObelisk":118,"hubris:EmptyBottle":129,"Dota2Spire:LotusOrb":0,"aspiration:StickyExplosives_weak":37,"ClockworkSouvenir":217,"hubris:Icosahedron":126,"Mummified Hand":16,"Toolbox":170,"WingedGreaves":177,"Ring of Panic":217,"Runic Pyramid":79,"Potion Belt":63,"Replay:M_StaffOfTheSnake":0,"Damaru":87,"infinitespire:CheckeredPen":158,"hubris:Towel":42,"Medical Kit":136,"MawBank":147,"Orrery":37,"HolyWater":79,"Ring of Fury":217,"Membership Card":133,"PureWater":0,"ReplayTheSpireMod:Lightbulb":4}]},"card_choices":[{"not_picked":["Underhanded Strike","Replay:BluntJabs"],"picked":"Outmaneuver","floor":1.0},{"not_picked":["Warcry","EmptyMind"],"picked":"MarkedMod:PinPointDefense","floor":3.0},{"not_picked":["Vengeance","Halt"],"picked":"ClearTheMind","floor":11.0},{"not_picked":["Replay:Cycle","FlyingSleeves"],"picked":"Stack","floor":13.0},{"not_picked":["Unload","Brilliance"],"picked":"MarkedMod:SlowDance","floor":16.0},{"not_picked":["Meditate+1","FearNoEvil"],"picked":"FollowUp","floor":18.0},{"not_picked":["Tactician","Stack"],"picked":"Replay:ManipulateFuture","floor":22.0},{"not_picked":["infinitespire:Menacing","infinitespire:UltimateForm"],"picked":"hubris:Rewind","floor":28.0},{"not_picked":["EmptyFist","Clash"],"picked":"CutThroughFate","floor":31.0},{"not_picked":["Storm of Steel","MarkedMod:ChiBlock"],"picked":"MasterReality","floor":33.0},{"not_picked":["WreathOfFlame","Underhanded Strike"],"picked":"MarkedMod:GentlePulse","floor":35.0},{"not_picked":["Rage","FearNoEvil+1"],"picked":"MentalFortress","floor":36},{"not_picked":["Replay:DivineShield+1","Indignation"],"picked":"ClearTheMind+1","floor":39}],"player_experience":299480,"relics_obtained":[{"floor":9.0,"key":"Dota2Spire:DrumOfEndurance"},{"floor":13.0,"key":"Dota2Spire:MagicBottle"},{"floor":38,"key":"Ring of Panic"},{"floor":38,"key":"Ring of Fury"}],"event_choices":[{"damage_healed":0.0,"max_hp_gain":0.0,"max_hp_loss":0.0,"gold_gain":0.0,"event_name":"Lab","player_choice":"Got Potions","floor":10.0,"gold_loss":0.0,"damage_taken":0.0},{"cards_removed":["MarkedMod:SlowDance"],"damage_healed":0.0,"max_hp_gain":0.0,"max_hp_loss":0.0,"gold_gain":0.0,"event_name":"betterNote:BetterNote","player_choice":"Take \u0026 Give","floor":20.0,"gold_loss":0.0,"damage_taken":0.0,"cards_obtained":["MarkedMod:GracefulMovements"]}],"is_beta":false,"boss_relics":[{"not_picked":["HolyWater","energizedSpire:SpiderWeb"],"picked":"aspiration:PoetsPen_weak"},{"not_picked":["hubris:HollowSoul","Tiny House"],"picked":"Astrolabe"}],"items_purged_floors":[21],"is_endless":false,"potions_floor_spawned":[3,22,31,36,39],"killed_by":"Nemesis","ascension_level":0}}