{"host":"5w5nlj9te6rhm47m","time":1608001858,"event":{"mods":["BaseMod","Downfall","Hermit","Minty Spire (QoL Compilation)","Replay The Spire","Shop Mod","StSLib"],"gold_per_floor":[99,99,99,62,75,94,117,42,70,70,85,31,481,36,46,151,201,201,201,215,233,233,245,297,297,310,338,351,367,367,380,395,395,395],"floor_reached":33,"playtime":2918,"items_purged":["Slimebound:Icky"],"score":319,"play_id":"48a1cdb9-00f4-4691-94e0-eec0bd28597e","local_time":"20201215111058","is_ascension_mode":false,"campfire_choices":[{"floor":1,"key":"RECALL"},{"data":"hexamod:Sear","floor":8,"key":"SMITH"},{"data":"hexamod:SoulSteal","floor":10,"key":"SMITH"},{"data":"hexamod:EmpoweredFlame","floor":22,"key":"SMITH"},{"data":"hexamod:Rewind","floor":25,"key":"SMITH"}],"circlet_count":0,"master_deck":["hexamod:Strike","hexamod:Strike","hexamod:Strike","hexamod:Strike+1","hexamod:Defend","hexamod:Defend","hexamod:Defend","hexamod:Defend+1","hexamod:Sear+1","hexamod:Float","Writhe","hexamod:RainOfEmbers","hexamod:NightmareStrike","hexamod:SoulSteal+1","hexamod:BacktrackSmack","hexamod:FourthSeal","hexamod:EmpoweredFlame+1","hexamod:GhostOfSpireFuture","hexamod:Hexaguard+1","hexamod:Hexaguard","Slimebound:Icky","Slimebound:Icky","hexamod:SixthSeal","Dark Shackles","hexamod:NightmareGuise+1","hexamod:TimeWarp","hexamod:NightmareGuise","hexamod:TimeWarp","hexamod:FastForward","hexamod:Rewind+1","hexamod:Again+1","hexamod:RecurringNightmare","hexamod:SoulSteal","hexamod:HeatShield","hexamod:BacktrackSmack","hexamod:ThermalTransfer+1"],"relics":["hexamod:SpiritBrand","downfall:HeartBlessingRed","Replay:Baseball","Quantum Egg","Tiny House","downfall:KnowingSkull","Toy Ornithopter","Happy Flower"],"acts_visited":["Exordium","TheCity"],"potions_floor_usage":[14,16,16,16,21,23,23,26,27,27,28,28,31,31,33,33],"damage_taken":[{"damage":0,"enemies":"downfall:FleeingMerchant","floor":4,"turns":4},{"damage":5,"enemies":"Small Slimes","floor":5,"turns":3},{"damage":1,"enemies":"Jaw Worm","floor":6,"turns":3},{"damage":20,"enemies":"Lagavulin","floor":9,"turns":5},{"damage":0,"enemies":"2 Louse","floor":11,"turns":2},{"damage":9,"enemies":"downfall:FleeingMerchant","floor":12,"turns":4},{"damage":14,"enemies":"downfall:FleeingMerchant","floor":14,"turns":4},{"damage":0,"enemies":"2 Fungi Beasts","floor":15,"turns":4},{"damage":9,"enemies":"downfall:Ironclad","floor":16,"turns":8},{"damage":17,"enemies":"3 Byrds","floor":20,"turns":5},{"damage":7,"enemies":"Shelled Parasite and Fungi","floor":21,"turns":7},{"damage":8,"enemies":"Centurion and Healer","floor":23,"turns":5},{"damage":1,"enemies":"Snake Plant","floor":26,"turns":4},{"damage":14,"enemies":"Gremlin Leader","floor":27,"turns":7},{"damage":19,"enemies":"3 Cultists","floor":28,"turns":7},{"damage":13,"enemies":"Cultist and Chosen","floor":29,"turns":6},{"damage":6,"enemies":"Centurion and Healer","floor":31,"turns":6},{"damage":24,"enemies":"Snake Plant","floor":32,"turns":3},{"damage":29,"enemies":"downfall:Defect","floor":33,"turns":6}],"seed_played":"-7007343785045131651","potions_obtained":[{"floor":6,"key":"DistilledChaos"},{"floor":9,"key":"Adrenaline Potion"},{"floor":12,"key":"Reflective Coating"},{"floor":14,"key":"GamblersBrew"},{"floor":15,"key":"LifebloodPotion"},{"floor":16,"key":"Slimebound:ThreeZeroPotion"},{"floor":17,"key":"Languid Potion"},{"floor":20,"key":"Fire Potion"},{"floor":21,"key":"SteroidPotion"},{"floor":23,"key":"Fruit Juice"},{"floor":23,"key":"Strength Potion"},{"floor":26,"key":"Fire Potion"},{"floor":26,"key":"CultistPotion"},{"floor":27,"key":"Milkshake"},{"floor":27,"key":"Milkshake"},{"floor":28,"key":"Venom Potion"},{"floor":29,"key":"Fire Potion"},{"floor":29,"key":"EssenceOfSteel"},{"floor":30,"key":"Flashbang"},{"floor":31,"key":"Dexterity Potion"}],"is_trial":false,"path_per_floor":["R","?","?","$","M","M","T","R","E","R","M","$","?","$","M","B",null,"R","?","M","M","R","M","T","R","M","E","M","M","?","M","M","B"],"character_chosen":"THE_SPIRIT","items_purchased":["hexamod:NightmareStrike","hexamod:Hexaguard","Quantum Egg","Dark Shackles"],"campfire_rested":0,"item_purchase_floors":[4,12,14,14],"current_hp_per_floor":[77,77,77,77,72,71,71,71,51,51,51,42,42,28,28,19,82,82,75,58,51,51,48,48,48,52,54,45,32,32,36,12,0,0],"gold":395,"neow_bonus":"TEN_PERCENT_HP_BONUS","is_daily":false,"chose_seed":false,"campfire_upgraded":4,"win_rate":0.0,"timestamp":1608001858,"path_taken":["R","?","?","$","M","M","T","R","E","R","M","$","?","$","M","BOSS","R","?","?","?","R","M","T","R","M","E","M","M","?","?","M","BOSS"],"items_purchased_type":["Card","Card","Relic","Card"],"build_version":"2020-12-13","purchased_purges":1,"victory":false,"max_hp_per_floor":[77,77,77,77,77,77,77,77,77,77,77,77,77,77,77,77,82,82,82,82,82,82,87,87,87,87,87,87,87,87,87,87,87,87],"card_choices":[{"not_picked":["hexamod:ThermalTransfer","hexamod:FifthSeal"],"picked":"hexamod:RainOfEmbers","floor":4},{"not_picked":["hexamod:GhostShield","hexamod:ThermalTransfer"],"picked":"hexamod:SoulSteal","floor":5},{"not_picked":["hexamod:NightmareStrike","hexamod:ThermalTransfer"],"picked":"hexamod:BacktrackSmack","floor":6},{"not_picked":["hexamod:BacktrackSmack","hexamod:RainOfEmbers"],"picked":"hexamod:FourthSeal","floor":9},{"not_picked":["hexamod:FastForward","hexamod:SwordOfDarkness"],"picked":"hexamod:EmpoweredFlame","floor":11},{"not_picked":["hexamod:ChargedBarrage","hexamod:HeatCrush"],"picked":"hexamod:GhostOfSpireFuture","floor":12},{"not_picked":["hexamod:PhantomFireball","hexamod:ShieldOfDarkness"],"picked":"hexamod:SixthSeal","floor":14},{"not_picked":["hexamod:SpectersWail","hexamod:ShieldOfDarkness"],"picked":"hexamod:NightmareGuise","floor":15},{"not_picked":["hexamod:UnleashSpirits","hexamod:HexaLevel"],"picked":"hexamod:TimeWarp","floor":16},{"not_picked":["hexamod:GhostLash","hexamod:RainOfEmbers"],"picked":"hexamod:NightmareGuise","floor":17},{"not_picked":["hexamod:GhostflameBarrier+1","hexamod:SwordOfDarkness"],"picked":"hexamod:TimeWarp","floor":20},{"not_picked":["hexamod:SpectersWail","hexamod:RainOfEmbers"],"picked":"hexamod:FastForward","floor":21},{"not_picked":["hexamod:Firestarter","hexamod:BurningTouch"],"picked":"hexamod:Rewind","floor":23},{"not_picked":["hexamod:SwordOfDarkness","hexamod:NightmareGuise"],"picked":"hexamod:Again+1","floor":26},{"not_picked":["hexamod:StepThrough","hexamod:SpectralAdrenaline"],"picked":"hexamod:RecurringNightmare","floor":27},{"not_picked":["hexamod:ExtraCrispy","hexamod:BacktrackSmack"],"picked":"hexamod:SoulSteal","floor":28},{"not_picked":["hexamod:Haunt","hexamod:SwordOfDarkness"],"picked":"hexamod:HeatShield","floor":29},{"not_picked":["hexamod:NightmareGuise","hexamod:NightmareStrike"],"picked":"hexamod:BacktrackSmack","floor":31},{"not_picked":["hexamod:ShieldOfDarkness","hexamod:FastForward"],"picked":"hexamod:ThermalTransfer+1","floor":32}],"player_experience":146143,"relics_obtained":[{"floor":9,"key":"Replay:Baseball"},{"floor":24,"key":"Toy Ornithopter"},{"floor":27,"key":"Happy Flower"}],"event_choices":[{"damage_healed":0,"gold_gain":0,"player_choice":"Got Potions","damage_taken":0,"max_hp_gain":0,"max_hp_loss":0,"event_name":"Lab","floor":30,"gold_loss":0}],"is_beta":false,"boss_relics":[{"not_picked":["Black Star","Replay:Wanted Poster"],"picked":"Tiny House"}],"items_purged_floors":[14],"is_endless":false,"potions_floor_spawned":[6,9,23,26,27,29],"killed_by":"downfall:Defect","ascension_level":0}}