{"host":"l12hrjjiowxu1z6t","time":1608015958,"event":{"mods":["BaseMod","Colored Map","Downfall","Minty Spire (QoL Compilation)","Relic Stats","StSLib"],"gold_per_floor":[99,99,129,129,129,69,124,49,68,68,53,66,166,166,186,186,186],"floor_reached":16,"playtime":722,"items_purged":[],"score":146,"play_id":"b658fc7c-02db-4c7b-a1b3-3a9a23bbea96","local_time":"20201215000558","is_ascension_mode":false,"campfire_choices":[{"data":"champ:Taunt","floor":1,"key":"SMITH"},{"data":"champ:DefensiveShout","floor":8,"key":"SMITH"},{"data":"champ:CrookedStrike","floor":10,"key":"SMITH"}],"circlet_count":0,"master_deck":["champ:Strike","champ:Strike","champ:Strike","champ:Defend","champ:Defend","champ:Defend","champ:Execute","champ:Taunt+1","champ:GladiatorStyle","champ:CalledShot","champ:FlashCut","champ:CrookedStrike+1","champ:DefensiveShout+1","champ:FalseCounter+1","champ:Encircle","champ:DefensiveShout"],"relics":["champ:ChampionCrown","downfall:HeartsMalice","Darkstone Periapt","downfall:BrokenWingStatue","downfall:HeartBlessingBlue"],"acts_visited":["Exordium"],"potions_floor_usage":[13],"damage_taken":[{"damage":0,"enemies":"2 Louse","floor":2,"turns":1},{"damage":0,"enemies":"Gremlin Nob","floor":3,"turns":1},{"damage":0,"enemies":"Jaw Worm","floor":4,"turns":1},{"damage":5,"enemies":"downfall:FleeingMerchant","floor":6,"turns":4},{"damage":1,"enemies":"Small Slimes","floor":9,"turns":2},{"damage":0,"enemies":"downfall:FleeingMerchant","floor":11,"turns":4},{"damage":13,"enemies":"2 Fungi Beasts","floor":12,"turns":3},{"damage":51,"enemies":"downfall:Heads","floor":13,"turns":7},{"damage":6,"enemies":"3 Louse","floor":15,"turns":3},{"damage":46,"enemies":"downfall:Defect","floor":16,"turns":4}],"seed_played":"8590303292402528608","potions_obtained":[{"floor":9,"key":"Strength Potion"},{"floor":12,"key":"Explosive Potion"},{"floor":15,"key":"Guardian:BlockOnCardUsePotion"}],"is_trial":false,"path_per_floor":["R","M","E","M","?","$","T","R","M","R","$","M","?","?","M","B"],"character_chosen":"THE_CHAMP","items_purchased":["champ:DefensiveShout"],"campfire_rested":0,"item_purchase_floors":[6],"current_hp_per_floor":[90,90,90,90,90,90,90,100,99,99,99,91,40,50,44,0,0],"gold":186,"neow_bonus":"THREE_ENEMY_KILL","is_daily":false,"chose_seed":false,"campfire_upgraded":3,"win_rate":0.0,"timestamp":1608015958,"path_taken":["R","M","E","M","?","$","T","R","M","R","$","M","?","?","M","BOSS"],"items_purchased_type":["Card"],"build_version":"2020-12-13","purchased_purges":0,"victory":false,"max_hp_per_floor":[90,90,90,90,90,90,90,100,100,100,100,100,100,110,110,110,110],"relic_stats":{"Darkstone Periapt":0,"counters":[10,27],"obtain_stats":[{"Darkstone Periapt":3,"downfall:BrokenWingStatue":5,"downfall:HeartBlessingBlue":8,"champ:ChampionCrown":0,"downfall:HeartsMalice":0},{"Darkstone Periapt":2,"downfall:BrokenWingStatue":3,"downfall:HeartBlessingBlue":4,"champ:ChampionCrown":0,"downfall:HeartsMalice":0},{"Darkstone Periapt":0,"downfall:BrokenWingStatue":0,"downfall:HeartBlessingBlue":4,"champ:ChampionCrown":0,"downfall:HeartsMalice":0}]},"card_choices":[{"not_picked":["champ:StanceDance","champ:FocusedGladiator"],"picked":"champ:GladiatorStyle","floor":2},{"not_picked":["champ:Haymaker","champ:ArenaPreparation"],"picked":"champ:CalledShot","floor":3},{"not_picked":["champ:BerserkersShout","champ:Backstep"],"picked":"champ:FlashCut","floor":4},{"not_picked":["champ:StanceDance","champ:SkillfulDodge"],"picked":"champ:CrookedStrike","floor":6},{"not_picked":["champ:TornadoPunch","champ:FocusedGladiator","champ:Devastate"],"picked":"SKIP","floor":9},{"not_picked":["champ:AdrenalArmor","champ:Circumvent"],"picked":"champ:FalseCounter","floor":11},{"not_picked":["champ:StanceDance","champ:Encircle","champ:Backstep"],"picked":"SKIP","floor":12},{"not_picked":["champ:Encircle","champ:MurderStrike"],"picked":"champ:DefensiveShout","floor":13},{"not_picked":["champ:FaceSlap","champ:Shatter","champ:AdrenalArmor"],"picked":"SKIP","floor":15}],"player_experience":152572,"relics_obtained":[{"floor":3,"key":"Darkstone Periapt"}],"event_choices":[],"is_beta":false,"boss_relics":[],"items_purged_floors":[],"is_endless":false,"potions_floor_spawned":[9,12,15],"killed_by":"downfall:Defect","ascension_level":0}}