{"host":"6bsan6hkua32tfq7","time":1608030002,"event":{"mods":["BaseMod","Better Third Choice","Colored Map","Highlight Path","Minty Spire (QoL Compilation)","StSLib"],"gold_per_floor":[117,217,34,49,49,69,104,162,185,197,227,219,231,276,288,300,300],"floor_reached":16,"playtime":416,"items_purged":[],"score":220,"play_id":"5dbb9e98-1b5d-4afc-9fa5-bc92c9bcc443","local_time":"20201215120002","is_ascension_mode":true,"campfire_choices":[{"floor":15,"key":"REST"}],"circlet_count":0,"master_deck":["AscendersBane","Strike_G","Strike_G","Strike_G","Strike_G","Strike_G","Defend_G","Defend_G","Defend_G","Defend_G","Survivor","Neutralize","Blade Dance","After Image","Blade Dance","Footwork","Blade Dance","Dagger Spray","Deadly Poison","Dash"],"relics":["Ring of the Snake","NeowsBlessing","Art of War","Omamori","MawBank","PreservedInsect"],"acts_visited":["Exordium"],"potions_floor_usage":[8,13,14],"damage_taken":[{"damage":0,"enemies":"2 Louse","floor":1,"turns":1},{"damage":0,"enemies":"Cultist","floor":4,"turns":1},{"damage":0,"enemies":"Jaw Worm","floor":6,"turns":1},{"damage":51,"enemies":"Gremlin Nob","floor":7,"turns":6},{"damage":5,"enemies":"3 Sentries","floor":8,"turns":8},{"damage":4,"enemies":"Blue Slaver","floor":11,"turns":3},{"damage":0,"enemies":"Gremlin Gang","floor":13,"turns":1},{"damage":18,"enemies":"Lagavulin","floor":14,"turns":8},{"damage":21,"enemies":"Hexaghost","floor":16,"turns":9}],"seed_played":"6588792156945202094","potions_obtained":[{"floor":1,"key":"GamblersBrew"},{"floor":6,"key":"FairyPotion"},{"floor":8,"key":"SpeedPotion"},{"floor":12,"key":"SmokeBomb"}],"is_trial":false,"path_per_floor":["M","?","$","M","$","M","E","?","T","?","M","?","M","E","R","B"],"character_chosen":"THE_SILENT","items_purchased":["After Image","CultistPotion"],"campfire_rested":1,"item_purchase_floors":[3,3],"current_hp_per_floor":[59,59,59,59,59,59,8,3,3,3,19,19,19,1,20,0,0],"gold":300,"neow_bonus":"THREE_ENEMY_KILL","is_daily":false,"chose_seed":false,"campfire_upgraded":0,"win_rate":0.0,"timestamp":1608030002,"path_taken":["M","?","$","?","$","M","E","?","T","?","?","?","?","E","R","BOSS"],"items_purchased_type":["Card","Potion"],"build_version":"2020-12-13","purchased_purges":0,"victory":false,"max_hp_per_floor":[66,66,66,66,66,66,66,66,66,66,66,66,66,66,66,66,66],"card_choices":[{"not_picked":["Choke","Tactician"],"picked":"Blade Dance","floor":1},{"not_picked":["Deflect","Deadly Poison"],"picked":"Blade Dance","floor":4},{"not_picked":["Dagger Throw","Eviscerate"],"picked":"Footwork","floor":6},{"not_picked":["Cloak And Dagger","Flying Knee"],"picked":"Blade Dance","floor":7},{"not_picked":["Quick Slash","Masterful Stab"],"picked":"Dagger Spray","floor":8},{"not_picked":["Quick Slash","Acrobatics"],"picked":"Deadly Poison","floor":11},{"not_picked":["Outmaneuver","Choke"],"picked":"Dash","floor":14}],"player_experience":5154681,"relics_obtained":[{"floor":7,"key":"Art of War"},{"floor":8,"key":"Omamori"},{"floor":9,"key":"MawBank"},{"floor":14,"key":"PreservedInsect"}],"event_choices":[{"damage_healed":0,"gold_gain":100,"player_choice":"Gold","damage_taken":0,"max_hp_gain":0,"max_hp_loss":0,"event_name":"Wheel of Change","floor":2,"gold_loss":0},{"damage_healed":0,"gold_gain":30,"player_choice":"Searched \u00273\u0027 times","damage_taken":0,"max_hp_gain":0,"max_hp_loss":0,"event_name":"Dead Adventurer","floor":8,"gold_loss":0},{"cards_removed":["Defend_G"],"damage_healed":0,"gold_gain":0,"player_choice":"Purged","damage_taken":0,"max_hp_gain":0,"max_hp_loss":0,"event_name":"Purifier","floor":10,"gold_loss":0},{"damage_healed":0,"gold_gain":0,"player_choice":"Bought 1 Potion","damage_taken":0,"max_hp_gain":0,"max_hp_loss":0,"event_name":"The Woman in Blue","floor":12,"gold_loss":0}],"is_beta":false,"boss_relics":[],"items_purged_floors":[],"is_endless":false,"potions_floor_spawned":[1,4,6,8],"killed_by":"Hexaghost","ascension_level":20}}