{"host":"vh33hu3wddwn6yt6","time":1608054940,"event":{"mods":["AchievementEnabler","Act Like it!","Aspiration","BaseMod","Better Altar","Better Match","Better Note","Better Sensory Stone","Better Skull","Better Third Choice","BetterRewards","Downfall","Hubris","Minty Spire (QoL Compilation)","Permanent Neow","Replay The Spire","Shade Mod","Shop Mod","Spicy Shops","StSLib","SuperFastMode","The Blackbeard","The Necromancer","The Poker Player","The Servant 0.9.4","Wandering Minibosses"],"gold_per_floor":[99,133,133,167,167,92,116,145,157,7,7,7,18,18,34,130,130,130,230,430,430,460,474,545,577,595,595,605,655,131,35,50,147,147,147,197,197,217,245,295,341,372,382,407,467,483,533,597,615,615],"floor_reached":51,"playtime":1774,"items_purged":["blackbeard:BlackbeardStrike"],"score":1111,"play_id":"8fc097bf-5d7f-49f6-b6c6-a4333dfccfff","local_time":"20201215185540","is_ascension_mode":true,"campfire_choices":[{"floor":1.0,"key":"RECALL"},{"data":"blackbeard:Cutlass","floor":6.0,"key":"SMITH"},{"data":"blackbeard:WeaponProficiency","floor":10.0,"key":"SMITH"},{"data":"Replay:SS_hec_2","floor":18.0,"key":"SMITH"},{"data":"blackbeard:CatONineTails","floor":21.0,"key":"SMITH"},{"floor":27.0,"key":"REST"},{"data":"blackbeard:Salvager","floor":35,"key":"SMITH"},{"data":"blackbeard:Rum","floor":37,"key":"SMITH"}],"circlet_count":0,"master_deck":["blackbeard:BlackbeardStrike","blackbeard:IntimidatingStrike","blackbeard:BlackbeardDefend","blackbeard:BlackbeardDefend","blackbeard:BlackbeardDefend","blackbeard:BlackbeardDefend","blackbeard:Cutlass+1","blackbeard:WeaponProficiency+1","blackbeard:BeatUp","blackbeard:RearmingStrike","blackbeard:CatONineTails+1","Replay:SS_hec_2+1","blackbeard:RearmingStrike","blackbeard:Parrot","blackbeard:RearmingStrike","blackbeard:AgileStrike","ReplayTheSpireMod:Private Reserves","blackbeard:Sword+1","blackbeard:Rum+1","blackbeard:BoostMorale","blackbeard:Salvager+1","CurseOfTheBell","Summon_Undead_Army","Negative_Energy_Javelin","blackbeard:BoostMorale","blackbeard:Shrapnel+1"],"relics":["blackbeard:LoadTheCannons","downfall:HeartsMalice","hubris:GlazedTorus","Replay:Bottled Steam","hubris:Icosahedron","downfall:HeartBlessingRed","hubris:FunFungus","downfall:HeartBlessingGreen","downfall:HeartBlessingBlue","downfall:CloakOfManyFaces","CultistMask","FaceOfCleric","NlothsMask","GremlinMask","SsserpentHead","Bottled Flame","Vajra","MerchantsRug","Calling Bell","Bronze Scales","Iron Hammer","Ginger","hubris:DisguiseKit","Potion Belt","Ancient Tea Set","Prayer Wheel"],"acts_visited":["Exordium","TheCity","TheBeyond"],"potions_floor_usage":[31,31,33,39,42,46,48,50],"damage_taken":[{"damage":0.0,"enemies":"Gremlin Nob","floor":2.0,"turns":1.0},{"damage":0.0,"enemies":"Lagavulin","floor":4.0,"turns":1.0},{"damage":0.0,"enemies":"Gremlin Nob","floor":8.0,"turns":1.0},{"damage":0.0,"enemies":"2 Louse","floor":9.0,"turns":2.0},{"damage":0.0,"enemies":"Small Slimes","floor":13.0,"turns":2.0},{"damage":5.0,"enemies":"Jaw Worm","floor":15.0,"turns":2.0},{"damage":13.0,"enemies":"downfall:Ironclad","floor":16.0,"turns":5.0},{"damage":15.0,"enemies":"downfall:FaceTrader","floor":19.0,"turns":7.0},{"damage":0.0,"enemies":"Replay:Snechameleon","floor":22.0,"turns":5.0},{"damage":0.0,"enemies":"Chosen","floor":23.0,"turns":5.0},{"damage":65.0,"enemies":"Slavers","floor":25.0,"turns":7.0},{"damage":0.0,"enemies":"Spheric Guardian","floor":26.0,"turns":3.0},{"damage":13,"enemies":"Snake Plant","floor":28,"turns":5},{"damage":0,"enemies":"downfall:FleeingMerchant","floor":30,"turns":4},{"damage":0,"enemies":"downfall:FleeingMerchant","floor":31,"turns":4},{"damage":6,"enemies":"Chosen and Byrds","floor":32,"turns":5},{"damage":13,"enemies":"downfall:Silent","floor":33,"turns":6},{"damage":0,"enemies":"Orb Walker","floor":38,"turns":4},{"damage":0,"enemies":"Nemesis","floor":39,"turns":7},{"damage":9,"enemies":"R_Hoarder","floor":42,"turns":5},{"damage":8,"enemies":"3 Shapes","floor":43,"turns":3},{"damage":24,"enemies":"Nemesis","floor":44,"turns":5},{"damage":1,"enemies":"Jaw Worm Horde","floor":45,"turns":5},{"damage":12,"enemies":"Transient","floor":46,"turns":5},{"damage":0,"enemies":"Spire Growth","floor":48,"turns":5},{"damage":20,"enemies":"Writhing Mass","floor":49,"turns":5},{"damage":4,"enemies":"downfall:Watcher","floor":50,"turns":7}],"seed_played":"6105647868371564253","potions_obtained":[{"floor":8.0,"key":"AttackPotion"},{"floor":9.0,"key":"Adrenaline Potion"},{"floor":15.0,"key":"Regen Potion"},{"floor":16.0,"key":"Elixir"},{"floor":22.0,"key":"SpeedPotion"},{"floor":25.0,"key":"Energy Potion"},{"floor":32,"key":"Venom Potion"},{"floor":33,"key":"FearPotion"},{"floor":40,"key":"Adrenaline Potion"},{"floor":40,"key":"Cursed Concoction"},{"floor":42,"key":"Regen Potion"},{"floor":43,"key":"Energy Potion"},{"floor":49,"key":"sneckomod:MuddlingPotion"}],"is_trial":false,"path_per_floor":["R","E","?","E","?","R","T","E","M","R","T","?","M","?","M","B",null,"R","?","?","R","E","M","T","E","M","R","M","?","$","$","M","B",null,"R","?","R","M","E","?","T","E","M","E","M","M","?","M","M","B",null],"character_chosen":"BLACKBEARD_CLASS","items_purchased":["Vajra","BargainBundle","ReplayTheSpireMod:Private Reserves","Block Potion","Adrenaline Potion","MerchantsRug","blackbeard:Rum"],"campfire_rested":1,"item_purchase_floors":[30,30,30,30,30,30,31],"current_hp_per_floor":[75,75,75,75,75,75,75,75,75,85,85,88,88,88,83,81,88,88,75,75,75,80,83,83,19,20,47,40,40,41,44,42,31,97,97,97,97,98,99,99,99,97,92,76,82,82,82,89,74,88],"gold":615,"neow_bonus":"THREE_ENEMY_KILL","is_daily":false,"chose_seed":false,"campfire_upgraded":6,"win_rate":0.0,"timestamp":1608054940,"path_taken":["R","E","?","E","?","R","T","E","M","R","?","?","?","?","M","BOSS","R","?","?","R","E","M","T","E","M","R","M","?","$","$","M","BOSS","R","?","R","M","E","?","T","E","M","E","?","M","?","?","M","BOSS"],"items_purchased_type":["Relic","Relic","Card","Potion","Potion","Relic","Card"],"build_version":"2020-12-13","purchased_purges":1,"victory":true,"max_hp_per_floor":[75,75,75,75,75,75,75,75,75,85,85,88,88,88,88,88,88,88,88,88,88,89,90,90,91,92,92,93,93,94,95,96,97,97,97,97,97,98,99,99,99,100,101,102,103,104,104,105,106,107],"card_choices":[{"not_picked":["blackbeard:ChaoticDefense","blackbeard:Fencing"],"picked":"blackbeard:WeaponProficiency","floor":2.0},{"not_picked":["blackbeard:BeatUp","blackbeard:GoldenCannonball","blackbeard:PiratesWill"],"picked":"SKIP","floor":4.0},{"not_picked":["blackbeard:GoldenCannonball","blackbeard:PiratesWill"],"picked":"blackbeard:BeatUp","floor":4.0},{"not_picked":["blackbeard:TheDrunkenSailor","blackbeard:Sharpening"],"picked":"blackbeard:RearmingStrike","floor":8.0},{"not_picked":["blackbeard:Bandana","blackbeard:Spear"],"picked":"blackbeard:CatONineTails","floor":9.0},{"not_picked":["blackbeard:TerrorOfTheSeas","blackbeard:TacticalRetreat","blackbeard:WiseDefense"],"picked":"SKIP","floor":13.0},{"not_picked":["Replay:SS_fish_3","Mind Blast"],"picked":"Replay:SS_hec_2","floor":14.0},{"not_picked":["blackbeard:TacticalRetreat","blackbeard:Sword"],"picked":"blackbeard:RearmingStrike","floor":15.0},{"not_picked":["blackbeard:Halberd","blackbeard:GoldenRain"],"picked":"blackbeard:Parrot","floor":16.0},{"not_picked":["blackbeard:PirateHook","blackbeard:ArmorUp+1"],"picked":"blackbeard:RearmingStrike","floor":19.0},{"not_picked":["blackbeard:Bandana","blackbeard:SwordDance","blackbeard:DoubleBottom+1"],"picked":"SKIP","floor":22.0},{"not_picked":["blackbeard:FieryDefense","blackbeard:Spear","blackbeard:GoldenDefense"],"picked":"SKIP","floor":23.0},{"not_picked":["blackbeard:Sharpening","blackbeard:PiratesWill+1","blackbeard:Toast"],"picked":"SKIP","floor":25.0},{"not_picked":["blackbeard:BlindAttacks","blackbeard:PiratesWill","blackbeard:PowderKeg"],"picked":"SKIP","floor":26.0},{"not_picked":["blackbeard:Sword","blackbeard:Spear"],"picked":"blackbeard:AgileStrike","floor":28},{"not_picked":["blackbeard:ChaoticDefense","blackbeard:CaptainsCabin","blackbeard:CloakAndCannonball"],"picked":"SKIP","floor":30},{"not_picked":["blackbeard:BeatUp","blackbeard:DeadlyArsenal"],"picked":"blackbeard:Sword+1","floor":31},{"not_picked":["blackbeard:BeatUp","blackbeard:PirateEarring+1"],"picked":"blackbeard:BoostMorale","floor":32},{"not_picked":["blackbeard:GoldenGuillotine","blackbeard:Lifeboat"],"picked":"blackbeard:Salvager","floor":33},{"not_picked":["blackbeard:GoldenDefense+1","blackbeard:VengefulSpirit","blackbeard:PiratesWill+1"],"picked":"SKIP","floor":38},{"not_picked":["blackbeard:SwordDance+1","blackbeard:CloakAndCannonball","blackbeard:DoubleCannonball+1"],"picked":"SKIP","floor":39},{"not_picked":["blackbeard:SwordDance+1","blackbeard:Lifeboat","blackbeard:DoubleCannonball+1","Chill_Blood"],"picked":"SKIP","floor":42},{"not_picked":["blackbeard:VengefulSpirit+1","blackbeard:DelayedPain+1","blackbeard:Shrapnel","Uncharnel"],"picked":"SKIP","floor":43},{"not_picked":["blackbeard:PiratesWill","blackbeard:BlindAttacks+1","blackbeard:BountyHunter","Bone_Spikes"],"picked":"SKIP","floor":44},{"not_picked":["blackbeard:GoldenDefense+1","blackbeard:GoldenStrike+1","blackbeard:FieryDefense+1","Bone_Bullets"],"picked":"SKIP","floor":45},{"not_picked":["blackbeard:BeatUp","blackbeard:Fencing","blackbeard:Sharpening","Negative_Energy_Shield"],"picked":"SKIP","floor":45},{"not_picked":["blackbeard:Dagger","blackbeard:RearmingStrike+1","blackbeard:FieryDefense+1"],"picked":"Summon_Undead_Army","floor":46},{"not_picked":["blackbeard:GoldenStrike+1","blackbeard:Toast+1","blackbeard:FieryDefense"],"picked":"Negative_Energy_Javelin","floor":46},{"not_picked":["blackbeard:BeatUp","blackbeard:Dagger+1","Life_Tap"],"picked":"blackbeard:BoostMorale","floor":48},{"not_picked":["blackbeard:Spear+1","blackbeard:Scrap","blackbeard:WiseDefense","Negative_Energy_Mist"],"picked":"SKIP","floor":48},{"not_picked":["blackbeard:Dagger+1","blackbeard:Sharpening+1","Death_Coil"],"picked":"blackbeard:Shrapnel+1","floor":49},{"not_picked":["blackbeard:BrownPants+1","blackbeard:InfiniteBarrage","blackbeard:BlindAttacks+1","Necromantic_Selection"],"picked":"SKIP","floor":49}],"player_experience":519485,"relics_obtained":[{"floor":2.0,"key":"hubris:GlazedTorus"},{"floor":4.0,"key":"Replay:Bottled Steam"},{"floor":8.0,"key":"hubris:FunFungus"},{"floor":11.0,"key":"Replay:Bottled Flurry"},{"floor":19.0,"key":"downfall:CloakOfManyFaces"},{"floor":22.0,"key":"Replay:Mystery Machine"},{"floor":25.0,"key":"Bottled Flame"},{"floor":34,"key":"Bronze Scales"},{"floor":34,"key":"Iron Hammer"},{"floor":34,"key":"Ginger"},{"floor":39,"key":"hubris:DisguiseKit"},{"floor":41,"key":"Potion Belt"},{"floor":42,"key":"Ancient Tea Set"},{"floor":44,"key":"Prayer Wheel"}],"event_choices":[{"damage_healed":0.0,"max_hp_gain":0.0,"max_hp_loss":0.0,"gold_gain":0.0,"event_name":"blackbeard:GoldsmithEvent","player_choice":"Ignored","floor":3.0,"gold_loss":0.0,"damage_taken":0.0},{"damage_healed":0.0,"max_hp_gain":0.0,"max_hp_loss":0.0,"gold_gain":1.0,"event_name":"betterStone:BetterStone","player_choice":"1","floor":14.0,"gold_loss":0.0,"damage_taken":0.0},{"damage_healed":0,"gold_gain":0,"player_choice":"Ignored","damage_taken":0,"max_hp_gain":0,"max_hp_loss":0,"event_name":"betterNote:BetterNote","floor":29,"gold_loss":0,"cards_obtained":["Defend_S"]},{"damage_healed":0,"gold_gain":0,"player_choice":"Got Potions","damage_taken":0,"max_hp_gain":0,"max_hp_loss":0,"event_name":"Lab","floor":40,"gold_loss":0},{"damage_healed":0,"gold_gain":0,"player_choice":"Ignored","damage_taken":0,"max_hp_gain":0,"max_hp_loss":0,"event_name":"Transmorgrifier","floor":47,"gold_loss":0}],"is_beta":false,"boss_relics":[{"not_picked":["Replay:Drink Me","Honey Jar"],"picked":"Empty Cage"},{"not_picked":["hubris:ScarierMask","aspiration:FutureDiary"],"picked":"Calling Bell"}],"items_purged_floors":[30],"is_endless":false,"potions_floor_spawned":[8,9,15,16,22,25,32,33,42,43,44,49],"ascension_level":1}}