{"host":"f6tqpspb2ou2a4h5","time":1608041209,"event":{"mods":["2.2 Compatiblity","Ascension Unlocker","BaseMod","Colored Map","DeckTracker","Hermit","Highlight Path","KOR Keyword Fix","Keyboard Shortcuts","Minty Spire (QoL Compilation)","Permanent Neow","Quick Restart","Random Character Button","StSLib","SuperFastMode","The Poker Player","everything is the same but u backflip on backflip"],"gold_per_floor":[112,124,124,142,161,161,194,208,234,245,245,145,159,176,176,250,250,266,98,113,129,129,129,142,142,169,169,169],"floor_reached":27,"playtime":1103,"items_purged":["Strike_R"],"score":438,"play_id":"870dbdea-6473-428c-975e-804ec1176ead","local_time":"20201215230649","is_ascension_mode":true,"campfire_choices":[{"data":"Uppercut","floor":6.0,"key":"SMITH"},{"data":"Heavy Blade","floor":11.0,"key":"SMITH"},{"data":"Carnage","floor":15.0,"key":"SMITH"},{"floor":23.0,"key":"REST"},{"data":"Corruption","floor":25.0,"key":"SMITH"}],"circlet_count":0,"master_deck":["AscendersBane","Bash+1","Sword Boomerang","Cleave","Pommel Strike","Uppercut+1","Disarm","Heavy Blade+1","Shrug It Off","Carnage+1","Corruption+1","Armaments","Flex","Spot Weakness","Uppercut","Headbutt","Twin Strike","Intimidate","Second Wind","Feel No Pain","Pummel","Warcry+1"],"relics":["Burning Blood","Vajra","Gremlin Horn","Bag of Preparation","Pandora\u0027s Box","Brimstone","Boot"],"acts_visited":["Exordium","TheCity"],"potions_floor_usage":[27],"damage_taken":[{"damage":6.0,"enemies":"Cultist","floor":1.0,"turns":3.0},{"damage":0.0,"enemies":"Small Slimes","floor":2.0,"turns":2.0},{"damage":2.0,"enemies":"Jaw Worm","floor":4.0,"turns":3.0},{"damage":46.0,"enemies":"Gremlin Gang","floor":5.0,"turns":5.0},{"damage":25.0,"enemies":"3 Sentries","floor":7.0,"turns":6.0},{"damage":0.0,"enemies":"2 Fungi Beasts","floor":8.0,"turns":2.0},{"damage":7.0,"enemies":"Blue Slaver","floor":10.0,"turns":3.0},{"damage":0.0,"enemies":"Large Slime","floor":13.0,"turns":3.0},{"damage":0.0,"enemies":"3 Louse","floor":14.0,"turns":2.0},{"damage":13.0,"enemies":"Slime Boss","floor":16.0,"turns":6.0},{"damage":17.0,"enemies":"Chosen","floor":18.0,"turns":4.0},{"damage":45.0,"enemies":"3 Byrds","floor":20.0,"turns":4.0},{"damage":0.0,"enemies":"Centurion and Healer","floor":21.0,"turns":4.0},{"damage":23.0,"enemies":"Sentry and Sphere","floor":24.0,"turns":4.0},{"damage":11,"enemies":"Chosen and Byrds","floor":27,"turns":4}],"seed_played":"-8184339074897149766","potions_obtained":[{"floor":4.0,"key":"Dexterity Potion"},{"floor":5.0,"key":"DistilledChaos"},{"floor":7.0,"key":"Strength Potion"},{"floor":20.0,"key":"Strength Potion"}],"is_trial":false,"path_per_floor":["M","M","?","M","M","R","E","M","T","M","R","$","M","M","R","B",null,"M","$","M","M","?","R","M","R","T","M"],"character_chosen":"IRONCLAD","items_purchased":["Shrug It Off","Brimstone"],"campfire_rested":1,"item_purchase_floors":[12,19],"current_hp_per_floor":[68,74,74,75,35,35,16,22,22,21,21,21,27,33,33,26,63,52,52,13,19,19,41,24,24,24,13,13],"gold":169,"neow_bonus":"RANDOM_COMMON_RELIC","is_daily":false,"chose_seed":false,"campfire_upgraded":4,"win_rate":0.0,"timestamp":1608041209,"path_taken":["M","?","?","M","M","R","E","M","T","M","R","$","M","?","R","BOSS","M","$","?","M","?","R","M","R","T","?"],"items_purchased_type":["Card","Relic"],"build_version":"2020-12-13","purchased_purges":1,"victory":false,"max_hp_per_floor":[75,75,75,75,75,75,75,75,75,75,75,75,75,75,75,75,75,75,75,75,75,75,75,75,75,75,75,75],"card_choices":[{"not_picked":["Sever Soul","Warcry"],"picked":"Sword Boomerang","floor":1.0},{"not_picked":["Intimidate","Thunderclap"],"picked":"Cleave","floor":2.0},{"not_picked":["Cleave","Armaments"],"picked":"Pommel Strike","floor":4.0},{"not_picked":["Clothesline","Sword Boomerang"],"picked":"Uppercut","floor":5.0},{"not_picked":["Thunderclap","Iron Wave"],"picked":"Disarm","floor":7.0},{"not_picked":["Barricade","Cleave","Metallicize"],"picked":"SKIP","floor":8.0},{"not_picked":["Twin Strike","Headbutt"],"picked":"Heavy Blade","floor":10.0},{"not_picked":["Shrug It Off","Ghostly Armor"],"picked":"Carnage","floor":13.0},{"not_picked":["Clash","Fire Breathing","Pommel Strike"],"picked":"SKIP","floor":14.0},{"not_picked":["Brutality","Barricade"],"picked":"Corruption","floor":16.0},{"not_picked":["Headbutt","Metallicize"],"picked":"Second Wind","floor":18.0},{"not_picked":["Shrug It Off","True Grit"],"picked":"Feel No Pain","floor":20.0},{"not_picked":["Thunderclap","Uppercut","Sever Soul"],"picked":"SKIP","floor":21.0},{"not_picked":["Heavy Blade","Clothesline"],"picked":"Warcry+1","floor":24.0}],"player_experience":28471,"relics_obtained":[{"floor":7.0,"key":"Gremlin Horn"},{"floor":9.0,"key":"Bag of Preparation"},{"floor":26.0,"key":"Boot"}],"event_choices":[{"damage_healed":0.0,"max_hp_gain":0.0,"max_hp_loss":0.0,"gold_gain":0.0,"event_name":"Accursed Blacksmith","player_choice":"Forge","floor":3.0,"gold_loss":0.0,"damage_taken":0.0,"cards_upgraded":["Bash"]},{"damage_healed":0.0,"max_hp_gain":0.0,"max_hp_loss":0.0,"gold_gain":0.0,"cards_transformed":["Brutality"],"event_name":"Transmorgrifier","player_choice":"Transformed","floor":22.0,"gold_loss":0.0,"damage_taken":0.0,"cards_obtained":["Pummel"]}],"is_beta":false,"boss_relics":[{"not_picked":["Philosopher\u0027s Stone","Astrolabe"],"picked":"Pandora\u0027s Box"}],"items_purged_floors":[12],"is_endless":false,"potions_floor_spawned":[4,5,7,8,10,20],"killed_by":"Chosen and Byrds","ascension_level":20}}