{"host":"p6y17sixyu8q9v1f","time":1608062639,"event":{"mods":["BaseMod","Colored Map","Minty Spire (QoL Compilation)"],"gold_per_floor":[116,127,145,46,61,61,15,15,41,79,79,122,140,140,140,264,264,280,280,280,299,320,320,343,343,412,451,451,475,475,475],"floor_reached":30,"playtime":1007,"items_purged":["Defend_B"],"score":312,"play_id":"2905a439-18cc-4290-89a3-85baef48f906","local_time":"20201215140359","is_ascension_mode":true,"campfire_choices":[{"data":"All For One","floor":6,"key":"SMITH"},{"data":"Zap","floor":11,"key":"SMITH"},{"floor":15,"key":"REST"},{"data":"White Noise","floor":23,"key":"SMITH"},{"floor":25,"key":"REST"}],"circlet_count":0,"master_deck":["Zap+1","Dualcast","All For One+1","Melter","Conserve Battery","Sweeping Beam","Beam Cell","Loop","White Noise+1","Self Repair","Hello World","Coolheaded","Biased Cognition","Heatsinks","Cold Snap","Rebound","Gash+1","Go for the Eyes","Gash","White Noise","Self Repair","Injury","Defragment"],"relics":["Cracked Core","Golden Idol","Regal Pillow","Potion Belt","TungstenRod","Pandora\u0027s Box","Shuriken","Art of War"],"acts_visited":["Exordium","TheCity"],"potions_floor_usage":[10,12,16,21,30,30],"damage_taken":[{"damage":1,"enemies":"Cultist","floor":1,"turns":4},{"damage":2,"enemies":"Jaw Worm","floor":2,"turns":3},{"damage":3,"enemies":"2 Louse","floor":3,"turns":2},{"damage":12,"enemies":"Looter","floor":5,"turns":3},{"damage":10,"enemies":"Gremlin Nob","floor":10,"turns":3},{"damage":23,"enemies":"Lagavulin","floor":12,"turns":7},{"damage":0,"enemies":"Exordium Wildlife","floor":13,"turns":3},{"damage":49,"enemies":"The Guardian","floor":16,"turns":10},{"damage":24,"enemies":"2 Thieves","floor":18,"turns":5},{"damage":0,"enemies":"3 Byrds","floor":21,"turns":4},{"damage":31,"enemies":"Snake Plant","floor":22,"turns":4},{"damage":29,"enemies":"Centurion and Healer","floor":24,"turns":5},{"damage":32,"enemies":"Gremlin Leader","floor":27,"turns":6},{"damage":4,"enemies":"Cultist and Chosen","floor":29,"turns":4},{"damage":35,"enemies":"3 Cultists","floor":30,"turns":3}],"seed_played":"-4267372750471700112","potions_obtained":[{"floor":1,"key":"SteroidPotion"},{"floor":2,"key":"Energy Potion"},{"floor":12,"key":"LiquidBronze"},{"floor":18,"key":"Explosive Potion"},{"floor":24,"key":"Energy Potion"},{"floor":29,"key":"Dexterity Potion"}],"is_trial":false,"path_per_floor":["M","M","M","$","M","R","$","?","T","E","R","E","M","?","R","B",null,"M","?","?","M","M","R","M","R","T","E","?","M","M"],"character_chosen":"DEFECT","items_purchased":["Sweeping Beam","Beam Cell"],"campfire_rested":2,"item_purchase_floors":[4,7],"current_hp_per_floor":[74,72,69,69,57,57,57,39,39,29,29,6,6,24,61,12,75,58,58,52,59,35,35,13,50,50,25,25,35,0,0],"gold":475,"neow_bonus":"ONE_RANDOM_RARE_CARD","is_daily":false,"chose_seed":false,"campfire_upgraded":3,"win_rate":0.0,"timestamp":1608062639,"path_taken":["M","?","M","$","M","R","$","?","T","E","R","E","M","?","R","BOSS","M","?","?","?","M","R","M","R","T","E","?","M","?"],"items_purchased_type":["Card","Card"],"build_version":"2020-11-30","purchased_purges":1,"victory":false,"max_hp_per_floor":[75,75,75,75,75,75,75,75,75,75,75,75,75,75,75,75,75,75,75,75,75,75,75,75,75,75,75,72,72,72,72],"card_choices":[{"not_picked":["Cold Snap","Tempest"],"picked":"Melter","floor":1},{"not_picked":["Hologram","Turbo","Steam"],"picked":"SKIP","floor":2},{"not_picked":["Chaos","Chill"],"picked":"Conserve Battery","floor":3},{"not_picked":["Sweeping Beam","Darkness","Compile Driver"],"picked":"SKIP","floor":5},{"not_picked":["Coolheaded","Buffer"],"picked":"Loop","floor":10},{"not_picked":["Conserve Battery","Melter"],"picked":"White Noise","floor":12},{"not_picked":["Coolheaded","Cold Snap","Compile Driver"],"picked":"SKIP","floor":13},{"not_picked":["Glacier","Recycle"],"picked":"Gash+1","floor":18},{"not_picked":["Fusion+1","Glacier"],"picked":"Go for the Eyes","floor":21},{"not_picked":["Rebound","Barrage+1"],"picked":"Gash","floor":22},{"not_picked":["Skim+1","Leap+1"],"picked":"White Noise","floor":24},{"not_picked":["Buffer","Turbo"],"picked":"Self Repair","floor":27},{"not_picked":["Turbo","Chill"],"picked":"Defragment","floor":29}],"player_experience":744754,"relics_obtained":[{"floor":9,"key":"Regal Pillow"},{"floor":10,"key":"Potion Belt"},{"floor":12,"key":"TungstenRod"},{"floor":26,"key":"Shuriken"},{"floor":27,"key":"Art of War"}],"event_choices":[{"damage_healed":0,"gold_gain":0,"player_choice":"Take Damage","damage_taken":18,"relics_obtained":["Golden Idol"],"max_hp_gain":0,"max_hp_loss":0,"event_name":"Golden Idol","floor":8,"gold_loss":0},{"damage_healed":18,"gold_gain":0,"player_choice":"Healed and dodged fight","damage_taken":0,"max_hp_gain":0,"max_hp_loss":0,"event_name":"Mushrooms","floor":14,"gold_loss":0,"cards_obtained":["Parasite"]},{"damage_healed":0,"gold_gain":0,"player_choice":"Ignored","damage_taken":0,"max_hp_gain":0,"max_hp_loss":0,"event_name":"Ghosts","floor":19,"gold_loss":0},{"damage_healed":0,"gold_gain":0,"player_choice":"Damaged","damage_taken":7,"max_hp_gain":0,"max_hp_loss":0,"event_name":"Wheel of Change","floor":20,"gold_loss":0},{"damage_healed":0,"gold_gain":0,"cards_transformed":["Parasite"],"player_choice":"Transformed","damage_taken":0,"max_hp_gain":0,"max_hp_loss":0,"event_name":"Transmorgrifier","floor":28,"gold_loss":0,"cards_obtained":["Injury"]}],"is_beta":false,"boss_relics":[{"not_picked":["Coffee Dripper","Busted Crown"],"picked":"Pandora\u0027s Box"}],"items_purged_floors":[4],"is_endless":false,"potions_floor_spawned":[1,2,12,18,24,29],"killed_by":"3 Cultists","ascension_level":4}}