{"host":"7r6bd5ce6zscnmwq","time":1608014666,"event":{"mods":["BaseMod","Better Altar","Better Match","Better Note","Better Sensory Stone","Better Skull","Better Third Choice","Better Vampires","Block Reminder","Colored Powertips","Displayed Cursed Tome","Minty Spire (QoL Compilation)","Permanent Neow","Quick Restart","Shop Mod","Spicy Shops","StSLib"],"gold_per_floor":[111,19,19,32,48,48,48,78,78,78,89,119,134,144,144,243,243,260,14,14,14,14,47,62,92,141,155,155,175,175,175,175,271,271,290,145,164,164,181,209,209,219,245,245,261,276,287,367,367,367,367,367,22,56,56,56],"floor_reached":55,"playtime":3761,"items_purged":["Judgement+1"],"score":1124,"play_id":"9403ab10-a241-4a1c-b87d-b29c11230fe4","local_time":"20201215154426","is_ascension_mode":true,"campfire_choices":[{"data":"FollowUp","floor":6.0,"key":"SMITH"},{"data":"Judgement","floor":10.0,"key":"SMITH"},{"data":"ThirdEye","floor":15.0,"key":"SMITH"},{"data":"MentalFortress","floor":30.0,"key":"SMITH"},{"data":"FearNoEvil","floor":32.0,"key":"SMITH"},{"data":"Alpha","floor":41.0,"key":"SMITH"},{"data":"LikeWater","floor":44.0,"key":"SMITH"},{"floor":49.0,"key":"RECALL"},{"data":"Vigilance","floor":52.0,"key":"SMITH"}],"circlet_count":0,"master_deck":["AscendersBane","Eruption+1","Vigilance+1","FlurryOfBlows","FollowUp+1","FearNoEvil+1","MentalFortress+1","ThirdEye+1","TalkToTheHand","LikeWater+1","Vengeance+1","Alpha+1","TalkToTheHand+1","Halt+1"],"relics":["PureWater","War Paint","Yang","Tiny Chest","Smiling Mask","Lantern","Coffee Dripper","Meat on the Bone","Omamori","Anchor","Turnip","Juzu Bracelet","Art of War","Busted Crown","OrangePellets","Bag of Preparation","Sundial","Darkstone Periapt","Strange Spoon","Strawberry"],"acts_visited":["Exordium","TheCity","TheBeyond","TheEnding"],"potions_floor_usage":[54,55],"damage_taken":[{"damage":0.0,"enemies":"Jaw Worm","floor":1.0,"turns":3.0},{"damage":0.0,"enemies":"Cultist","floor":4.0,"turns":3.0},{"damage":0.0,"enemies":"2 Louse","floor":5.0,"turns":2.0},{"damage":12.0,"enemies":"Lagavulin","floor":8.0,"turns":5.0},{"damage":3.0,"enemies":"Looter","floor":11.0,"turns":2.0},{"damage":0.0,"enemies":"3 Sentries","floor":12.0,"turns":4.0},{"damage":0.0,"enemies":"Exordium Thugs","floor":13.0,"turns":3.0},{"damage":0.0,"enemies":"3 Louse","floor":14.0,"turns":1.0},{"damage":21.0,"enemies":"Slime Boss","floor":16.0,"turns":6.0},{"damage":45.0,"enemies":"Shell Parasite","floor":18.0,"turns":4.0},{"damage":0.0,"enemies":"Gremlin Leader","floor":23.0,"turns":5.0},{"damage":0.0,"enemies":"2 Thieves","floor":24.0,"turns":3.0},{"damage":20.0,"enemies":"Slavers","floor":25.0,"turns":6.0},{"damage":0.0,"enemies":"Chosen and Byrds","floor":27.0,"turns":3.0},{"damage":4.0,"enemies":"Centurion and Healer","floor":29.0,"turns":3.0},{"damage":45.0,"enemies":"Collector","floor":33.0,"turns":7.0},{"damage":0.0,"enemies":"Orb Walker","floor":35.0,"turns":3.0},{"damage":12.0,"enemies":"3 Shapes","floor":37.0,"turns":5.0},{"damage":0.0,"enemies":"Spire Growth","floor":39.0,"turns":4.0},{"damage":11.0,"enemies":"Reptomancer","floor":40.0,"turns":4.0},{"damage":0.0,"enemies":"4 Shapes","floor":42.0,"turns":3.0},{"damage":0.0,"enemies":"Maw","floor":45.0,"turns":5.0},{"damage":19.0,"enemies":"Spire Growth","floor":46.0,"turns":4.0},{"damage":0.0,"enemies":"Writhing Mass","floor":47.0,"turns":5.0},{"damage":11.0,"enemies":"Donu and Deca","floor":50.0,"turns":6.0},{"damage":42,"enemies":"Shield and Spear","floor":54,"turns":5},{"damage":43,"enemies":"The Heart","floor":55,"turns":6}],"seed_played":"-5053789609460087468","potions_obtained":[{"floor":5.0,"key":"FairyPotion"},{"floor":11.0,"key":"SkillPotion"},{"floor":12.0,"key":"Strength Potion"},{"floor":13.0,"key":"Explosive Potion"},{"floor":23.0,"key":"Fire Potion"},{"floor":24.0,"key":"Weak Potion"},{"floor":29.0,"key":"SteroidPotion"},{"floor":33.0,"key":"StancePotion"},{"floor":40.0,"key":"SkillPotion"},{"floor":47.0,"key":"SkillPotion"}],"is_trial":false,"path_per_floor":["M","$","?","M","M","R","?","E","T","R","M","E","M","M","R","B",null,"M","$","?","?","T","E","M","E","T","M","?","M","R","?","R","B",null,"M","$","M","?","M","E","R","M","T","R","M","M","M","T","R","B",null,"R","$","E","B"],"character_chosen":"WATCHER","items_purchased":["Judgement","Meat on the Bone","OrangePellets","Strange Spoon","SpeedPotion","Weak Potion","BottledMiracle"],"campfire_rested":0,"item_purchase_floors":[2,19,36,53,53,53,53],"current_hp_per_floor":[65,65,65,65,65,65,65,53,53,53,50,50,50,50,50,29,61,16,16,16,72,72,72,72,52,52,52,72,68,68,68,68,35,63,63,63,51,51,51,40,40,40,40,40,40,33,45,45,45,46,66,66,66,43,0,0],"gold":56,"neow_bonus":"RANDOM_COMMON_RELIC","is_daily":false,"chose_seed":false,"campfire_upgraded":8,"win_rate":0.0,"timestamp":1608014666,"path_taken":["M","$","?","M","?","R","?","E","T","R","M","E","M","?","R","BOSS","M","$","?","?","?","E","M","E","T","M","?","M","R","?","R","BOSS","M","$","M","?","M","E","R","M","T","R","M","M","M","?","R","BOSS","R","$","E","BOSS"],"items_purchased_type":["Card","Relic","Relic","Relic","Potion","Potion","Potion"],"build_version":"2020-12-13","purchased_purges":1,"victory":false,"max_hp_per_floor":[72,72,72,72,72,72,72,72,72,72,72,72,72,72,72,72,72,72,72,72,72,72,72,72,72,72,72,72,72,72,72,72,72,72,72,72,72,72,72,72,72,72,72,72,72,72,72,72,72,72,72,72,72,79,79,79],"card_choices":[{"not_picked":["CutThroughFate","Nirvana"],"picked":"FlurryOfBlows","floor":1.0},{"not_picked":["Evaluate","Crescendo"],"picked":"FollowUp","floor":4.0},{"not_picked":["FlyingSleeves","ClearTheMind","PathToVictory"],"picked":"SKIP","floor":5.0},{"not_picked":["FlyingSleeves","ClearTheMind","PathToVictory"],"picked":"SKIP","floor":5.0},{"not_picked":["LikeWater","DevaForm"],"picked":"FearNoEvil","floor":8.0},{"not_picked":["FlyingSleeves","EmptyFist","Collect"],"picked":"SKIP","floor":11.0},{"not_picked":["SashWhip","LessonLearned"],"picked":"MentalFortress","floor":12.0},{"not_picked":["Nirvana","CarveReality"],"picked":"LikeWater","floor":13.0},{"not_picked":["PathToVictory","SandsOfTime"],"picked":"ThirdEye","floor":14.0},{"not_picked":["Protect","WheelKick","CutThroughFate"],"picked":"SKIP","floor":18.0},{"not_picked":["PathToVictory","ReachHeaven"],"picked":"TalkToTheHand","floor":23.0},{"not_picked":["ClearTheMind","Worship+1"],"picked":"LikeWater","floor":24.0},{"not_picked":["SpiritShield","Swivel"],"picked":"Vengeance+1","floor":25.0},{"not_picked":["CrushJoints","EmptyFist","FlyingSleeves"],"picked":"SKIP","floor":27.0},{"not_picked":["Conclude","Crescendo","TalkToTheHand"],"picked":"SKIP","floor":29.0},{"not_picked":["Blasphemy","Brilliance"],"picked":"Alpha","floor":33.0},{"not_picked":["Conclude"],"picked":"SKIP","floor":35.0},{"not_picked":[],"picked":"TalkToTheHand+1","floor":37.0},{"not_picked":["FollowUp"],"picked":"SKIP","floor":39.0},{"not_picked":["FlurryOfBlows"],"picked":"SKIP","floor":40.0},{"not_picked":["Evaluate"],"picked":"SKIP","floor":42.0},{"not_picked":["BowlingBash"],"picked":"SKIP","floor":45.0},{"not_picked":["FlyingSleeves"],"picked":"SKIP","floor":46.0},{"not_picked":["Ragnarok"],"picked":"SKIP","floor":47.0},{"not_picked":[],"picked":"Halt+1","floor":54}],"player_experience":591301,"relics_obtained":[{"floor":7.0,"key":"Yang"},{"floor":8.0,"key":"Tiny Chest"},{"floor":9.0,"key":"Smiling Mask"},{"floor":12.0,"key":"Lantern"},{"floor":22.0,"key":"Omamori"},{"floor":23.0,"key":"Anchor"},{"floor":25.0,"key":"Turnip"},{"floor":26.0,"key":"Juzu Bracelet"},{"floor":40.0,"key":"Sundial"},{"floor":48.0,"key":"Darkstone Periapt"},{"floor":54,"key":"Strawberry"}],"event_choices":[{"damage_healed":0.0,"max_hp_gain":0.0,"max_hp_loss":0.0,"gold_gain":0.0,"event_name":"Accursed Blacksmith","player_choice":"Forge","floor":3.0,"gold_loss":0.0,"damage_taken":0.0,"cards_upgraded":["Eruption"]},{"damage_healed":0.0,"max_hp_gain":0.0,"max_hp_loss":0.0,"gold_gain":0.0,"event_name":"Wheel of Change","player_choice":"Relic","floor":7.0,"gold_loss":0.0,"damage_taken":0.0},{"damage_healed":0.0,"max_hp_gain":0.0,"max_hp_loss":8.0,"gold_gain":0.0,"event_name":"betterThird:BetterWriting","player_choice":"Materialism","floor":20.0,"gold_loss":0.0,"damage_taken":0.0},{"cards_removed":["LikeWater"],"damage_healed":56.0,"max_hp_gain":0.0,"max_hp_loss":0.0,"gold_gain":0.0,"event_name":"Bonfire Elementals","player_choice":"Offered Uncommon","floor":21.0,"gold_loss":0.0,"damage_taken":0.0},{"damage_healed":24.0,"max_hp_gain":0.0,"max_hp_loss":0.0,"gold_gain":0.0,"event_name":"The Library","player_choice":"Heal","floor":28.0,"gold_loss":0.0,"damage_taken":0.0},{"damage_healed":0.0,"max_hp_gain":0.0,"max_hp_loss":0.0,"gold_gain":0.0,"event_name":"Addict","player_choice":"Stole Relic","floor":31.0,"gold_loss":0.0,"damage_taken":0.0,"relics_obtained":["Art of War"],"cards_obtained":["Shame"]},{"damage_healed":0.0,"max_hp_gain":0.0,"max_hp_loss":0.0,"gold_gain":0.0,"event_name":"WeMeetAgain","player_choice":"Gave Potion","floor":38.0,"gold_loss":0.0,"damage_taken":0.0,"relics_obtained":["Bag of Preparation"]}],"is_beta":false,"boss_relics":[{"not_picked":["SlaversCollar","Fusion Hammer"],"picked":"Coffee Dripper"},{"not_picked":["Sozu","Runic Pyramid"],"picked":"Busted Crown"}],"items_purged_floors":[53],"is_endless":false,"potions_floor_spawned":[5,11,12,13,23,24,29,33,37,40,47],"killed_by":"The Heart","ascension_level":10}}