{"host":"t9zjxed0utvsfjwc","time":1608029221,"event":{"mods":["2.2 Compatiblity","Aspiration","BaseMod","Block Reminder","Colored Map","Colored Powertips","Downfall","Highlight Path","Hubris","Minty Spire (QoL Compilation)","Quick Restart","Replay The Spire","StSLib","Unceasing Turn Reminder","everything is the same but u backflip on backflip"],"gold_per_floor":[118,189,202,202,127,155,330,330,330,133,65,78,112,124,124,226,226,245,245,160,260,275,275,308,323,376,376,395,425,335,335,335,430,430,446,496,496,433,243,274,284,301,328,351,370,390,390,196,196,196],"floor_reached":51,"playtime":2429,"items_purged":["Toxin Wave","Doubt","Replay:Hysterical Blindness","hexamod:Haunted"],"score":1165,"play_id":"a5e71952-ed6c-4735-af43-d33c904add34","local_time":"20201215104701","is_ascension_mode":true,"campfire_choices":[{"data":"Double Tap","floor":8,"key":"SMITH"},{"data":"Bash","floor":15,"key":"SMITH"},{"data":"Perfected Strike","floor":23,"key":"SMITH"},{"data":"Unload","floor":32,"key":"SMITH"},{"data":"Pommel Strike","floor":47,"key":"SMITH"},{"floor":49,"key":"DIG"}],"circlet_count":0,"master_deck":["Strike_R","Strike_R","Strike_R","Strike_R","Defend_R","Defend_R","Bash+1","Clash","ReplayTheSpireMod:Limb From Limb+1","Poisoned Stab","Double Tap+1","Replay:Undeath\u0027s Touch","Swift Strike","Ghostly Armor","Clash","Perfected Strike+1","Iron Wave+1","Pommel Strike+1","Dagger Spray","Unload+1","Grand Finale","Injury","Uppercut","Dagger Spray+1"],"relics":["Black Blood","NeowsBlessing","hubris:Metronome","Bag of Preparation","Membership Card","ReplayTheSpireMod:TigerMarble","Replay:Grab Bag","ReplayTheSpireMod:DimensionalGlitch","Busted Crown","aspiration:SilentSkillbook","hubris:ChampionShield","Tiny Chest","Orichalcum","Iron Hammer","Strawberry","Replay:Ancient Bell","Pen Nib","Replay:Bottled Snecko","aspiration:HatOfInfinitePower","hubris:GlazedTorus","King of Hearts","Letter Opener","hubris:MysteriousPyramids","Replay:Baseball","Kunai","Shuriken"],"acts_visited":["Exordium","TheCity","TheBeyond"],"potions_floor_usage":[13,24,24,28,33,40,50],"damage_taken":[{"damage":0,"enemies":"2 Louse","floor":1,"turns":1},{"damage":0,"enemies":"Jaw Worm","floor":3,"turns":1},{"damage":0,"enemies":"3 Sentries","floor":6,"turns":1},{"damage":0,"enemies":"Small Slimes","floor":12,"turns":2},{"damage":0,"enemies":"Replay:BlueRogue","floor":13,"turns":1},{"damage":0,"enemies":"Blue Slaver","floor":14,"turns":1},{"damage":0,"enemies":"Slime Boss","floor":16,"turns":2},{"damage":0,"enemies":"Chosen","floor":18,"turns":2},{"damage":0,"enemies":"Shell Parasite","floor":22,"turns":1},{"damage":19,"enemies":"Book of Stabbing","floor":24,"turns":3},{"damage":0,"enemies":"Chosen and Byrds","floor":25,"turns":3},{"damage":8,"enemies":"Cultist and Chosen","floor":28,"turns":3},{"damage":16,"enemies":"Replay:Snechameleon","floor":29,"turns":4},{"damage":20,"enemies":"hubris:MusketHawk","floor":33,"turns":4},{"damage":0,"enemies":"Orb Walker","floor":35,"turns":1},{"damage":0,"enemies":"Mind Bloom Boss Battle","floor":36,"turns":2},{"damage":24,"enemies":"R_Hoarder","floor":40,"turns":3},{"damage":0,"enemies":"3 Darklings","floor":41,"turns":2},{"damage":0,"enemies":"Transient","floor":42,"turns":5},{"damage":0,"enemies":"Sphere and 2 Shapes","floor":45,"turns":1},{"damage":0,"enemies":"Maw","floor":46,"turns":2},{"damage":61,"enemies":"Awakened One","floor":50,"turns":4}],"seed_played":"-898940460497119615","potions_obtained":[{"floor":12,"key":"AttackPotion"},{"floor":14,"key":"Regen Potion"},{"floor":16,"key":"SpeedPotion"},{"floor":18,"key":"Strength Potion"},{"floor":29,"key":"SpeedPotion"},{"floor":35,"key":"Energy Potion"},{"floor":36,"key":"Energy Potion"}],"is_trial":false,"path_per_floor":["M","?","M","?","$","E","?","R","T","$","$","M","E","M","R","B",null,"M","?","?","?","M","R","E","M","T","?","M","E","?","T","R_BF","B",null,"M","?","?","?","$","E","M","M","T","T","M","M","R","$","R_BF","B",null],"character_chosen":"IRONCLAD","items_purchased":["Membership Card","Replay:Undeath\u0027s Touch","Swift Strike","Letter Opener","Kunai"],"campfire_rested":0,"item_purchase_floors":[10,11,11,39,48],"current_hp_per_floor":[80,80,80,80,80,80,80,80,80,80,80,80,80,80,80,80,80,80,80,80,80,80,80,67,73,73,73,74,64,64,71,71,57,87,87,87,83,83,83,65,71,77,77,77,83,83,83,83,83,28],"gold":196,"neow_bonus":"THREE_ENEMY_KILL","is_daily":false,"chose_seed":false,"campfire_upgraded":5,"win_rate":0.0,"timestamp":1608029221,"path_taken":["M","?","M","?","$","E","?","R","T","?","$","?","E","M","R","BOSS","M","?","?","?","M","R","E","?","T","?","M","E","?","?","R_BF","BOSS","M","?","?","?","$","E","M","M","T","?","M","?","R","$","R_BF","BOSS"],"items_purchased_type":["Relic","Card","Card","Relic","Relic"],"build_version":"2020-12-13","purchased_purges":4,"victory":true,"max_hp_per_floor":[80,80,80,80,80,80,80,80,80,80,80,80,80,80,80,80,80,80,80,80,80,80,80,80,80,80,80,80,80,80,87,87,87,87,87,87,83,83,83,83,83,83,83,83,83,83,83,83,83,83],"card_choices":[{"not_picked":["Twin Strike","Flex"],"picked":"Clash","floor":1},{"not_picked":["Clash","hubris:ReadiedAction"],"picked":"ReplayTheSpireMod:Limb From Limb","floor":3},{"not_picked":["Wild Strike","Uppercut"],"picked":"Double Tap","floor":6},{"not_picked":["Thunderclap","Havoc"],"picked":"Ghostly Armor","floor":12},{"not_picked":["Seeing Red","Iron Wave"],"picked":"Clash","floor":13},{"not_picked":["Intimidate","Hemokinesis"],"picked":"Perfected Strike","floor":14},{"not_picked":["Havoc+1","hubris:Sniper"],"picked":"SKIP","floor":18},{"not_picked":["Blood for Blood"],"picked":"Pommel Strike","floor":22},{"not_picked":["Hidden Blade"],"picked":"Dagger Spray","floor":24},{"not_picked":["Backflip","Perfected Strike"],"picked":"SKIP","floor":25},{"not_picked":["Warcry+1","Abandon"],"picked":"SKIP","floor":28},{"not_picked":["Cleave"],"picked":"Unload","floor":29},{"not_picked":["Night Terror"],"picked":"Grand Finale","floor":33},{"not_picked":["Overencumbered"],"picked":"hexamod:Haunted","floor":34},{"not_picked":["Parasite"],"picked":"Replay:Hysterical Blindness","floor":34},{"not_picked":["hubris:Sloth"],"picked":"Injury","floor":34},{"not_picked":["Draining Mist","PiercingWail+1"],"picked":"SKIP","floor":35},{"not_picked":["Blade Dance","ReplayTheSpireMod:Muscle Training"],"picked":"SKIP","floor":40},{"not_picked":["Clothesline","Malaise"],"picked":"SKIP","floor":41},{"not_picked":["Warcry"],"picked":"Uppercut","floor":42},{"not_picked":["Blood for Blood"],"picked":"Dagger Spray+1","floor":45},{"not_picked":["True Grit","Sucker Punch"],"picked":"SKIP","floor":46}],"player_experience":228817,"relics_obtained":[{"floor":6,"key":"hubris:Metronome"},{"floor":9,"key":"Bag of Preparation"},{"floor":13,"key":"ReplayTheSpireMod:TigerMarble"},{"floor":24,"key":"Tiny Chest"},{"floor":26,"key":"Orichalcum"},{"floor":29,"key":"Iron Hammer"},{"floor":31,"key":"Strawberry"},{"floor":36,"key":"hubris:GlazedTorus"},{"floor":40,"key":"hubris:MysteriousPyramids"},{"floor":44,"key":"Replay:Baseball"},{"floor":49,"key":"Shuriken"}],"event_choices":[{"damage_healed":0,"gold_gain":71,"player_choice":"Gained Gold","damage_taken":0,"max_hp_gain":0,"max_hp_loss":0,"event_name":"Golden Wing","floor":2,"gold_loss":0},{"damage_healed":0,"gold_gain":175,"player_choice":"AGREE","damage_taken":0,"max_hp_gain":0,"max_hp_loss":0,"event_name":"Liars Game","floor":7,"gold_loss":0,"cards_obtained":["Doubt"]},{"damage_healed":0,"gold_gain":0,"player_choice":"Read","damage_taken":0,"max_hp_gain":0,"max_hp_loss":0,"event_name":"The Library","floor":19,"gold_loss":0,"cards_obtained":["Iron Wave"]},{"damage_healed":0,"gold_gain":0,"player_choice":"Obtained Relic","damage_taken":0,"relics_obtained":["hubris:ChampionShield"],"max_hp_gain":0,"max_hp_loss":0,"event_name":"Addict","floor":20,"gold_loss":85},{"damage_healed":0,"gold_gain":100,"player_choice":"Pray","damage_taken":0,"max_hp_gain":0,"max_hp_loss":0,"event_name":"Golden Shrine","floor":21,"gold_loss":0},{"cards_removed":["Hidden Blade"],"damage_healed":0,"gold_gain":0,"player_choice":"Upgrade and Remove","damage_taken":0,"max_hp_gain":0,"max_hp_loss":0,"event_name":"Designer","floor":30,"gold_loss":90,"cards_upgraded":["Iron Wave"]},{"damage_healed":0,"gold_gain":0,"player_choice":"Fight","damage_taken":0,"max_hp_gain":0,"max_hp_loss":0,"event_name":"MindBloom","floor":36,"gold_loss":0},{"damage_healed":0,"gold_gain":0,"player_choice":"Max HP","damage_taken":0,"max_hp_gain":0,"max_hp_loss":4,"event_name":"Winding Halls","floor":37,"gold_loss":0},{"damage_healed":0,"gold_gain":0,"player_choice":"Paid Gold","damage_taken":0,"relics_obtained":["King of Hearts"],"max_hp_gain":0,"max_hp_loss":0,"event_name":"WeMeetAgain","floor":38,"gold_loss":63}],"is_beta":false,"boss_relics":[{"not_picked":["aspiration:RunicSpoon","Replay:Drink Me"],"picked":"Replay:Grab Bag"},{"not_picked":["Replay:Bronze Core","hubris:CrackedHourglass"],"picked":"ReplayTheSpireMod:DimensionalGlitch"},{"not_picked":["aspiration:FutureDiary","Abe\u0027s Treasure"],"picked":"Busted Crown"},{"not_picked":["SlaversCollar","hubris:Backtick"],"picked":"Black Blood"},{"not_picked":["hubris:Stopwatch","Snecko Eye"],"picked":"aspiration:SilentSkillbook"},{"not_picked":["Honey Jar","hubris:BlackHole"],"picked":"Replay:Ancient Bell"},{"not_picked":["Smiling Mask","Lantern"],"picked":"Pen Nib"},{"not_picked":["ReplayTheSpireMod:Ninjato","hubris:DisguiseKit"],"picked":"Replay:Bottled Snecko"},{"not_picked":["Counterbalance","Gambling Chip"],"picked":"aspiration:HatOfInfinitePower"}],"items_purged_floors":[5,10,39,48],"is_endless":false,"potions_floor_spawned":[12,14,16,18,29,35,36],"ascension_level":4}}