{"host":"j0a1jfichhxu8b8p","time":1608021853,"event":{"mods":["BaseMod","Colored Map","DeckTracker","Keyboard Shortcuts","Minty Spire (QoL Compilation)","Permanent Neow","StSLib"],"gold_per_floor":[111,36,111,122,122,122,122,122,122,122,122,147,47,65,65,144,144,155,335,353,59,75,75,85,85,85],"floor_reached":25,"playtime":707,"items_purged":["Strike_R","Strike_R","Strike_R"],"score":378,"play_id":"7d0fd5e0-512d-4c58-a76d-9f2a32d76be7","local_time":"20201215174413","is_ascension_mode":true,"campfire_choices":[{"data":"Searing Blow","floor":6.0,"key":"SMITH"},{"data":"Searing Blow+1","floor":8.0,"key":"SMITH"},{"data":"Searing Blow+2","floor":10.0,"key":"SMITH"},{"data":"Searing Blow+3","floor":15.0,"key":"SMITH"},{"data":"Searing Blow+4","floor":23.0,"key":"SMITH"}],"circlet_count":0,"master_deck":["AscendersBane","Strike_R+1","Strike_R","Defend_R","Defend_R","Defend_R+1","Defend_R","Bash","Jack Of All Trades","Searing Blow+5","Shrug It Off","Armaments"],"relics":["Burning Blood","Mummified Hand","Incense Burner","Runic Cube","Medical Kit"],"acts_visited":["TheCity"],"potions_floor_usage":[],"damage_taken":[{"damage":19.0,"enemies":"Jaw Worm","floor":1.0,"turns":4.0},{"damage":5.0,"enemies":"Small Slimes","floor":4.0,"turns":4.0},{"damage":17.0,"enemies":"Lagavulin","floor":12.0,"turns":7.0},{"damage":0.0,"enemies":"2 Louse","floor":14.0,"turns":1.0},{"damage":18.0,"enemies":"The Guardian","floor":16.0,"turns":8.0},{"damage":21.0,"enemies":"2 Thieves","floor":18.0,"turns":4.0},{"damage":0.0,"enemies":"Chosen","floor":20.0,"turns":3.0},{"damage":2.0,"enemies":"Centurion and Healer","floor":22.0,"turns":7.0},{"damage":30,"enemies":"Shelled Parasite and Fungi","floor":24,"turns":9},{"damage":19,"enemies":"3 Cultists","floor":25,"turns":3}],"seed_played":"-7539243359171725442","potions_obtained":[{"floor":1.0,"key":"Explosive Potion"},{"floor":12.0,"key":"ElixirPotion"},{"floor":18.0,"key":"SteroidPotion"}],"is_trial":false,"path_per_floor":["M","$","?","M","?","R","?","R","T","R","?","E","$","M","R","B",null,"M","?","M","$","M","R","M","M"],"character_chosen":"IRONCLAD","items_purchased":["Medical Kit"],"campfire_rested":0,"item_purchase_floors":[21],"current_hp_per_floor":[55,55,44,45,50,50,50,50,50,50,26,15,15,21,21,9,62,47,28,34,34,38,38,14,0,0],"gold":85,"neow_bonus":"RANDOM_COLORLESS","is_daily":false,"chose_seed":false,"campfire_upgraded":5,"win_rate":0.0,"timestamp":1608021853,"path_taken":["M","$","?","M","?","R","?","R","T","R","?","E","?","?","R","BOSS","M","?","?","$","M","R","M","M"],"items_purchased_type":["Relic"],"build_version":"2020-12-13","purchased_purges":3,"victory":false,"max_hp_per_floor":[75,75,75,75,80,80,80,80,80,80,80,80,80,80,80,80,80,80,80,80,80,80,80,80,80,80],"card_choices":[{"not_picked":["Panacea","Purity"],"picked":"Jack Of All Trades","floor":0.0},{"not_picked":["Dual Wield","Wild Strike"],"picked":"Searing Blow","floor":1.0},{"not_picked":["Pommel Strike","Warcry","Searing Blow"],"picked":"SKIP","floor":4.0},{"not_picked":["Shockwave","Heavy Blade","Armaments"],"picked":"SKIP","floor":12.0},{"not_picked":["Rampage","Headbutt","Clash"],"picked":"SKIP","floor":14.0},{"not_picked":["True Grit","Spot Weakness"],"picked":"Shrug It Off","floor":18.0},{"not_picked":["Clash","Heavy Blade","Combust"],"picked":"SKIP","floor":20.0},{"not_picked":["Clash","Flex","Spot Weakness"],"picked":"SKIP","floor":22.0},{"not_picked":["Clash","Sever Soul"],"picked":"Armaments","floor":24}],"player_experience":311801,"relics_obtained":[{"floor":9.0,"key":"Mummified Hand"},{"floor":12.0,"key":"Incense Burner"}],"event_choices":[{"damage_healed":0.0,"max_hp_gain":0.0,"max_hp_loss":0.0,"gold_gain":75.0,"event_name":"World of Goop","player_choice":"Gather Gold","floor":3.0,"gold_loss":0.0,"damage_taken":11.0},{"damage_healed":0.0,"max_hp_gain":5.0,"max_hp_loss":0.0,"gold_gain":0.0,"event_name":"Big Fish","player_choice":"Donut","floor":5.0,"gold_loss":0.0,"damage_taken":0.0},{"damage_healed":0.0,"max_hp_gain":0.0,"max_hp_loss":0.0,"gold_gain":0.0,"event_name":"Dead Adventurer","player_choice":"Searched \u00270\u0027 times","floor":7.0,"gold_loss":0.0,"damage_taken":0.0},{"damage_healed":0.0,"max_hp_gain":0.0,"max_hp_loss":0.0,"gold_gain":0.0,"event_name":"Shining Light","player_choice":"Entered Light","floor":11.0,"gold_loss":0.0,"damage_taken":24.0,"cards_upgraded":["Strike_R","Defend_R"]},{"damage_healed":0.0,"max_hp_gain":0.0,"max_hp_loss":0.0,"gold_gain":180.0,"event_name":"Knowing Skull","player_choice":"GOLD GOLD ","floor":19.0,"potions_obtained":[],"gold_loss":0.0,"damage_taken":19.0,"cards_obtained":[]}],"is_beta":false,"boss_relics":[{"not_picked":["Pandora\u0027s Box","Runic Dome"],"picked":"Runic Cube"}],"items_purged_floors":[2,13,21],"is_endless":false,"potions_floor_spawned":[1,12,18],"killed_by":"3 Cultists","ascension_level":18}}