{"host":"r53pw7z744tg3fxg","time":1608046051,"event":{"mods":["AchievementEnabler","BaseMod","Colored Map","Colored Powertips","Highlight Path","Minty Spire (QoL Compilation)","Quick Restart","Transform Curses"],"gold_per_floor":[19,19,37,56,56,89,141,141,141,64,85,85,110,148,148,274,274,297,12,112,127,143,143,182,182,182,182,201,25,45,45,45,45,45],"floor_reached":33,"playtime":1432,"items_purged":[],"score":415,"play_id":"da55bbb3-5605-46ad-9114-ba963158c734","local_time":"20201215082731","is_ascension_mode":true,"campfire_choices":[{"floor":8.0,"key":"REST"},{"data":"BowlingBash","floor":12.0,"key":"SMITH"},{"floor":15.0,"key":"REST"},{"data":"ForeignInfluence","floor":23.0,"key":"SMITH"},{"data":"Judgement","floor":27.0,"key":"SMITH"},{"floor":32.0,"key":"REST"}],"circlet_count":0,"master_deck":["Defend_P","Defend_P","Defend_P","Defend_P","Eruption+1","Vigilance","BowlingBash+1","ThirdEye","Evaluate","ConjureBlade","Indignation","ReachHeaven","FearNoEvil","Judgement+1","Adaptation+1","CarveReality+1","ForeignInfluence+1","Consecrate","Crescendo","FlurryOfBlows","PathToVictory","Bite","Bite","Bite","Bite","Bite"],"relics":["PureWater","Mango","Golden Idol","Ancient Tea Set","Gambling Chip","Smiling Mask","Black Star","CloakClasp","Darkstone Periapt","StoneCalendar","MutagenicStrength","Toy Ornithopter","PreservedInsect"],"acts_visited":["Exordium","TheCity"],"potions_floor_usage":[33],"damage_taken":[{"damage":0.0,"enemies":"Jaw Worm","floor":1.0,"turns":3.0},{"damage":0.0,"enemies":"Small Slimes","floor":3.0,"turns":2.0},{"damage":7.0,"enemies":"Cultist","floor":4.0,"turns":3.0},{"damage":30.0,"enemies":"3 Sentries","floor":6.0,"turns":7.0},{"damage":0.0,"enemies":"Large Slime","floor":11.0,"turns":3.0},{"damage":17.0,"enemies":"Exordium Thugs","floor":13.0,"turns":4.0},{"damage":11.0,"enemies":"Gremlin Nob","floor":14.0,"turns":3.0},{"damage":45.0,"enemies":"The Guardian","floor":16.0,"turns":11.0},{"damage":1.0,"enemies":"Chosen","floor":18.0,"turns":3.0},{"damage":8.0,"enemies":"2 Thieves","floor":21.0,"turns":5.0},{"damage":7.0,"enemies":"Snecko","floor":22.0,"turns":4.0},{"damage":0.0,"enemies":"Gremlin Leader","floor":24.0,"turns":5.0},{"damage":16.0,"enemies":"Snake Plant","floor":28.0,"turns":3.0},{"damage":25.0,"enemies":"Centurion and Healer","floor":30.0,"turns":4.0},{"damage":79,"enemies":"Automaton","floor":33,"turns":6}],"seed_played":"-1560870305396378060","potions_obtained":[{"floor":3.0,"key":"Strength Potion"},{"floor":14.0,"key":"StancePotion"},{"floor":18.0,"key":"ColorlessPotion"},{"floor":22.0,"key":"CultistPotion"},{"floor":28.0,"key":"PowerPotion"}],"is_trial":false,"path_per_floor":["M","?","M","M","?","E","T","R","T","$","M","R","M","E","R","B",null,"M","$","?","M","M","R","E","?","T","R","M","$","M","?","R","B"],"character_chosen":"WATCHER","items_purchased":["Regen Potion","CloakClasp","PreservedInsect","FlurryOfBlows"],"campfire_rested":3,"item_purchase_floors":[10,19,29,29],"current_hp_per_floor":[79,79,79,72,72,42,42,66,66,66,68,68,53,49,73,30,68,69,69,69,63,58,58,60,60,60,60,46,46,23,23,47,0,0],"gold":45,"neow_bonus":"ONE_RARE_RELIC","is_daily":false,"chose_seed":false,"campfire_upgraded":3,"win_rate":0.0,"timestamp":1608046051,"path_taken":["M","?","M","M","?","E","?","R","T","$","M","R","?","E","R","BOSS","M","$","?","M","?","R","E","?","T","R","M","?","M","?","R","BOSS"],"items_purchased_type":["Potion","Relic","Relic","Card"],"build_version":"2020-12-13","purchased_purges":0,"victory":false,"max_hp_per_floor":[86,86,86,86,80,80,80,80,80,80,80,80,80,80,80,80,80,80,80,80,80,80,80,80,80,80,80,80,80,80,80,80,80,80],"card_choices":[{"not_picked":["PathToVictory","Halt"],"picked":"BowlingBash","floor":1.0},{"not_picked":["EmptyBody","FlyingSleeves"],"picked":"ThirdEye","floor":3.0},{"not_picked":["EmptyBody","Halt"],"picked":"Evaluate","floor":4.0},{"not_picked":["Vengeance","Conclude"],"picked":"ConjureBlade","floor":6.0},{"not_picked":["MentalFortress","Weave"],"picked":"Indignation","floor":11.0},{"not_picked":["Consecrate","Wireheading"],"picked":"ReachHeaven","floor":13.0},{"not_picked":["EmptyFist","CrushJoints"],"picked":"FearNoEvil","floor":14.0},{"not_picked":["Devotion","Establishment"],"picked":"Judgement","floor":16.0},{"not_picked":["EmptyFist","FlyingSleeves"],"picked":"Adaptation+1","floor":18.0},{"not_picked":["PathToVictory+1","Adaptation"],"picked":"CarveReality+1","floor":21.0},{"not_picked":["Halt","CutThroughFate+1"],"picked":"ForeignInfluence","floor":22.0},{"not_picked":["WreathOfFlame","Wallop"],"picked":"Consecrate","floor":24.0},{"not_picked":["CutThroughFate+1","SandsOfTime"],"picked":"Crescendo","floor":28.0},{"not_picked":["JustLucky+1","Nirvana"],"picked":"PathToVictory","floor":30.0}],"player_experience":1101723,"relics_obtained":[{"floor":6.0,"key":"Blood Vial"},{"floor":7.0,"key":"Ancient Tea Set"},{"floor":9.0,"key":"Gambling Chip"},{"floor":14.0,"key":"Smiling Mask"},{"floor":24.0,"key":"Darkstone Periapt"},{"floor":24.0,"key":"StoneCalendar"},{"floor":26.0,"key":"Toy Ornithopter"}],"event_choices":[{"damage_healed":0.0,"max_hp_gain":0.0,"max_hp_loss":0.0,"gold_gain":0.0,"event_name":"Living Wall","player_choice":"Grow","floor":2.0,"gold_loss":0.0,"damage_taken":0.0,"cards_upgraded":["Eruption"]},{"damage_healed":0.0,"max_hp_gain":0.0,"max_hp_loss":6.0,"gold_gain":0.0,"event_name":"Golden Idol","player_choice":"Lose Max HP","floor":5.0,"gold_loss":0.0,"damage_taken":0.0,"relics_obtained":["Golden Idol"]},{"damage_healed":0.0,"max_hp_gain":0.0,"max_hp_loss":0.0,"gold_gain":100.0,"event_name":"Golden Shrine","player_choice":"Pray","floor":20.0,"gold_loss":0.0,"damage_taken":0.0},{"damage_healed":0.0,"max_hp_gain":0.0,"max_hp_loss":0.0,"gold_gain":0.0,"event_name":"Drug Dealer","player_choice":"Inject Mutagens","floor":25.0,"gold_loss":0.0,"damage_taken":0.0,"relics_obtained":["MutagenicStrength"]},{"damage_healed":0.0,"max_hp_gain":0.0,"max_hp_loss":0.0,"gold_gain":0.0,"event_name":"Vampires","player_choice":"Became a vampire (Vial)","floor":31.0,"relics_lost":["Blood Vial"],"gold_loss":0.0,"damage_taken":0.0,"cards_obtained":["Bite","Bite","Bite","Bite","Bite"]}],"is_beta":false,"boss_relics":[{"not_picked":["Busted Crown","Astrolabe"],"picked":"Black Star"}],"items_purged_floors":[],"is_endless":false,"potions_floor_spawned":[3,14,18,22,28],"killed_by":"Automaton","ascension_level":6}}