{"host":"jm9833yuloeli2yd","time":1608000751,"event":{"mods":["AchievementEnabler","BaseMod","Better Altar","Better Match","Better Note","Better Sensory Stone","Better Skull","Better Vampires","Colored Map","Colored Powertips","DeckTracker","Minty Spire (QoL Compilation)","Permanent Neow","Quick Restart","Replay The Spire","StSLib","SuperFastMode"],"gold_per_floor":[365,16,16,16,16,47,67,67,67,81,81,81,109,127,127,224,224,234,253,253,253,265,296,296,325,375,398,398,152,186,230,230,345,345,388,422,50,50,90,90,136,136,162,215,261,43,91,112,112,136,136],"floor_reached":50,"playtime":1365,"items_purged":["Defend_R","Strike_R","Replay:Hysterical Blindness","Regret"],"score":1217,"play_id":"d371389c-9eaf-4c28-a6e3-5ec8ef897387","local_time":"20201214215231","is_ascension_mode":true,"campfire_choices":[{"data":"Sword Boomerang","floor":8.0,"key":"SMITH"},{"data":"Bash","floor":11.0,"key":"SMITH"},{"floor":15.0,"key":"DIG"},{"floor":32,"key":"REST"},{"floor":40,"key":"RECALL"},{"floor":42,"key":"REST"}],"circlet_count":0,"master_deck":["AscendersBane","Strike_R","Strike_R","Strike_R","Strike_R","Defend_R","Defend_R","Bash+1","Defend_P","Defend_P","Sword Boomerang+1","Inflame","Massacre+1","Battle Trance","Battle Trance+1","ReplayTheSpireMod:Stacked","Rage","Heavy Blade","Corruption+1","Flame Barrier+1","Shrug It Off","Demon Form+1","Dropkick","Heavy Blade","Replay:Undeath\u0027s Touch","Rage+1","ReplayTheSpireMod:Muscle Training","Injury","Replay:Undeath\u0027s Touch+1","ReplayTheSpireMod:Faulty Equipment","Reaper","Dropkick","Disarm","Inflame+1","Sever Soul","Double Tap+1","ReplayTheSpireMod:Limb From Limb","Sentinel","Armaments+1","Evolve+1","Amnesia","True Grit+1","Juggernaut+1","Shrug It Off"],"relics":["Burning Blood","Brimstone","Akabeko","Orichalcum","Divine Protection","Frozen Egg 2","Fusion Hammer","ReplayTheSpireMod:Ring of Collecting","Mango","War Paint","Prayer Wheel","Ring of Greed","Replay:Bandana","Blue Doll","Darkstone Periapt","Bloody Idol","OrangePellets","Pet Ghost","Ring of Chaos","Iron Hammer","Replay:Ringing Soul","Ring of Panic","Replay:Bottled Snecko","Counterbalance"],"acts_visited":["Exordium","TheCity","TheBeyond"],"potions_floor_usage":[33,50],"damage_taken":[{"damage":2.0,"enemies":"2 Louse","floor":1.0,"turns":5.0},{"damage":18.0,"enemies":"Gremlin Nob","floor":6.0,"turns":3.0},{"damage":3.0,"enemies":"Jaw Worm","floor":7.0,"turns":2.0},{"damage":0.0,"enemies":"Small Slimes","floor":10.0,"turns":1.0},{"damage":19.0,"enemies":"Lagavulin","floor":13.0,"turns":5.0},{"damage":0.0,"enemies":"Blue Slaver","floor":14.0,"turns":1.0},{"damage":0.0,"enemies":"Slime Boss","floor":16.0,"turns":3.0},{"damage":0.0,"enemies":"Shell Parasite","floor":18.0,"turns":2.0},{"damage":1.0,"enemies":"Chosen","floor":19.0,"turns":3.0},{"damage":0.0,"enemies":"Snecko","floor":22.0,"turns":3.0},{"damage":30.0,"enemies":"Book of Stabbing","floor":23.0,"turns":4.0},{"damage":0.0,"enemies":"Gremlin Leader","floor":25.0,"turns":3.0},{"damage":0.0,"enemies":"Snake Plant","floor":27.0,"turns":4.0},{"damage":0.0,"enemies":"Centurion and Healer","floor":30.0,"turns":2.0},{"damage":13,"enemies":"Book of Stabbing","floor":31,"turns":4},{"damage":43,"enemies":"Collector","floor":33,"turns":7},{"damage":0,"enemies":"3 Shapes","floor":35,"turns":3},{"damage":0,"enemies":"3 Darklings","floor":36,"turns":5},{"damage":0,"enemies":"Transient","floor":39,"turns":5},{"damage":12,"enemies":"Nemesis","floor":41,"turns":5},{"damage":4,"enemies":"Reptomancer","floor":44,"turns":3},{"damage":14,"enemies":"Jaw Worm Horde","floor":45,"turns":4},{"damage":31,"enemies":"R_Hoarder","floor":47,"turns":7},{"damage":7,"enemies":"Spire Growth","floor":48,"turns":4},{"damage":176,"enemies":"Replay:Hell Engine","floor":50,"turns":8}],"seed_played":"8504910027697047232","potions_obtained":[{"floor":10.0,"key":"PowerPotion"},{"floor":13.0,"key":"SkillPotion"},{"floor":22.0,"key":"Languid Potion"},{"floor":25.0,"key":"DistilledChaos"},{"floor":27.0,"key":"Reflective Coating"},{"floor":31,"key":"FearPotion"},{"floor":33,"key":"ColorlessPotion"}],"is_trial":false,"path_per_floor":["M","$","?","?","?","E","M","R","T","M","R","$","E","M","R_BF","B",null,"M","M","?","?","M","E","?","E","T","M","?","$","M","E","R","B",null,"M","M","$","?","M","R","E","R","T","E","M","$","E","M","R_BF","B"],"character_chosen":"IRONCLAD","items_purchased":["Inflame","Brimstone","Massacre+1","OrangePellets","Iron Hammer","Evolve+1"],"campfire_rested":2,"item_purchase_floors":[2,2,2,29,37,46],"current_hp_per_floor":[76,76,81,81,81,69,72,72,72,78,78,78,65,71,71,77,83,85,85,85,68,74,64,44,50,50,56,6,6,17,27,60,39,98,117,117,117,117,117,117,122,123,123,126,129,132,141,144,144,0,0],"gold":136,"neow_bonus":"TWO_FIFTY_GOLD","is_daily":false,"chose_seed":false,"campfire_upgraded":2,"win_rate":0.0,"timestamp":1608000751,"path_taken":["M","$","?","?","?","E","M","R","T","M","R","?","E","?","R_BF","BOSS","M","M","?","?","M","E","?","E","T","?","?","$","M","E","R","BOSS","M","M","$","?","M","R","E","R","T","E","M","$","E","M","R_BF","BOSS"],"items_purchased_type":["Card","Relic","Card","Relic","Relic","Card"],"build_version":"2020-12-13","purchased_purges":4,"victory":false,"max_hp_per_floor":[80,80,85,85,85,85,85,85,85,85,85,85,85,85,85,85,85,85,85,85,85,85,99,99,99,99,99,99,99,99,111,111,117,117,117,117,117,117,117,117,123,123,123,126,129,132,141,144,144,144,144],"card_choices":[{"not_picked":["Havoc","ReplayTheSpireMod:Strike From Hell"],"picked":"Sword Boomerang","floor":1.0},{"not_picked":["Wild Strike","Perfected Strike"],"picked":"Battle Trance","floor":6.0},{"not_picked":["Body Slam","Clothesline"],"picked":"Battle Trance","floor":7.0},{"not_picked":["Life Link","Clothesline"],"picked":"ReplayTheSpireMod:Stacked","floor":10.0},{"not_picked":["True Grit","Second Wind"],"picked":"Rage","floor":13.0},{"not_picked":["Life Link","Battle Trance"],"picked":"Heavy Blade","floor":14.0},{"not_picked":["Barricade+1","Double Tap"],"picked":"Corruption+1","floor":16.0},{"not_picked":["Iron Wave+1","Wild Strike"],"picked":"Flame Barrier","floor":18.0},{"not_picked":["Armaments","Wild Strike"],"picked":"Shrug It Off","floor":19.0},{"not_picked":["Anger","Clash"],"picked":"Dropkick","floor":22.0},{"not_picked":["Twin Strike+1","Fire Breathing+1"],"picked":"Heavy Blade","floor":23.0},{"not_picked":["True Grit","Twin Strike"],"picked":"Replay:Undeath\u0027s Touch","floor":25.0},{"not_picked":["Cleave","Iron Wave"],"picked":"Hemogenesis","floor":27.0},{"not_picked":["Thunderclap","Whirlwind","Hemokinesis"],"picked":"SKIP","floor":27.0},{"not_picked":["Warcry","Pommel Strike"],"picked":"Rage+1","floor":30.0},{"not_picked":["Sentinel","Clash"],"picked":"ReplayTheSpireMod:Muscle Training","floor":30.0},{"not_picked":["Havoc","Run Through"],"picked":"Replay:Undeath\u0027s Touch+1","floor":31},{"not_picked":["Juggernaut+1","Immolate"],"picked":"Reaper","floor":33},{"not_picked":["Pummel","Abandon"],"picked":"Dropkick","floor":35},{"not_picked":["Feel No Pain+1","Seeing Red+1"],"picked":"Disarm","floor":35},{"not_picked":["Pommel Strike","Wild Strike"],"picked":"Inflame+1","floor":36},{"not_picked":["Wild Strike","ReplayTheSpireMod:Strike From Hell"],"picked":"Sever Soul","floor":36},{"not_picked":["ReplayTheSpireMod:Stacked+1","Headbutt"],"picked":"Double Tap","floor":39},{"not_picked":["Iron Wave+1","Cleave"],"picked":"ReplayTheSpireMod:Limb From Limb","floor":39},{"not_picked":["Flex","Seeing Red+1","Pummel"],"picked":"SKIP","floor":41},{"not_picked":["ReplayTheSpireMod:Strike From Hell","Perfected Strike"],"picked":"Sentinel","floor":44},{"not_picked":["Rampage","Anger+1"],"picked":"Armaments+1","floor":45},{"not_picked":["ReplayTheSpireMod:Corrosion Curse","ReplayTheSpireMod:Limb From Limb+1","Life Link+1"],"picked":"SKIP","floor":45},{"not_picked":["Headbutt","Armaments"],"picked":"True Grit+1","floor":47},{"not_picked":["Anger+1","Wild Strike+1"],"picked":"Juggernaut+1","floor":48},{"not_picked":["Sword Boomerang","Run Through"],"picked":"Shrug It Off","floor":48}],"player_experience":1079020,"relics_obtained":[{"floor":6.0,"key":"Akabeko"},{"floor":9.0,"key":"Orichalcum"},{"floor":13.0,"key":"Divine Protection"},{"floor":15.0,"key":"Frozen Egg 2"},{"floor":20.0,"key":"ReplayTheSpireMod:Ring of Collecting"},{"floor":23.0,"key":"Mango"},{"floor":25.0,"key":"Prayer Wheel"},{"floor":26.0,"key":"Ring of Greed"},{"floor":26.0,"key":"Replay:Bandana"},{"floor":26.0,"key":"Blue Doll"},{"floor":26.0,"key":"Darkstone Periapt"},{"floor":31,"key":"Pet Ghost"},{"floor":41,"key":"Replay:Ringing Soul"},{"floor":43,"key":"Ring of Panic"},{"floor":44,"key":"Replay:Bottled Snecko"},{"floor":47,"key":"Counterbalance"}],"event_choices":[{"damage_healed":0.0,"max_hp_gain":5.0,"max_hp_loss":0.0,"gold_gain":0.0,"event_name":"Big Fish","player_choice":"Donut","floor":3.0,"gold_loss":0.0,"damage_taken":0.0},{"damage_healed":0.0,"max_hp_gain":0.0,"max_hp_loss":0.0,"gold_gain":0.0,"event_name":"Liars Game","player_choice":"Ignored","floor":4.0,"gold_loss":0.0,"damage_taken":0.0},{"damage_healed":0.0,"max_hp_gain":0.0,"max_hp_loss":17.0,"gold_gain":2.0,"event_name":"betterStone:BetterStone","player_choice":"2","floor":21.0,"gold_loss":0.0,"damage_taken":0.0},{"damage_healed":0.0,"max_hp_gain":0.0,"max_hp_loss":0.0,"gold_gain":0.0,"event_name":"betterSkull:BetterSkull","player_choice":"RE ","floor":24.0,"gold_loss":0.0,"damage_taken":22.0,"cards_upgraded":[],"relics_obtained":["War Paint"]},{"damage_healed":0.0,"max_hp_gain":56.0,"max_hp_loss":6.0,"gold_gain":0.0,"event_name":"betterAltar:BetterAltar","player_choice":" Idol ","floor":28.0,"potions_obtained":[],"relics_lost":[],"gold_loss":0.0,"damage_taken":50.0,"relics_obtained":["Bloody Idol"]},{"cards_removed":["Hemogenesis"],"damage_healed":0,"gold_gain":0,"player_choice":"Removed Attack","damage_taken":0,"max_hp_gain":0,"max_hp_loss":0,"event_name":"Falling","floor":38,"gold_loss":0}],"is_beta":false,"boss_relics":[{"not_picked":["Ectoplasm","Tiny House"],"picked":"Fusion Hammer"},{"not_picked":["Runic Cube","Cursed Key"],"picked":"Ring of Chaos"}],"items_purged_floors":[2,29,37,46],"is_endless":false,"potions_floor_spawned":[10,13,22,25,27,31,33,35,36,45,48],"killed_by":"Replay:Hell Engine","ascension_level":12}}