{"host":"e87rn453naquue3h","time":1608065455,"event":{"mods":["AchievementEnabler","BaseMod","Minty Spire (QoL Compilation)","Relic Stats","StSLib"],"gold_per_floor":[116,127,127,145,145,145,30,64,110,110,145,145,145,160,160,236,236,250,250,260,277,288,288,322,322,349,249,249,86,98,113,113,192,192,204,258,283,302,16,16,28,28,52,52,84,84,84,84,84,84],"floor_reached":51,"playtime":1763,"items_purged":["Pain","Strike_P"],"score":1492,"play_id":"a280f621-114d-4c50-88c1-4a378942eb73","local_time":"20201215155055","is_ascension_mode":true,"campfire_choices":[{"data":"Ragnarok","floor":6,"key":"SMITH"},{"floor":10,"key":"REST"},{"data":"Eruption","floor":12,"key":"SMITH"},{"data":"Blasphemy","floor":15,"key":"SMITH"},{"data":"Ragnarok","floor":23,"key":"SMITH"},{"data":"Fasting2","floor":25,"key":"SMITH"},{"data":"WheelKick","floor":28,"key":"SMITH"},{"data":"WheelKick","floor":32,"key":"SMITH"},{"floor":40,"key":"REST"},{"floor":46,"key":"REST"},{"floor":49,"key":"REST"}],"circlet_count":0,"master_deck":["AscendersBane","Strike_P","Strike_P","Strike_P","Defend_P","Defend_P","Defend_P","Eruption+1","Vigilance","Ragnarok+1","JustLucky","Meditate","Conclude","InnerPeace","Blasphemy+1","Consecrate","Crescendo","Ragnarok+1","Fasting2+1","CutThroughFate+1","WheelKick+1","Omniscience","WheelKick+1","Scrawl","DeusExMachina"],"relics":["PureWater","WarpedTongs","PreservedInsect","Happy Flower","Incense Burner","Snecko Eye","HornCleat","Art of War","OrangePellets","SlaversCollar","Gambling Chip","GoldenEye","Singing Bowl","Juzu Bracelet","Unceasing Top"],"acts_visited":["Exordium","TheCity","TheBeyond"],"potions_floor_usage":[16,33,33,50],"damage_taken":[{"damage":2,"enemies":"Jaw Worm","floor":1,"turns":3},{"damage":0,"enemies":"Cultist","floor":2,"turns":3},{"damage":3,"enemies":"Small Slimes","floor":4,"turns":2},{"damage":20,"enemies":"3 Sentries","floor":8,"turns":2},{"damage":0,"enemies":"Gremlin Nob","floor":11,"turns":2},{"damage":5,"enemies":"3 Louse","floor":14,"turns":2},{"damage":0,"enemies":"Slime Boss","floor":16,"turns":2},{"damage":20,"enemies":"2 Thieves","floor":18,"turns":2},{"damage":0,"enemies":"3 Byrds","floor":20,"turns":2},{"damage":0,"enemies":"Centurion and Healer","floor":21,"turns":2},{"damage":0,"enemies":"Snake Plant","floor":22,"turns":2},{"damage":0,"enemies":"Book of Stabbing","floor":24,"turns":1},{"damage":0,"enemies":"Snecko","floor":30,"turns":2},{"damage":0,"enemies":"Sentry and Sphere","floor":31,"turns":1},{"damage":15,"enemies":"Champ","floor":33,"turns":2},{"damage":11,"enemies":"3 Darklings","floor":35,"turns":2},{"damage":27,"enemies":"2 Orb Walkers","floor":36,"turns":2},{"damage":0,"enemies":"Mind Bloom Boss Battle","floor":37,"turns":1},{"damage":0,"enemies":"3 Shapes","floor":38,"turns":1},{"damage":0,"enemies":"Spire Growth","floor":41,"turns":1},{"damage":21,"enemies":"Nemesis","floor":45,"turns":3},{"damage":0,"enemies":"Time Eater","floor":50,"turns":3}],"seed_played":"6898717185093376244","potions_obtained":[{"floor":2,"key":"Energy Potion"},{"floor":14,"key":"Strength Potion"},{"floor":16,"key":"BottledMiracle"},{"floor":38,"key":"BottledMiracle"},{"floor":41,"key":"Energy Potion"},{"floor":45,"key":"Strength Potion"}],"is_trial":false,"path_per_floor":["M","M","?","M","?","R","$","E","T","R","E","R","?","M","R","B",null,"M","?","M","M","M","R","E","R","T","$","R","$","M","M","R","B",null,"M","?","?","M","$","R","M","?","T","?","E","R","$","?","R","B",null],"character_chosen":"WATCHER","items_purchased":["InnerPeace","OrangePellets","Singing Bowl"],"campfire_rested":4,"item_purchase_floors":[7,29,39],"current_hp_per_floor":[59,59,59,56,56,56,56,36,36,56,56,56,56,51,51,51,64,44,40,40,40,40,40,40,40,40,40,40,40,40,40,40,25,57,46,19,19,19,19,39,41,41,41,41,22,43,43,43,63,63],"gold":84,"neow_bonus":"ONE_RANDOM_RARE_CARD","is_daily":false,"chose_seed":false,"campfire_upgraded":7,"win_rate":0.0,"timestamp":1608065455,"path_taken":["M","M","?","?","?","R","$","E","T","R","E","R","?","M","R","BOSS","M","?","M","?","?","R","E","R","T","$","R","?","?","M","R","BOSS","M","?","?","M","$","R","M","?","T","?","E","R","$","?","R","BOSS"],"items_purchased_type":["Card","Relic","Relic"],"build_version":"2020-12-13","purchased_purges":2,"victory":true,"max_hp_per_floor":[68,68,68,68,68,68,68,68,68,68,68,68,68,68,68,68,68,68,68,68,68,68,68,68,68,68,68,68,68,68,68,68,68,68,68,68,68,68,68,68,70,70,70,70,72,72,72,68,68,68],"relic_stats":{"Happy Flower":[11],"Singing Bowl":4,"counters":[22,43],"PreservedInsect":114,"Juzu Bracelet":1,"GoldenEye":[9],"WarpedTongs":[37],"OrangePellets":[11],"Gambling Chip":[22],"Snecko Eye":[51,42,44,52],"Art of War":[1],"obtain_stats":[{"Happy Flower":9,"Singing Bowl":39,"PreservedInsect":8,"Incense Burner":11,"Juzu Bracelet":43,"GoldenEye":37,"WarpedTongs":3,"OrangePellets":29,"SlaversCollar":34,"HornCleat":24,"Gambling Chip":36,"Snecko Eye":17,"Art of War":26,"PureWater":0,"Unceasing Top":45},{"Happy Flower":4,"Singing Bowl":19,"PreservedInsect":4,"Incense Burner":5,"Juzu Bracelet":20,"GoldenEye":18,"WarpedTongs":2,"OrangePellets":12,"SlaversCollar":15,"HornCleat":12,"Gambling Chip":17,"Snecko Eye":7,"Art of War":12,"PureWater":0,"Unceasing Top":21},{"Happy Flower":10,"Singing Bowl":36,"PreservedInsect":10,"Incense Burner":12,"Juzu Bracelet":37,"GoldenEye":35,"WarpedTongs":6,"OrangePellets":25,"SlaversCollar":30,"HornCleat":25,"Gambling Chip":34,"Snecko Eye":16,"Art of War":25,"PureWater":0,"Unceasing Top":40}],"Unceasing Top":[0]},"card_choices":[{"not_picked":["Consecrate","EmptyBody"],"picked":"JustLucky","floor":1},{"not_picked":["ThirdEye","Protect"],"picked":"Meditate","floor":2},{"not_picked":["BowlingBash","ForeignInfluence"],"picked":"Conclude","floor":4},{"not_picked":["Meditate","WheelKick"],"picked":"Blasphemy","floor":8},{"not_picked":["SashWhip","BowlingBash"],"picked":"Consecrate","floor":11},{"not_picked":["ClearTheMind","FlyingSleeves"],"picked":"Crescendo","floor":14},{"not_picked":["MasterReality","Brilliance"],"picked":"Ragnarok","floor":16},{"not_picked":["PathToVictory+1","EmptyFist","SignatureMove"],"picked":"SKIP","floor":18},{"not_picked":["FlyingSleeves","FlurryOfBlows","JustLucky"],"picked":"SKIP","floor":20},{"not_picked":["Perseverance","Study"],"picked":"Fasting2","floor":21},{"not_picked":["Pray","Meditate"],"picked":"CutThroughFate+1","floor":22},{"not_picked":["Evaluate","Weave"],"picked":"WheelKick","floor":24},{"not_picked":["FlyingSleeves","FearNoEvil"],"picked":"Omniscience","floor":30},{"not_picked":["Perseverance","ClearTheMind+1"],"picked":"WheelKick","floor":31},{"not_picked":["Blasphemy","Alpha"],"picked":"Scrawl","floor":33},{"not_picked":["ClearTheMind","CutThroughFate","JustLucky"],"picked":"SKIP","floor":35},{"not_picked":["EmptyMind","WindmillStrike"],"picked":"Wallop","floor":36},{"not_picked":["CrushJoints","ClearTheMind"],"picked":"DeusExMachina","floor":37},{"not_picked":["Conclude+1","CrushJoints","Indignation+1"],"picked":"SKIP","floor":38},{"not_picked":["SignatureMove","Consecrate+1","Crescendo"],"picked":"Singing Bowl","floor":41},{"not_picked":["Study","MentalFortress+1","Halt+1"],"picked":"Singing Bowl","floor":45}],"player_experience":2269418,"relics_obtained":[{"floor":8,"key":"PreservedInsect"},{"floor":9,"key":"Happy Flower"},{"floor":11,"key":"Incense Burner"},{"floor":24,"key":"HornCleat"},{"floor":26,"key":"Art of War"},{"floor":36,"key":"Gambling Chip"},{"floor":37,"key":"GoldenEye"},{"floor":43,"key":"Juzu Bracelet"},{"floor":45,"key":"Unceasing Top"}],"event_choices":[{"damage_healed":0,"gold_gain":0,"player_choice":"Rummage","damage_taken":0,"relics_obtained":["WarpedTongs"],"max_hp_gain":0,"max_hp_loss":0,"event_name":"Accursed Blacksmith","floor":3,"gold_loss":0,"cards_obtained":["Pain"]},{"damage_healed":0,"gold_gain":0,"player_choice":"Leave","damage_taken":0,"max_hp_gain":0,"max_hp_loss":0,"event_name":"The Cleric","floor":5,"gold_loss":0},{"cards_removed":["Defend_P"],"damage_healed":0,"gold_gain":0,"player_choice":"Card Removal","damage_taken":0,"max_hp_gain":0,"max_hp_loss":0,"event_name":"Wheel of Change","floor":13,"gold_loss":0},{"damage_healed":0,"gold_gain":0,"player_choice":"Bought 0 Potions","damage_taken":0,"max_hp_gain":0,"max_hp_loss":0,"event_name":"The Woman in Blue","floor":19,"gold_loss":0},{"damage_healed":0,"gold_gain":0,"player_choice":"Fight","damage_taken":0,"max_hp_gain":0,"max_hp_loss":0,"event_name":"Mysterious Sphere","floor":36,"gold_loss":0},{"damage_healed":0,"gold_gain":0,"player_choice":"Fight","damage_taken":0,"max_hp_gain":0,"max_hp_loss":0,"event_name":"MindBloom","floor":37,"gold_loss":0},{"damage_healed":0,"gold_gain":0,"player_choice":"Ignored","damage_taken":0,"max_hp_gain":0,"max_hp_loss":0,"event_name":"SecretPortal","floor":42,"gold_loss":0},{"cards_removed":["Wallop"],"damage_healed":0,"gold_gain":0,"player_choice":"Removed Attack","damage_taken":0,"max_hp_gain":0,"max_hp_loss":0,"event_name":"Falling","floor":44,"gold_loss":0},{"damage_healed":0,"gold_gain":0,"player_choice":"Max HP","damage_taken":0,"max_hp_gain":0,"max_hp_loss":4,"event_name":"Winding Halls","floor":48,"gold_loss":0}],"is_beta":false,"boss_relics":[{"not_picked":["Runic Pyramid","Runic Dome"],"picked":"Snecko Eye"},{"not_picked":["Calling Bell","Empty Cage"],"picked":"SlaversCollar"}],"items_purged_floors":[7,27],"is_endless":false,"potions_floor_spawned":[2,14,16,20,22,30,38,41,45],"ascension_level":16}}