{"host":"aunmuzt9j70r7vun","time":1608063321,"event":{"mods":["BaseMod","Better Altar","Better Third Choice","BetterRewards","Clockwork Mod","Curses Come First","Downfall","Infinite Spire","LagranYue(???·?)","Mad Scientist","Marisa????????","Minty Spire (QoL Compilation)","Rare Cards Sparkle","Relic Sorter","Say the Spire","Shop Mod","Spicy Shops","StSLib","The Cursed","The Disciple","The Edgeheg","The Mystic","The Servant 0.9.4"],"gold_per_floor":[118,193,209,209,23,23,38,38,61,90,104,104,104,104,104,203,203,223,301,23,33,33,66,66,66,66,66,66,1,1,14,14,111,161,175,175,175,193,193,193,228,13,39,39,56,106,106,106,106],"floor_reached":48,"playtime":2601,"items_purged":["Scrape","Rebound+1"],"score":661,"play_id":"ba10c3d3-888d-4442-9084-1e15edb3c09a","local_time":"20201215161521","is_ascension_mode":true,"campfire_choices":[{"data":"Storm","floor":6,"key":"SMITH"},{"data":"Capacitor","floor":8,"key":"SMITH"},{"data":"Static Discharge","floor":12,"key":"SMITH"},{"floor":15,"key":"REST"},{"floor":25,"key":"REST"},{"floor":27,"key":"REST"},{"data":"Storm","floor":30,"key":"SMITH"},{"floor":32,"key":"REST"},{"data":"infinitespire:Collect","floor":40,"key":"SMITH"},{"floor":44,"key":"REST"},{"data":"Buffer","floor":47,"key":"SMITH"}],"circlet_count":0,"master_deck":["Zap","Dualcast","Double Energy","Capacitor+1","Static Discharge+1","Storm+1","Double Energy+1","Amplify","Undo","Self Repair","Skim+1","Consume+1","Machine Learning","Storm+1","Machine Learning","Tempest+1","infinitespire:Collect+1","Chrysalis","Madness","Storm+1","Storm","Buffer+1","Self Repair+1"],"relics":["Cracked Core","MerchantsRug","Toy Ornithopter","Pen Nib","infinitespire:SolderingIron","Peace Pipe","Cables","HornCleat","Blood Vial","White Beast Statue","Regal Pillow","Incense Burner"],"acts_visited":["Exordium","TheCity","TheBeyond"],"potions_floor_usage":[10,16,16,16,21,23,13031,31,33,41,45],"damage_taken":[{"damage":0,"enemies":"2 Louse","floor":1,"turns":2},{"damage":0,"enemies":"Small Slimes","floor":3,"turns":2},{"damage":1,"enemies":"Cultist","floor":7,"turns":3},{"damage":17,"enemies":"Gremlin Nob","floor":10,"turns":3},{"damage":13,"enemies":"Red Slaver","floor":11,"turns":4},{"damage":35,"enemies":"The Guardian","floor":16,"turns":6},{"damage":6,"enemies":"3 Byrds","floor":18,"turns":2},{"damage":28,"enemies":"Shell Parasite","floor":21,"turns":3},{"damage":43,"enemies":"Book of Stabbing","floor":23,"turns":4},{"damage":12,"enemies":"Chosen and Byrds","floor":31,"turns":4},{"damage":36,"enemies":"Collector","floor":33,"turns":5},{"damage":4,"enemies":"3 Shapes","floor":35,"turns":4},{"damage":11,"enemies":"Orb Walker","floor":38,"turns":2},{"damage":64,"enemies":"Nightmare","floor":41,"turns":5},{"damage":15,"enemies":"Transient","floor":45,"turns":5},{"damage":18,"enemies":"Mind Bloom Boss Battle","floor":46,"turns":4},{"damage":59,"enemies":"Reptomancer","floor":48,"turns":2}],"seed_played":"4013952418342530135","potions_obtained":[{"floor":1,"key":"LiquidBronze"},{"floor":7,"key":"PowerPotion"},{"floor":10,"key":"EntropicBrew"},{"floor":18,"key":"Fire Potion"},{"floor":33,"key":"Slimebound:ThreeZeroPotion"},{"floor":34,"key":"LiquidMemories"},{"floor":38,"key":"Fruit Juice"},{"floor":45,"key":"SmokeBomb"},{"floor":46,"key":"SteroidPotion"}],"is_trial":false,"path_per_floor":["M","?","M","?","$","R","M","R","T","E","M","R","?","?","R","B",null,"M","T","$","M","?","E","?","R","T","R","?","$","R","M","R","B",null,"M","?","AVR","M","?","R","NM","$","T","R","M","?","R","E"],"character_chosen":"DEFECT","items_purchased":["Storm","MerchantsRug","Machine Learning","Peace Pipe","Storm","Storm","Guardian:BlockOnCardUsePotion"],"campfire_rested":5,"item_purchase_floors":[5,5,20,20,29,42,42],"current_hp_per_floor":[68,57,57,68,68,68,67,67,67,51,38,38,31,25,45,25,57,58,58,58,42,42,11,11,31,31,51,17,17,17,38,58,43,67,73,73,73,73,68,68,28,28,28,66,65,49,49,0,0],"gold":106,"neow_bonus":"TRANSFORM_TWO_CARDS","is_daily":false,"chose_seed":false,"campfire_upgraded":6,"win_rate":0.0,"timestamp":1608063321,"path_taken":["M","?","M","?","$","R","M","R","T","E","M","R","?","?","R","BOSS","M","?","$","?","?","E","?","R","T","R","?","?","R","M","R","BOSS","M","?","AVR","M","?","R","NM","?","T","R","M","?","R","E"],"items_purchased_type":["Card","Relic","Card","Relic","Card","Card","Potion"],"build_version":"2020-12-13","purchased_purges":2,"victory":false,"max_hp_per_floor":[68,68,68,68,68,68,68,68,68,68,68,68,68,68,68,68,68,68,68,68,68,68,68,68,68,68,68,68,68,68,68,68,68,73,73,73,73,73,73,73,78,78,78,78,78,78,78,78,78],"card_choices":[{"not_picked":["Sweeping Beam","Beam Cell","Steam"],"picked":"SKIP","floor":1},{"not_picked":["Fusion","Streamline"],"picked":"Static Discharge","floor":3},{"not_picked":["Doom and Gloom","Reinforced Body","Steam"],"picked":"SKIP","floor":7},{"not_picked":["Doom and Gloom","Reinforced Body","Steam"],"picked":"SKIP","floor":7},{"not_picked":["Compile Driver","Turbo","BootSequence"],"picked":"SKIP","floor":10},{"not_picked":["Redo","Leap"],"picked":"Double Energy","floor":11},{"not_picked":["All For One","Core Surge"],"picked":"Amplify","floor":16},{"not_picked":["Gash","Reinforced Body"],"picked":"Consume+1","floor":18},{"not_picked":["Turbo","Ball Lightning+1","Leap"],"picked":"SKIP","floor":21},{"not_picked":["Hologram","Ball Lightning","Stack"],"picked":"SKIP","floor":23},{"not_picked":["Fusion+1","Beam Cell","Hello World"],"picked":"SKIP","floor":31},{"not_picked":["All For One","Seek"],"picked":"Machine Learning","floor":33},{"not_picked":["Barrage","Turbo"],"picked":"Tempest+1","floor":34},{"not_picked":["Sunder+1","Hologram+1","Ball Lightning+1"],"picked":"SKIP","floor":35},{"not_picked":["Undo+1","Sweeping Beam","Coolheaded+1"],"picked":"SKIP","floor":38},{"not_picked":["theEdgeheg:OkSo8","Thinking Ahead"],"picked":"Chrysalis","floor":39},{"not_picked":["Blind","Thinking Ahead"],"picked":"Madness","floor":39},{"not_picked":["Skim","Stack"],"picked":"Storm+1","floor":41},{"not_picked":["Redo","Stack"],"picked":"Buffer","floor":45},{"not_picked":["Beam Cell+1","Chaos+1"],"picked":"Self Repair+1","floor":46}],"player_experience":727586,"relics_obtained":[{"floor":9,"key":"Toy Ornithopter"},{"floor":10,"key":"Vajra"},{"floor":19,"key":"infinitespire:SolderingIron"},{"floor":23,"key":"War Paint"},{"floor":26,"key":"HornCleat"},{"floor":41,"key":"White Beast Statue"},{"floor":43,"key":"Regal Pillow"},{"floor":46,"key":"Incense Burner"}],"event_choices":[{"damage_healed":0,"gold_gain":75,"player_choice":"Gold","damage_taken":11,"max_hp_gain":0,"max_hp_loss":0,"event_name":"betterThird:BetterGoop","floor":2,"gold_loss":0},{"damage_healed":22,"gold_gain":0,"player_choice":"Banana","damage_taken":0,"max_hp_gain":0,"max_hp_loss":0,"event_name":"Big Fish","floor":4,"gold_loss":0},{"damage_healed":0,"gold_gain":0,"player_choice":"Relic ","damage_taken":7,"max_hp_gain":0,"max_hp_loss":0,"event_name":"betterThird:BetterScrap","floor":13,"gold_loss":0,"cards_obtained":["Perseverance"]},{"damage_healed":0,"gold_gain":0,"player_choice":"Damaged","damage_taken":6,"max_hp_gain":0,"max_hp_loss":0,"event_name":"Wheel of Change","floor":14,"gold_loss":0},{"damage_healed":0,"gold_gain":0,"player_choice":"Ignored","damage_taken":0,"max_hp_gain":0,"max_hp_loss":0,"event_name":"Cursed Tome","floor":22,"gold_loss":0},{"damage_healed":0,"gold_gain":0,"player_choice":"Opened","damage_taken":0,"relics_obtained":["Cables"],"max_hp_gain":0,"max_hp_loss":0,"event_name":"The Mausoleum","floor":24,"gold_loss":0},{"damage_healed":0,"gold_gain":0,"player_choice":" Vial Potion ","damage_taken":34,"relics_obtained":["Blood Vial"],"max_hp_gain":51,"max_hp_loss":17,"event_name":"betterAltar:BetterAltar","floor":28,"potions_obtained":["betterAltar:AltarPotion"],"relics_lost":[],"gold_loss":0},{"cards_removed":["Compile Driver"],"damage_healed":0,"gold_gain":0,"player_choice":"Removed Attack","damage_taken":0,"max_hp_gain":0,"max_hp_loss":0,"event_name":"Falling","floor":36,"gold_loss":0},{"damage_healed":0,"gold_gain":0,"player_choice":"Memory 2","damage_taken":5,"max_hp_gain":0,"max_hp_loss":0,"event_name":"SensoryStone","floor":39,"gold_loss":0},{"damage_healed":0,"gold_gain":0,"player_choice":"Fight","damage_taken":0,"max_hp_gain":0,"max_hp_loss":0,"event_name":"MindBloom","floor":46,"gold_loss":0}],"is_beta":false,"boss_relics":[{"not_picked":["SacredBark","LagranYue:SoulBurningRelic"],"picked":"Pandora\u0027s Box"},{"not_picked":["Velvet Choker","FrozenCore"],"picked":"Tiny House"}],"items_purged_floors":[20,42],"is_endless":false,"potions_floor_spawned":[1,7,10,18,33,38,45,46],"killed_by":"Reptomancer","ascension_level":6}}