{"host":"fdq5pmhluajjrf8d","time":1608052862,"event":{"mods":["BaseMod","Minty Spire (QoL Compilation)"],"gold_per_floor":[119,139,197,347,364,364,199,199,199,213,241,241,70,88,88,163,213,226,242,242,242,262,262,279,279,279,279,292,292,292],"floor_reached":29,"playtime":1168,"items_purged":["Doubt"],"score":439,"play_id":"b5aaa68a-b601-4c26-81c4-188a1038b492","local_time":"20201215122102","is_ascension_mode":true,"campfire_choices":[{"data":"Apotheosis","floor":6,"key":"SMITH"},{"floor":8,"key":"REST"},{"floor":15,"key":"REST"},{"floor":23,"key":"REST"},{"floor":25,"key":"REST"}],"circlet_count":0,"master_deck":["AscendersBane","Strike_B","Strike_B","Strike_B","Strike_B","Defend_B","Defend_B","Defend_B","Zap","Dualcast","Apotheosis+1","Streamline","Melter","FTL","Reprogram+1","Go for the Eyes","Leap","Sweeping Beam","Echo Form","Rebound","Buffer"],"relics":["Cracked Core","Shuriken","Letter Opener","HandDrill","Tiny House","Toy Ornithopter","Enchiridion"],"acts_visited":["Exordium","TheCity"],"potions_floor_usage":[11,22,22],"damage_taken":[{"damage":3,"enemies":"2 Louse","floor":1,"turns":3},{"damage":0,"enemies":"Small Slimes","floor":2,"turns":3},{"damage":4,"enemies":"Jaw Worm","floor":5,"turns":4},{"damage":12,"enemies":"Looter","floor":10,"turns":3},{"damage":4,"enemies":"Lagavulin","floor":11,"turns":5},{"damage":24,"enemies":"Exordium Wildlife","floor":14,"turns":3},{"damage":12,"enemies":"The Guardian","floor":16,"turns":10},{"damage":0,"enemies":"Chosen","floor":18,"turns":5},{"damage":23,"enemies":"Shell Parasite","floor":19,"turns":4},{"damage":14,"enemies":"Cultist and Chosen","floor":22,"turns":5},{"damage":33,"enemies":"Centurion and Healer","floor":24,"turns":5},{"damage":21,"enemies":"Snake Plant","floor":28,"turns":4},{"damage":21,"enemies":"Shelled Parasite and Fungi","floor":29,"turns":1}],"seed_played":"7260596831687672804","potions_obtained":[{"floor":5,"key":"PowerPotion"},{"floor":14,"key":"GamblersBrew"},{"floor":16,"key":"Explosive Potion"},{"floor":17,"key":"Explosive Potion"},{"floor":22,"key":"Explosive Potion"}],"is_trial":false,"path_per_floor":["M","M","?","?","M","R","$","R","T","M","E","?","$","M","R","B",null,"M","M","?","?","M","R","M","R","T","?","M","M"],"character_chosen":"DEFECT","items_purchased":["FTL","HandDrill"],"campfire_rested":4,"item_purchase_floors":[7,13],"current_hp_per_floor":[61,61,61,61,57,57,57,64,64,52,48,48,48,24,43,31,61,61,38,38,52,38,58,25,45,45,24,3,0,0],"gold":292,"neow_bonus":"RANDOM_COLORLESS_2","is_daily":false,"chose_seed":false,"campfire_upgraded":1,"win_rate":0.0,"timestamp":1608052862,"path_taken":["M","M","?","?","M","R","?","R","T","M","E","?","$","M","R","BOSS","M","M","?","?","M","R","M","R","T","?","M","M"],"items_purchased_type":["Card","Relic"],"build_version":"2020-12-13","purchased_purges":1,"victory":false,"max_hp_per_floor":[64,64,64,64,64,64,64,64,64,64,64,64,64,64,64,64,69,69,69,69,69,69,69,69,69,69,69,69,69,69],"card_choices":[{"not_picked":["Sadistic Nature","Thinking Ahead"],"picked":"Apotheosis","floor":0},{"not_picked":["Conserve Battery","Stack"],"picked":"Streamline","floor":1},{"not_picked":["Barrage","Go for the Eyes","Stack"],"picked":"SKIP","floor":2},{"not_picked":["Chill","Compile Driver"],"picked":"Melter","floor":5},{"not_picked":["Leap","Loop"],"picked":"Reprogram","floor":10},{"not_picked":["Rebound","Loop"],"picked":"Go for the Eyes","floor":11},{"not_picked":["Multi-Cast","Turbo"],"picked":"Sweeping Beam","floor":14},{"not_picked":["Amplify","Machine Learning"],"picked":"Echo Form","floor":16},{"not_picked":["Coolheaded","Ball Lightning","Compile Driver+1"],"picked":"SKIP","floor":18},{"not_picked":["Redo","Loop"],"picked":"Rebound","floor":19},{"not_picked":["Lockon","Auto Shields","Rebound"],"picked":"SKIP","floor":22},{"not_picked":["Turbo","Auto Shields","Go for the Eyes"],"picked":"SKIP","floor":24},{"not_picked":["Beam Cell","White Noise"],"picked":"Buffer","floor":28}],"player_experience":1857522,"relics_obtained":[{"floor":9,"key":"Shuriken"},{"floor":11,"key":"Letter Opener"},{"floor":26,"key":"Toy Ornithopter"},{"floor":27,"key":"Enchiridion"}],"event_choices":[{"damage_healed":0,"gold_gain":58,"player_choice":"Gained Gold","damage_taken":0,"max_hp_gain":0,"max_hp_loss":0,"event_name":"Golden Wing","floor":3,"gold_loss":0},{"damage_healed":0,"gold_gain":150,"player_choice":"AGREE","damage_taken":0,"max_hp_gain":0,"max_hp_loss":0,"event_name":"Liars Game","floor":4,"gold_loss":0,"cards_obtained":["Doubt"]},{"damage_healed":0,"gold_gain":0,"cards_transformed":["Defend_B"],"player_choice":"Change","damage_taken":0,"max_hp_gain":0,"max_hp_loss":0,"event_name":"Living Wall","floor":12,"gold_loss":0,"cards_obtained":["Leap"]},{"damage_healed":0,"gold_gain":0,"player_choice":"Ignored","damage_taken":0,"max_hp_gain":0,"max_hp_loss":0,"event_name":"Beggar","floor":20,"gold_loss":0},{"damage_healed":14,"gold_gain":0,"player_choice":"Heal","damage_taken":0,"max_hp_gain":0,"max_hp_loss":0,"event_name":"The Library","floor":21,"gold_loss":0},{"damage_healed":0,"gold_gain":0,"player_choice":"Obtained Book","damage_taken":21,"max_hp_gain":0,"max_hp_loss":0,"event_name":"Cursed Tome","floor":27,"gold_loss":0}],"is_beta":false,"boss_relics":[{"not_picked":["Velvet Choker","Ectoplasm"],"picked":"Tiny House"}],"items_purged_floors":[7],"is_endless":false,"potions_floor_spawned":[5,14,16,19,22],"killed_by":"Shelled Parasite and Fungi","ascension_level":19}}