{"host":"9c5kazgg71l3jb6l","time":1608042877,"event":{"mods":["BaseMod","Minty Spire (QoL Compilation)","StSLib","The Alterego","Waifu the Spire"],"gold_per_floor":[119,130,130,130,145,145,145],"floor_reached":6,"playtime":471,"items_purged":[],"score":36,"play_id":"2815ef94-050f-404c-9da9-354669790041","local_time":"20201215223437","is_ascension_mode":false,"campfire_choices":[],"circlet_count":0,"master_deck":["alterego_mod:Strike","alterego_mod:Strike","alterego_mod:Strike","alterego_mod:Strike","alterego_mod:Defend","alterego_mod:Defend","alterego_mod:Defend","alterego_mod:Defend","alterego_mod:Impale","alterego_mod:BigMeatyClaws","alterego_mod:BrynhildrsRune","alterego_mod:Crossover","alterego_mod:Santa","alterego_mod:Birthday","alterego_mod:MaintainEyeContact","alterego_mod:GachaTicket","alterego_mod:Skirt","alterego_mod:PresenceConcealment","alterego_mod:Complex"],"relics":["alterego_mod:MasochisticConstitution","NeowsBlessing","Golden Idol"],"acts_visited":[],"potions_floor_usage":[],"damage_taken":[{"damage":3,"enemies":"Small Slimes","floor":1,"turns":3},{"damage":2,"enemies":"2 Louse","floor":2,"turns":2},{"damage":3,"enemies":"Cultist","floor":5,"turns":3},{"damage":11,"enemies":"Lagavulin","floor":6,"turns":6}],"seed_played":"-8010622412440826522","potions_obtained":[],"is_trial":false,"path_per_floor":["M","M","?","?","M","E"],"character_chosen":"The_Alterego","items_purchased":[],"campfire_rested":0,"item_purchase_floors":[],"current_hp_per_floor":[68,67,49,49,49,40,40],"gold":145,"neow_bonus":"THREE_ENEMY_KILL","is_daily":false,"chose_seed":false,"campfire_upgraded":0,"win_rate":0.0,"timestamp":1608042877,"path_taken":["M","M","?","?","M","E"],"items_purchased_type":[],"build_version":"2020-12-13","purchased_purges":0,"victory":false,"max_hp_per_floor":[71,72,72,72,73,73,73],"card_choices":[{"not_picked":["alterego_mod:Cooking","alterego_mod:Jiggle"],"picked":"alterego_mod:Crossover","floor":1},{"not_picked":["alterego_mod:Undulate","alterego_mod:Schoolgirl"],"picked":"alterego_mod:Santa","floor":2},{"not_picked":["alterego_mod:Maid","alterego_mod:BreastValley"],"picked":"alterego_mod:Complex","floor":5}],"player_experience":1285171,"relics_obtained":[],"event_choices":[{"damage_healed":0,"gold_gain":0,"player_choice":"Take Damage","damage_taken":18,"relics_obtained":["Golden Idol"],"max_hp_gain":0,"max_hp_loss":0,"event_name":"Golden Idol","floor":3,"gold_loss":0}],"is_beta":false,"boss_relics":[],"items_purged_floors":[],"is_endless":false,"potions_floor_spawned":[],"killed_by":"Lagavulin","ascension_level":0}}