{"host":"vzugls1u57eppbds","time":1608069439,"event":{"mods":["AchievementEnabler","BaseMod","Better Third Choice","Minty Spire (QoL Compilation)","Relic Stats","Shop Mod","StSLib","The IronCluck"],"gold_per_floor":[116,116,139,139,152,152,178,190,244,46,46,71,71,21,21,121,121,136,235,235,249,277,303,322,34,34,34,34,64,64,64,64,162,162,179,179,25,40,40,65,85,103,180,180,180,193,74,74,74],"floor_reached":48,"playtime":1547,"items_purged":[],"score":529,"play_id":"1600acad-3bab-47f3-8a1f-8cfaac8562ea","local_time":"20201215225719","is_ascension_mode":false,"campfire_choices":[{"data":"Go for the Eyes","floor":6,"key":"SMITH"},{"floor":13,"key":"REST"},{"floor":15,"key":"REST"},{"floor":32,"key":"REST"},{"floor":45,"key":"REST"}],"circlet_count":0,"master_deck":["Dualcast","Go for the Eyes+1","Gash+1","Scrape","Genetic Algorithm","Beam Cell","Hologram","Electrodynamics","Ball Lightning","BootSequence","Fusion","BootSequence","Bite","Bite","Bite","Bite","Bite","Gash","All For One","Writhe","Gash","Chrysalis+1"],"relics":["FrozenCore","Bag of Preparation","Ornamental Fan","Juzu Bracelet","Pocketwatch","Pandora\u0027s Box","Red Mask","Sundial","Gambling Chip","Pantograph","Tiny Chest","Membership Card","Ginger","Toxic Egg 2"],"acts_visited":["Exordium","TheCity","TheBeyond"],"potions_floor_usage":[7,16,22,31,33,40,41],"damage_taken":[{"damage":3,"enemies":"Small Slimes","floor":1,"turns":3},{"damage":3,"enemies":"Jaw Worm","floor":5,"turns":3},{"damage":25,"enemies":"Lagavulin","floor":7,"turns":7},{"damage":0,"enemies":"2 Louse","floor":8,"turns":3},{"damage":19,"enemies":"Gremlin Nob","floor":12,"turns":4},{"damage":22,"enemies":"Hexaghost","floor":16,"turns":8},{"damage":10,"enemies":"2 Thieves","floor":18,"turns":3},{"damage":7,"enemies":"Shell Parasite","floor":21,"turns":4},{"damage":0,"enemies":"Masked Bandits","floor":22,"turns":2},{"damage":20,"enemies":"Gremlin Leader","floor":23,"turns":4},{"damage":7,"enemies":"Snake Plant","floor":24,"turns":4},{"damage":27,"enemies":"Slavers","floor":29,"turns":5},{"damage":0,"enemies":"Cultist and Chosen","floor":31,"turns":1},{"damage":21,"enemies":"Champ","floor":33,"turns":11},{"damage":16,"enemies":"3 Shapes","floor":35,"turns":8},{"damage":24,"enemies":"3 Darklings","floor":38,"turns":5},{"damage":38,"enemies":"Giant Head","floor":40,"turns":7},{"damage":7,"enemies":"4 Shapes","floor":41,"turns":4},{"damage":34,"enemies":"Transient","floor":42,"turns":5},{"damage":0,"enemies":"Jaw Worm Horde","floor":46,"turns":4},{"damage":52,"enemies":"Reptomancer","floor":48,"turns":2}],"seed_played":"-3044670883322663960","potions_obtained":[{"floor":5,"key":"AttackPotion"},{"floor":12,"key":"PotionOfCapacity"},{"floor":16,"key":"SteroidPotion"},{"floor":21,"key":"SpeedPotion"},{"floor":22,"key":"SmokeBomb"},{"floor":33,"key":"PowerPotion"},{"floor":35,"key":"DuplicationPotion"},{"floor":40,"key":"PowerPotion"},{"floor":42,"key":"LiquidBronze"}],"is_trial":false,"path_per_floor":["M","?","T","?","M","R","E","M","T","$","?","E","R","$","R","B",null,"M","?","?","M","?","E","M","$","T","?","?","E","$","M","R","B",null,"M","?","$","M","?","E","M","M","T","?","R","M","$","E"],"character_chosen":"DEFECT","items_purchased":["Scrape","Genetic Algorithm","Fire Potion","PowerPotion","Gambling Chip","Membership Card","Gash","Chrysalis+1"],"campfire_rested":4,"item_purchase_floors":[10,10,10,14,25,37,47,47],"current_hp_per_floor":[72,72,72,75,72,72,49,51,51,51,44,27,49,49,71,51,75,65,65,65,60,62,44,39,39,39,39,39,18,18,18,40,74,75,59,75,75,59,59,37,36,14,14,14,36,42,42,0,0],"gold":74,"neow_bonus":"RANDOM_COMMON_RELIC","is_daily":false,"chose_seed":false,"campfire_upgraded":1,"win_rate":0.0,"timestamp":1608069439,"path_taken":["M","?","?","?","?","R","E","M","T","$","?","E","R","$","R","BOSS","M","?","?","M","?","E","M","$","T","?","?","E","$","M","R","BOSS","M","?","$","M","?","E","M","M","T","?","R","M","$","E"],"items_purchased_type":["Card","Card","Potion","Potion","Relic","Relic","Card","Card"],"build_version":"2020-12-13","purchased_purges":0,"victory":false,"max_hp_per_floor":[75,75,75,75,75,75,75,75,75,75,75,75,75,75,75,75,75,75,75,75,75,75,75,75,75,75,75,75,75,75,75,75,75,75,75,75,75,75,75,75,75,75,75,75,75,75,75,75,75],"relic_stats":{"counters":[21,97],"Bag of Preparation":[42],"Juzu Bracelet":1,"Ginger":[1],"FrozenCore":[12],"Ornamental Fan":[296],"Sundial":[16],"Gambling Chip":[40],"Pantograph":25,"Pandora\u0027s Box":["Reprogram","Hologram","Electrodynamics","Ball Lightning","BootSequence","Fusion","Reprogram"],"Tiny Chest":0,"obtain_stats":[{"Bag of Preparation":0,"Juzu Bracelet":9,"Ginger":40,"FrozenCore":34,"Blood Vial":3,"Ornamental Fan":7,"Sundial":23,"Gambling Chip":25,"Pantograph":26,"Pandora\u0027s Box":17,"Tiny Chest":29,"Red Mask":22,"Membership Card":37,"Toxic Egg 2":43,"Cracked Core":0,"Pocketwatch":12},{"Bag of Preparation":0,"Juzu Bracelet":4,"Ginger":17,"FrozenCore":14,"Blood Vial":1,"Ornamental Fan":3,"Sundial":10,"Gambling Chip":11,"Pantograph":11,"Pandora\u0027s Box":6,"Tiny Chest":12,"Red Mask":9,"Membership Card":15,"Toxic Egg 2":19,"Cracked Core":0,"Pocketwatch":5},{"Bag of Preparation":0,"Juzu Bracelet":16,"Ginger":82,"FrozenCore":62,"Blood Vial":3,"Ornamental Fan":13,"Sundial":41,"Gambling Chip":45,"Pantograph":45,"Pandora\u0027s Box":28,"Tiny Chest":50,"Red Mask":37,"Membership Card":70,"Toxic Egg 2":91,"Cracked Core":0,"Pocketwatch":20}],"Pocketwatch":[30]},"card_choices":[{"not_picked":["Redo","Storm"],"picked":"Go for the Eyes","floor":1},{"not_picked":["Ball Lightning","Heatsinks","Redo"],"picked":"SKIP","floor":5},{"not_picked":["Defragment","Coolheaded"],"picked":"Gash","floor":7},{"not_picked":["Stack","Rebound","Consume"],"picked":"SKIP","floor":8},{"not_picked":["Rainbow","Steam Power"],"picked":"Beam Cell","floor":12},{"not_picked":["Coolheaded","Auto Shields","Heatsinks"],"picked":"SKIP","floor":18},{"not_picked":["Capacitor+1","Compile Driver","Stack"],"picked":"SKIP","floor":21},{"not_picked":["Force Field+1","Turbo"],"picked":"BootSequence","floor":23},{"not_picked":["White Noise","Conserve Battery","Cold Snap"],"picked":"SKIP","floor":24},{"not_picked":["Machine Learning","Skim"],"picked":"Gash","floor":29},{"not_picked":["Thunder Strike","Amplify"],"picked":"All For One","floor":33},{"not_picked":["Loop","Lockon+1","Streamline+1"],"picked":"SKIP","floor":35},{"not_picked":["Leap","Static Discharge+1","Sweeping Beam+1"],"picked":"SKIP","floor":38},{"not_picked":["Force Field+1","Reinforced Body","Biased Cognition"],"picked":"SKIP","floor":40},{"not_picked":["Loop+1","Reinforced Body+1","Redo"],"picked":"SKIP","floor":41},{"not_picked":["Ball Lightning","Recycle","Redo"],"picked":"SKIP","floor":42},{"not_picked":["Redo+1","Consume+1","Turbo+1"],"picked":"SKIP","floor":46}],"player_experience":216994,"relics_obtained":[{"floor":3,"key":"Blood Vial"},{"floor":7,"key":"Ornamental Fan"},{"floor":9,"key":"Juzu Bracelet"},{"floor":12,"key":"Pocketwatch"},{"floor":22,"key":"Red Mask"},{"floor":23,"key":"Sundial"},{"floor":26,"key":"Pantograph"},{"floor":29,"key":"Tiny Chest"},{"floor":40,"key":"Ginger"},{"floor":43,"key":"Toxic Egg 2"}],"event_choices":[{"damage_healed":0,"gold_gain":0,"cards_transformed":["Zap"],"player_choice":"Change","damage_taken":0,"max_hp_gain":0,"max_hp_loss":0,"event_name":"Living Wall","floor":2,"gold_loss":0,"cards_obtained":["Blizzard"]},{"cards_removed":["Blizzard"],"damage_healed":3,"gold_gain":0,"player_choice":"Offered Uncommon","damage_taken":0,"max_hp_gain":0,"max_hp_loss":0,"event_name":"Bonfire Elementals","floor":4,"gold_loss":0},{"cards_removed":["Strike_B"],"damage_healed":0,"gold_gain":0,"player_choice":"Card Removal","damage_taken":7,"max_hp_gain":0,"max_hp_loss":0,"event_name":"Golden Wing","floor":11,"gold_loss":0},{"damage_healed":0,"gold_gain":99,"player_choice":"Steal","damage_taken":0,"max_hp_gain":0,"max_hp_loss":0,"event_name":"betterThird:BetterNest","floor":19,"gold_loss":0},{"damage_healed":0,"gold_gain":0,"player_choice":"Forge","damage_taken":0,"max_hp_gain":0,"max_hp_loss":0,"event_name":"Accursed Blacksmith","floor":20,"gold_loss":0,"cards_upgraded":["Gash"]},{"damage_healed":0,"gold_gain":0,"player_choice":"Fought Bandits","damage_taken":0,"max_hp_gain":0,"max_hp_loss":0,"event_name":"Masked Bandits","floor":22,"gold_loss":0},{"damage_healed":0,"gold_gain":0,"player_choice":"Became a vampire (Vial)","damage_taken":0,"max_hp_gain":0,"max_hp_loss":0,"event_name":"Vampires","floor":27,"relics_lost":["Blood Vial"],"gold_loss":0,"cards_obtained":["Bite","Bite","Bite","Bite","Bite"]},{"cards_removed":["Reprogram"],"damage_healed":0,"gold_gain":0,"player_choice":"Elegance","damage_taken":0,"max_hp_gain":0,"max_hp_loss":0,"event_name":"betterThird:BetterWriting","floor":28,"gold_loss":0},{"damage_healed":19,"gold_gain":0,"player_choice":"Writhe","damage_taken":0,"max_hp_gain":0,"max_hp_loss":0,"event_name":"Winding Halls","floor":36,"gold_loss":0,"cards_obtained":["Writhe"]},{"cards_removed":["Reprogram"],"damage_healed":0,"gold_gain":0,"player_choice":"Removed Skill","damage_taken":0,"max_hp_gain":0,"max_hp_loss":0,"event_name":"Falling","floor":39,"gold_loss":0},{"damage_healed":0,"gold_gain":0,"player_choice":"Ignored","damage_taken":0,"max_hp_gain":0,"max_hp_loss":0,"event_name":"Mysterious Sphere","floor":44,"gold_loss":0}],"is_beta":false,"boss_relics":[{"not_picked":["Ectoplasm","Velvet Choker"],"picked":"Pandora\u0027s Box"},{"not_picked":["Philosopher\u0027s Stone","Runic Dome"],"picked":"FrozenCore"}],"items_purged_floors":[],"is_endless":false,"potions_floor_spawned":[5,12,16,21,22,24,33,35,38,40,42],"killed_by":"Reptomancer","ascension_level":0}}