{"host":"0z6l31g9ps0v9zzp","time":1608039534,"event":{"mods":["Act Like it!","BaseMod","CapriCore","Minty Spire (QoL Compilation)","MostiFishMod","StSLib"],"gold_per_floor":[118,135,60,60,77,107,107,142,142,142,152,77,91,120,120,194,194,207,207,13,13,24,24,43,43,43,74,92,92,92,92,92,164,164,175,222,232,248,265,297,69,69,69,79,106,106,149,181,193,205,217,229,111,143,143],"floor_reached":56,"playtime":2258,"items_purged":["Strike_B","Gash"],"score":2456,"play_id":"2b5b77bf-a47f-4fa9-a02d-99691b7b3e88","local_time":"20201215213854","is_ascension_mode":true,"campfire_choices":[{"data":"Skim","floor":7.0,"key":"SMITH"},{"floor":15.0,"key":"REST"},{"data":"MostiFishMod:LinkProtocol","floor":23.0,"key":"SMITH"},{"data":"MostiFishMod:UniBlue","floor":25.0,"key":"SMITH"},{"data":"Coolheaded","floor":29.0,"key":"SMITH"},{"data":"Recycle","floor":32,"key":"SMITH"},{"floor":49,"key":"RECALL"},{"data":"Chaos","floor":52,"key":"SMITH"}],"circlet_count":0,"master_deck":["AscendersBane","Defend_B+1","Defend_B+1","Defend_B+1","Defend_B+1","Zap","Dualcast","Seek","Skim+1","MostiFishMod:UniBlue+1","Defragment","Self Repair+1","MostiFishMod:LinkProtocol+1","Coolheaded+1","Recycle+1","Chaos+1","MostiFishMod:Hijack"],"relics":["Cracked Core","DaveBox","ArrowTower","Question Card","Shuriken","ImprovedEquipment","TungstenRod","ImportantClient","ChiXiaoBlade","Orrery","Tiny Chest","Lantern","MutagenicStrength","ShadowXiaoBlade","Gambling Chip","Bottled Lightning","BionicSphere","StrikeDummy","MealTicket","MawBank","Vajra","ThornShield"],"acts_visited":["Exordium","TheCity","TheBeyond","TheEnding"],"potions_floor_usage":[33,55,55],"damage_taken":[{"damage":8.0,"enemies":"Small Slimes","floor":1.0,"turns":3.0},{"damage":0.0,"enemies":"Jaw Worm","floor":2.0,"turns":3.0},{"damage":0.0,"enemies":"Cultist","floor":5.0,"turns":4.0},{"damage":24.0,"enemies":"Gremlin Nob","floor":6.0,"turns":4.0},{"damage":20.0,"enemies":"Lagavulin","floor":8.0,"turns":6.0},{"damage":6.0,"enemies":"Looter","floor":11.0,"turns":3.0},{"damage":0.0,"enemies":"Large Slime","floor":13.0,"turns":3.0},{"damage":0.0,"enemies":"Gremlin Nob","floor":14.0,"turns":4.0},{"damage":8.0,"enemies":"The Guardian","floor":16.0,"turns":9.0},{"damage":12.0,"enemies":"2 Thieves","floor":18.0,"turns":4.0},{"damage":8.0,"enemies":"Shell Parasite","floor":22.0,"turns":5.0},{"damage":13.0,"enemies":"3 Cultists","floor":24.0,"turns":5.0},{"damage":0.0,"enemies":"Book of Stabbing","floor":27.0,"turns":6.0},{"damage":10.0,"enemies":"Snake Plant","floor":28.0,"turns":4.0},{"damage":19,"enemies":"Champ","floor":33,"turns":8},{"damage":6,"enemies":"3 Darklings","floor":35,"turns":3},{"damage":4,"enemies":"2 Orb Walkers","floor":36,"turns":2},{"damage":0,"enemies":"Orb Walker","floor":37,"turns":2},{"damage":0,"enemies":"Writhing Mass","floor":38,"turns":3},{"damage":5,"enemies":"Spire Growth","floor":39,"turns":4},{"damage":0,"enemies":"Nemesis","floor":40,"turns":4},{"damage":0,"enemies":"Transient","floor":44,"turns":5},{"damage":0,"enemies":"Giant Head","floor":45,"turns":5},{"damage":0,"enemies":"Reptomancer","floor":47,"turns":4},{"damage":0,"enemies":"4 Shapes","floor":48,"turns":3},{"damage":0,"enemies":"Awakened One","floor":50,"turns":11},{"damage":0,"enemies":"Shield and Spear","floor":54,"turns":3},{"damage":7,"enemies":"The Heart","floor":55,"turns":6}],"seed_played":"5182976358539976153","potions_obtained":[{"floor":1.0,"key":"GamblersBrew"},{"floor":2.0,"key":"PowerPotion"},{"floor":8.0,"key":"Fire Potion"},{"floor":13.0,"key":"ColorlessPotion"},{"floor":14.0,"key":"DuplicationPotion"},{"floor":22.0,"key":"FearPotion"},{"floor":36,"key":"Block Potion"}],"is_trial":false,"path_per_floor":["M","M","?","$","M","E","R","E","T","?","M","$","M","E","R","B",null,"M","?","$","?","M","R","M","R","T","E","M","R","?","$","R","B",null,"M","?","M","M","M","E","$","?","T","M","E","T","E","M","R","B",null,"R","$","E","B",null],"character_chosen":"DEFECT","items_purchased":["Orrery","BionicSphere","MostiFishMod:Hijack"],"campfire_rested":1,"item_purchase_floors":[20,41,53],"current_hp_per_floor":[56,56,56,56,56,32,32,12,12,12,6,6,6,6,27,19,58,46,46,46,46,48,48,45,45,45,55,55,55,55,55,55,46,65,69,71,71,71,71,71,71,71,71,71,71,71,71,71,71,71,71,71,71,71,71],"gold":143,"neow_bonus":"ONE_RANDOM_RARE_CARD","is_daily":false,"chose_seed":false,"campfire_upgraded":6,"win_rate":0.0,"timestamp":1608039534,"path_taken":["M","M","?","$","M","E","R","E","T","?","M","?","?","E","R","BOSS","M","?","$","?","M","R","?","R","T","E","M","R","?","$","R","BOSS","M","?","M","M","M","E","$","?","T","M","E","?","E","M","R","BOSS","R","$","E","BOSS"],"items_purchased_type":["Relic","Relic","Card"],"build_version":"2020-12-13","purchased_purges":2,"victory":true,"max_hp_per_floor":[71,71,71,71,71,71,71,71,71,71,71,71,71,71,71,71,71,71,71,71,71,71,71,71,71,71,71,71,71,71,71,71,71,71,71,71,71,71,71,71,71,71,71,71,71,71,71,71,71,71,71,71,71,71,71],"card_choices":[{"not_picked":["Scrape","Go for the Eyes","Beam Cell"],"picked":"SKIP","floor":1.0},{"not_picked":["Conserve Battery","Creative AI","Redo","Compile Driver"],"picked":"SKIP","floor":2.0},{"not_picked":["Tempest","Reprogram","Ball Lightning"],"picked":"Skim","floor":5.0},{"not_picked":["Hologram","Genetic Algorithm","Storm","Cold Snap"],"picked":"SKIP","floor":6.0},{"not_picked":["FTL","Beam Cell","Genetic Algorithm"],"picked":"Gash","floor":8.0},{"not_picked":["Barrage","Steam","Conserve Battery","Double Energy"],"picked":"SKIP","floor":11.0},{"not_picked":["Auto Shields","Double Energy","Cold Snap","Reinforced Body"],"picked":"SKIP","floor":13.0},{"not_picked":["White Noise","Reprogram","Leap","Hello World"],"picked":"SKIP","floor":14.0},{"not_picked":["MostiFishMod:InterfaceCompatibility","Hyperbeam","All For One"],"picked":"MostiFishMod:UniBlue","floor":16.0},{"not_picked":["Streamline","Conserve Battery","Cold Snap"],"picked":"Defragment","floor":18.0},{"not_picked":["Conserve Battery+1","Sunder","Steam Power+1"],"picked":"Self Repair+1","floor":20.0},{"not_picked":["Reprogram","Aggregate","Coolheaded"],"picked":"MostiFishMod:LinkProtocol","floor":20.0},{"not_picked":["Cold Snap","Streamline","Turbo"],"picked":"Coolheaded","floor":22.0},{"not_picked":["Sunder","Double Energy+1","Rebound"],"picked":"Recycle","floor":24.0},{"not_picked":["Sweeping Beam","Consume+1","Melter","Self Repair"],"picked":"SKIP","floor":27.0},{"not_picked":["White Noise","Scrape","Storm+1","Streamline"],"picked":"SKIP","floor":28.0},{"not_picked":["Chaos+1","Auto Shields+1","Rebound","Streamline"],"picked":"SKIP","floor":35},{"not_picked":["Steam+1","Ball Lightning","Defragment","Biased Cognition"],"picked":"SKIP","floor":37},{"not_picked":["Lockon","Tempest","Force Field+1","Steam Power+1"],"picked":"SKIP","floor":38},{"not_picked":["Steam Power+1","Compile Driver","Static Discharge","Stack"],"picked":"SKIP","floor":39},{"not_picked":["MostiFishMod:ReprogramOld","Heatsinks","Streamline+1","Blizzard"],"picked":"SKIP","floor":40},{"not_picked":["Turbo","Cold Snap","Sunder","Go for the Eyes"],"picked":"SKIP","floor":44},{"not_picked":["Biased Cognition","Auto Shields+1","Scrape+1","Leap"],"picked":"SKIP","floor":45},{"not_picked":["Rebound+1","Steam","Chaos","Compile Driver"],"picked":"SKIP","floor":47},{"not_picked":["Rebound+1","Steam","Chaos","Compile Driver"],"picked":"SKIP","floor":47},{"not_picked":["Rebound+1","Steam","Compile Driver"],"picked":"Chaos","floor":47},{"not_picked":["Ball Lightning","Stack+1","Recycle+1","Compile Driver"],"picked":"SKIP","floor":48},{"not_picked":["Rebound","Barrage","Glacier+1","Compile Driver+1"],"picked":"SKIP","floor":54}],"player_experience":259917,"relics_obtained":[{"floor":1.0,"key":"Question Card"},{"floor":6.0,"key":"Shuriken"},{"floor":8.0,"key":"ImprovedEquipment"},{"floor":14.0,"key":"TungstenRod"},{"floor":16.0,"key":"ImportantClient"},{"floor":26.0,"key":"Tiny Chest"},{"floor":27.0,"key":"Lantern"},{"floor":36,"key":"Gambling Chip"},{"floor":40,"key":"Bottled Lightning"},{"floor":43,"key":"StrikeDummy"},{"floor":45,"key":"MealTicket"},{"floor":46,"key":"MawBank"},{"floor":47,"key":"Vajra"},{"floor":54,"key":"ThornShield"}],"event_choices":[{"cards_removed":["Strike_B"],"damage_healed":0.0,"max_hp_gain":0.0,"max_hp_loss":0.0,"gold_gain":0.0,"event_name":"The Cleric","player_choice":"Card Removal","floor":3.0,"gold_loss":75.0,"damage_taken":0.0},{"cards_removed":["Strike_B"],"damage_healed":0.0,"max_hp_gain":0.0,"max_hp_loss":0.0,"gold_gain":0.0,"event_name":"Living Wall","player_choice":"Forget","floor":10.0,"gold_loss":0.0,"damage_taken":0.0},{"damage_healed":0.0,"max_hp_gain":0.0,"max_hp_loss":0.0,"gold_gain":0.0,"event_name":"Back to Basics","player_choice":"Simplicity","floor":19.0,"gold_loss":0.0,"damage_taken":0.0,"cards_upgraded":["Strike_B","Defend_B","Defend_B","Defend_B","Defend_B"]},{"damage_healed":0.0,"max_hp_gain":0.0,"max_hp_loss":0.0,"gold_gain":0.0,"event_name":"The Mausoleum","player_choice":"Ignored","floor":21.0,"gold_loss":0.0,"damage_taken":0.0},{"damage_healed":0,"gold_gain":0,"player_choice":"Inject Mutagens","damage_taken":0,"relics_obtained":["MutagenicStrength"],"max_hp_gain":0,"max_hp_loss":0,"event_name":"Drug Dealer","floor":30,"gold_loss":0},{"damage_healed":0,"gold_gain":0,"player_choice":"Fight","damage_taken":0,"max_hp_gain":0,"max_hp_loss":0,"event_name":"Mysterious Sphere","floor":36,"gold_loss":0},{"cards_removed":["Strike_B"],"damage_healed":0,"gold_gain":0,"player_choice":"Removed Attack","damage_taken":0,"max_hp_gain":0,"max_hp_loss":0,"event_name":"Falling","floor":42,"gold_loss":0}],"is_beta":false,"boss_relics":[{"not_picked":["Black Star","EE1DDrone"],"picked":"ChiXiaoBlade"},{"not_picked":["BirthdayGift-Tetrahedron","Sozu"],"picked":"ShadowXiaoBlade"}],"items_purged_floors":[12,20],"is_endless":false,"potions_floor_spawned":[1,2,8,13,14,22,36,37,38,45,47],"ascension_level":15}}