{"host":"o5jvvi5yapo90aia","time":1608007861,"event":{"mods":["BaseMod","CapriCore","Minty Spire (QoL Compilation)","MostiFishMod","Prisma Mod","Spicy Shops","StSLib","TestMod","The Immortal","【东方二次创作】八云紫mod","【人物mod】游戏王New YuGiOh mod","【功能Mod】Neow奖励"],"gold_per_floor":[115,115,138,138,156,194,194,194,194,225,225,225,71,103,103,192,192,212,233,253,253,275,320,320,486,486,526,671,671,671,841,841,1058,1058,1208,1363,1363,1523,1677,1848,1848,1848,1848,2021,2021,791,950,1134,1134,1274,1414,1414,1414,572,740,755],"floor_reached":57,"playtime":1363,"items_purged":["Defend_P","Parasite","DeusExMachina","Doubt"],"score":3872,"play_id":"98f62302-c163-48b8-abde-e8086eb3eacb","local_time":"20201215125101","is_ascension_mode":true,"campfire_choices":[{"data":"MostiFishMod:SephirahHod","floor":8,"key":"SMITH"},{"data":"Defend_P","floor":12,"key":"PURGE"},{"data":"Defend_P","floor":15,"key":"PURGE"},{"data":"Strike_P","floor":24,"key":"PURGE"},{"data":"Strike_P","floor":30,"key":"PURGE"},{"data":"Strike_P","floor":32,"key":"PURGE"},{"floor":42,"key":"RECALL"},{"data":"Strike_P","floor":45,"key":"PURGE"},{"data":"Eruption","floor":49,"key":"PURGE"},{"data":"Vigilance","floor":53,"key":"PURGE"}],"circlet_count":0,"master_deck":["AscendersBane","MostiFishMod:SephirahHod+1","MostiFishMod:Speedup","TalkToTheHand","Fasting2","MostiFishMod:Adaptation+1","Wallop","MostiFishMod:CyberBuddha","Tantrum","Adaptation","Ragnarok","MostiFishMod:DisColor"],"relics":["DaveBox","testmod-TestBox","MostiFishMod:Hod","OrangePellets","testmod-TimeTraveler","Question Card","Calipers","Torii","Turnip","TheAbacus","Tiny Chest","ImportantClient","testmod-PortableAltar","MealTicket","Blood Vial","Kunai","Mercury Hourglass","Mummified Hand","testmod-Recursion","Damaru","CeramicFish","DianPoetry","Gremlin Horn","testmod-BlackFramedGlasses","testmod-ArcanaOfDestiny","testmod-ObsoleteBoomerang","Ornamental Fan","Medical Kit","Cauldron","Eternal Feather","testmod-AssaultLearning","Orichalcum","testmod-TurbochargingSystem","TimeFreeze","testmod-RealStoneCalender","Sling","TeardropLocket"],"acts_visited":["Exordium","TheCity","TheBeyond","TheEnding"],"potions_floor_usage":[6,27,56],"damage_taken":[{"damage":6,"enemies":"Cultist","floor":1,"turns":3},{"damage":0,"enemies":"Small Slimes","floor":3,"turns":2},{"damage":0,"enemies":"2 Louse","floor":5,"turns":1},{"damage":30,"enemies":"3 Sentries","floor":6,"turns":7},{"damage":8,"enemies":"Lagavulin","floor":10,"turns":3},{"damage":0,"enemies":"Gremlin Nob","floor":14,"turns":2},{"damage":0,"enemies":"Hexaghost","floor":16,"turns":3},{"damage":3,"enemies":"2 Thieves","floor":18,"turns":3},{"damage":2,"enemies":"Chosen","floor":19,"turns":2},{"damage":3,"enemies":"Shelled Parasite and Fungi","floor":20,"turns":3},{"damage":1,"enemies":"Sentry and Sphere","floor":22,"turns":2},{"damage":11,"enemies":"Slavers","floor":23,"turns":3},{"damage":3,"enemies":"Gremlin Leader","floor":25,"turns":4},{"damage":0,"enemies":"Slavers","floor":27,"turns":2},{"damage":0,"enemies":"Centurion and Healer","floor":28,"turns":2},{"damage":1,"enemies":"Gremlin Leader","floor":31,"turns":3},{"damage":0,"enemies":"Collector","floor":33,"turns":2},{"damage":0,"enemies":"3 Darklings","floor":35,"turns":2},{"damage":0,"enemies":"Orb Walker","floor":36,"turns":1},{"damage":0,"enemies":"Jaw Worm Horde","floor":38,"turns":1},{"damage":0,"enemies":"Writhing Mass","floor":39,"turns":1},{"damage":0,"enemies":"Giant Head","floor":40,"turns":1},{"damage":0,"enemies":"Reptomancer","floor":44,"turns":1},{"damage":0,"enemies":"Spire Growth","floor":47,"turns":1},{"damage":0,"enemies":"Giant Head","floor":48,"turns":1},{"damage":0,"enemies":"Time Eater","floor":50,"turns":1},{"damage":0,"enemies":"Donu and Deca","floor":51,"turns":1},{"damage":0,"enemies":"Shield and Spear","floor":55,"turns":1},{"damage":0,"enemies":"The Heart","floor":56,"turns":3}],"seed_played":"4384249359821464802","potions_obtained":[{"floor":1,"key":"Explosive Potion"},{"floor":18,"key":"Strength Potion"},{"floor":19,"key":"ColorlessPotion"},{"floor":27,"key":"Fire Potion"},{"floor":36,"key":"FearPotion"}],"is_trial":false,"path_per_floor":["M","?","M","?","M","E","?","R","T","E","?","R","$","E","R","B",null,"M","M","M","T","M","E","R","E","T","E","M","?","R","E","R","B",null,"M","M","T","M","M","E","?","R","T","E","R","$","M","E","R","B","B",null,"R","$","E","B",null],"character_chosen":"WATCHER","items_purchased":["TheAbacus","testmod-BlackFramedGlasses","testmod-ArcanaOfDestiny","testmod-ObsoleteBoomerang","Ornamental Fan","Medical Kit","Cauldron","testmod-AssaultLearning","Orichalcum","testmod-TurbochargingSystem","TimeFreeze","testmod-RealStoneCalender","Sling"],"campfire_rested":0,"item_purchase_floors":[13,46,46,46,46,46,46,54,54,54,54,54,54],"current_hp_per_floor":[55,48,48,48,48,18,23,23,23,15,15,15,15,17,17,19,60,59,59,58,58,59,50,50,49,49,53,57,57,57,58,58,57,56,55,54,53,52,51,50,49,48,47,46,45,41,40,39,38,37,36,35,34,33,32,31],"gold":755,"neow_bonus":"BOSS_RELIC","is_daily":false,"chose_seed":false,"campfire_upgraded":1,"win_rate":0.0,"timestamp":1608007861,"path_taken":["M","?","M","?","M","E","?","R","T","E","?","R","$","E","R","BOSS","M","M","M","?","M","E","R","E","T","E","?","?","R","E","R","BOSS","M","M","?","?","M","E","?","R","T","E","R","$","M","E","R","BOSS","BOSS","R","$","E","BOSS"],"items_purchased_type":["Relic","Relic","Relic","Relic","Relic","Relic","Relic","Relic","Relic","Relic","Relic","Relic","Relic"],"build_version":"2020-12-13","purchased_purges":4,"victory":true,"max_hp_per_floor":[68,68,68,68,68,68,73,73,73,73,73,73,73,73,73,73,73,72,71,70,69,68,67,66,65,64,63,62,61,60,59,58,57,56,55,54,53,52,51,50,49,48,47,46,45,41,40,39,38,37,36,35,34,33,32,31],"card_choices":[{"not_picked":["FlurryOfBlows","CrushJoints"],"picked":"MostiFishMod:Speedup","floor":1},{"not_picked":["Perseverance","CutThroughFate","SashWhip","Consecrate"],"picked":"SKIP","floor":3},{"not_picked":["Collect","EmptyFist","PathToVictory"],"picked":"TalkToTheHand","floor":5},{"not_picked":["FlurryOfBlows","Evaluate","Consecrate"],"picked":"Fasting2","floor":6},{"not_picked":["MostiFishMod:Clarity","WindmillStrike","Protect"],"picked":"MostiFishMod:Adaptation","floor":10},{"not_picked":["Prostrate","PathToVictory","SashWhip"],"picked":"Wallop","floor":14},{"not_picked":["PathToVictory","ClearTheMind","FlyingSleeves+1","FlurryOfBlows"],"picked":"SKIP","floor":18},{"not_picked":["Swivel","MostiFishMod:Clarity+1","EmptyFist+1","FollowUp"],"picked":"SKIP","floor":19},{"not_picked":["Evaluate","CrushJoints+1","Indignation","Crescendo"],"picked":"SKIP","floor":20},{"not_picked":["Halt","BowlingBash","SashWhip","MostiFishMod:Speedup"],"picked":"SKIP","floor":22},{"not_picked":["CarveReality","FollowUp","Meditate"],"picked":"MostiFishMod:CyberBuddha","floor":23},{"not_picked":["EmptyBody","Crescendo","FlyingSleeves"],"picked":"Tantrum","floor":25},{"not_picked":["Pray","Study","BowlingBash","FollowUp"],"picked":"SKIP","floor":27},{"not_picked":["EmptyMind+1","SandsOfTime","ReachHeaven","Vengeance"],"picked":"SKIP","floor":28},{"not_picked":["EmptyMind+1","WindmillStrike","Meditate","FlyingSleeves"],"picked":"SKIP","floor":31},{"not_picked":["MostiFishMod:Minus","MostiFishMod:StarWish","MostiFishMod:StarLaLaLa"],"picked":"DeusExMachina","floor":33},{"not_picked":["FlurryOfBlows","Halt","BowlingBash","Crescendo"],"picked":"SKIP","floor":35},{"not_picked":["Collect","ThirdEye+1","Swivel","EmptyFist"],"picked":"SKIP","floor":36},{"not_picked":["Meditate","FlyingSleeves","FollowUp","Wallop"],"picked":"SKIP","floor":38},{"not_picked":["EmptyFist","WheelKick","Study+1"],"picked":"Ragnarok","floor":39},{"not_picked":["Prostrate","FlurryOfBlows","Evaluate","Pray"],"picked":"SKIP","floor":40},{"not_picked":["EmptyFist","SignatureMove","BattleHymn","FlyingSleeves+1"],"picked":"SKIP","floor":44},{"not_picked":["FlyingSleeves","MostiFishMod:Clarity","Evaluate+1","LikeWater"],"picked":"SKIP","floor":47},{"not_picked":["ClearTheMind+1","FollowUp","MostiFishMod:DisColor","Nirvana+1"],"picked":"SKIP","floor":48},{"not_picked":["ClearTheMind+1","FollowUp","Nirvana+1"],"picked":"MostiFishMod:DisColor","floor":48},{"not_picked":["BowlingBash+1","CarveReality","CutThroughFate","Collect"],"picked":"SKIP","floor":55}],"player_experience":1276161,"relics_obtained":[{"floor":1,"key":"Question Card"},{"floor":6,"key":"Calipers"},{"floor":9,"key":"Torii"},{"floor":10,"key":"Turnip"},{"floor":14,"key":"Tiny Chest"},{"floor":16,"key":"ImportantClient"},{"floor":23,"key":"MealTicket"},{"floor":25,"key":"Blood Vial"},{"floor":26,"key":"Kunai"},{"floor":27,"key":"Mercury Hourglass"},{"floor":31,"key":"Mummified Hand"},{"floor":37,"key":"Damaru"},{"floor":40,"key":"CeramicFish"},{"floor":43,"key":"DianPoetry"},{"floor":44,"key":"Gremlin Horn"},{"floor":48,"key":"Eternal Feather"},{"floor":55,"key":"TeardropLocket"}],"event_choices":[{"cards_removed":["Defend_P"],"damage_healed":0,"gold_gain":0,"player_choice":"Card Removal","damage_taken":7,"max_hp_gain":0,"max_hp_loss":0,"event_name":"Golden Wing","floor":2,"gold_loss":0},{"damage_healed":0,"gold_gain":0,"player_choice":"Ignored","damage_taken":0,"max_hp_gain":0,"max_hp_loss":0,"event_name":"Liars Game","floor":4,"gold_loss":0},{"damage_healed":0,"gold_gain":0,"player_choice":"Donut","damage_taken":0,"max_hp_gain":5,"max_hp_loss":0,"event_name":"Big Fish","floor":7,"gold_loss":0},{"damage_healed":0,"gold_gain":0,"player_choice":"Forge","damage_taken":0,"max_hp_gain":0,"max_hp_loss":0,"event_name":"Accursed Blacksmith","floor":11,"gold_loss":0,"cards_upgraded":["MostiFishMod:Adaptation"]},{"damage_healed":0,"gold_gain":0,"player_choice":"Read","damage_taken":0,"max_hp_gain":0,"max_hp_loss":0,"event_name":"The Library","floor":29,"gold_loss":0,"cards_obtained":["Adaptation"]},{"damage_healed":0,"gold_gain":0,"player_choice":"Ignored","damage_taken":0,"max_hp_gain":0,"max_hp_loss":0,"event_name":"Tomb of Lord Red Mask","floor":41,"gold_loss":0}],"is_beta":false,"boss_relics":[{"not_picked":["Philosopher\u0027s Stone","RhineFirstAidKit"],"picked":"testmod-PortableAltar"},{"not_picked":["Busted Crown","Tiny House"],"picked":"testmod-Recursion"}],"items_purged_floors":[13,46,54,54],"is_endless":false,"potions_floor_spawned":[1,18,19,22,23,27,33,35,36,47,55],"ascension_level":20}}