{"host":"Rich","time":1608060428,"event":{"mods":["AchievementEnabler","BaseMod","Highlight Path","Minty Spire (QoL Compilation)","Relic Stats"],"gold_per_floor":[116,191,208,218,143,143,155,155,155,186,205,205,205,235,235,307,307,319,139,139,153,170,170,204,204,204,233,283,283,283],"floor_reached":29,"playtime":891,"items_purged":["Eruption","Adaptation"],"score":542,"play_id":"acaed4c0-e53f-426c-b5fa-e6d34e77a951","local_time":"20201215142708","is_ascension_mode":true,"campfire_choices":[{"floor":6,"key":"REST"},{"data":"PathToVictory","floor":8,"key":"SMITH"},{"floor":12,"key":"REST"},{"data":"PathToVictory","floor":15,"key":"SMITH"},{"floor":23,"key":"REST"},{"data":"Alpha","floor":25,"key":"SMITH"}],"circlet_count":0,"master_deck":["AscendersBane","Vigilance","Conclude","PathToVictory+1","PathToVictory+1","PathToVictory","ThirdEye","Wireheading","Judgement","Establishment","TalkToTheHand","WindmillStrike","Judgement","WreathOfFlame","Indignation","Evaluate","Study","Meditate","ThirdEye","Alpha+1","WaveOfTheHand"],"relics":["PureWater","Mercury Hourglass","Torii","Eternal Feather","Pandora\u0027s Box","Bag of Marbles","Frozen Egg 2","Turnip"],"acts_visited":["Exordium","TheCity"],"potions_floor_usage":[10,14,21,24],"damage_taken":[{"damage":7,"enemies":"Jaw Worm","floor":1,"turns":3},{"damage":7,"enemies":"Small Slimes","floor":3,"turns":2},{"damage":6,"enemies":"Cultist","floor":4,"turns":4},{"damage":15,"enemies":"Lots of Slimes","floor":7,"turns":3},{"damage":17,"enemies":"Lagavulin","floor":10,"turns":4},{"damage":1,"enemies":"Blue Slaver","floor":11,"turns":2},{"damage":12,"enemies":"Gremlin Nob","floor":14,"turns":3},{"damage":13,"enemies":"Slime Boss","floor":16,"turns":9},{"damage":12,"enemies":"3 Byrds","floor":18,"turns":3},{"damage":1,"enemies":"Chosen","floor":21,"turns":3},{"damage":18,"enemies":"Centurion and Healer","floor":22,"turns":4},{"damage":34,"enemies":"Slavers","floor":24,"turns":5},{"damage":21,"enemies":"Gremlin Leader","floor":27,"turns":6},{"damage":15,"enemies":"Slavers","floor":29,"turns":1}],"seed_played":"6718095431806953044","potions_obtained":[{"floor":3,"key":"FearPotion"},{"floor":7,"key":"Swift Potion"},{"floor":10,"key":"PowerPotion"},{"floor":14,"key":"EssenceOfSteel"},{"floor":27,"key":"Swift Potion"}],"is_trial":false,"path_per_floor":["M","?","M","M","$","R","M","R","T","E","M","R","?","E","R","B",null,"M","$","?","M","M","R","E","R","T","E","?","E"],"character_chosen":"WATCHER","items_purchased":["LiquidMemories"],"campfire_rested":3,"item_purchase_floors":[19],"current_hp_per_floor":[54,43,36,30,30,50,35,35,35,18,17,37,37,25,34,21,56,44,44,44,43,25,54,20,32,32,11,11,0,0],"gold":283,"neow_bonus":"TRANSFORM_CARD","is_daily":false,"chose_seed":false,"campfire_upgraded":3,"win_rate":0.0,"timestamp":1608060428,"path_taken":["M","?","M","M","$","R","M","R","T","E","M","R","?","E","R","BOSS","M","$","?","?","M","R","E","R","T","E","?","E"],"items_purchased_type":["Potion"],"build_version":"2020-12-07","purchased_purges":2,"victory":false,"max_hp_per_floor":[68,68,68,68,68,68,68,68,68,68,68,68,68,68,68,68,68,68,68,68,68,68,68,68,68,68,68,68,68,68],"relic_stats":{"Torii":21,"counters":[14,50],"Eternal Feather":30,"Pandora\u0027s Box":["Establishment","TalkToTheHand","Adaptation","WindmillStrike","Judgement","WreathOfFlame","Indignation"],"Turnip":[0],"obtain_stats":[{"Torii":13,"Eternal Feather":14,"Pandora\u0027s Box":17,"Turnip":27,"Bag of Marbles":24,"PureWater":0,"Frozen Egg 2":26,"Mercury Hourglass":10},{"Torii":6,"Eternal Feather":7,"Pandora\u0027s Box":8,"Turnip":13,"Bag of Marbles":12,"PureWater":0,"Frozen Egg 2":12,"Mercury Hourglass":5},{"Torii":18,"Eternal Feather":21,"Pandora\u0027s Box":29,"Turnip":49,"Bag of Marbles":43,"PureWater":0,"Frozen Egg 2":43,"Mercury Hourglass":16}],"Mercury Hourglass":[180]},"card_choices":[{"not_picked":["Crescendo","CarveReality"],"picked":"PathToVictory","floor":1},{"not_picked":["FlyingSleeves","JustLucky","Halt"],"picked":"SKIP","floor":3},{"not_picked":["Consecrate","EmptyFist"],"picked":"PathToVictory","floor":4},{"not_picked":["ThirdEye","Consecrate"],"picked":"PathToVictory","floor":7},{"not_picked":["MentalFortress","DeceiveReality"],"picked":"ThirdEye","floor":10},{"not_picked":["Indignation","ReachHeaven","Crescendo"],"picked":"SKIP","floor":11},{"not_picked":["Swivel","WindmillStrike"],"picked":"Wireheading","floor":14},{"not_picked":["Devotion","Establishment"],"picked":"Judgement","floor":16},{"not_picked":["CrushJoints","Conclude"],"picked":"Evaluate","floor":18},{"not_picked":["Fasting2","SashWhip+1"],"picked":"Meditate","floor":21},{"not_picked":["Pray","CutThroughFate"],"picked":"ThirdEye","floor":22},{"not_picked":["Protect","CarveReality+1"],"picked":"Alpha","floor":24},{"not_picked":["Study+1","SashWhip"],"picked":"WaveOfTheHand","floor":27}],"player_experience":1904222,"relics_obtained":[{"floor":10,"key":"Mercury Hourglass"},{"floor":13,"key":"Torii"},{"floor":14,"key":"Eternal Feather"},{"floor":24,"key":"Bag of Marbles"},{"floor":26,"key":"Frozen Egg 2"},{"floor":27,"key":"Turnip"}],"event_choices":[{"damage_healed":0,"gold_gain":75,"player_choice":"Gather Gold","damage_taken":11,"max_hp_gain":0,"max_hp_loss":0,"event_name":"World of Goop","floor":2,"gold_loss":0},{"damage_healed":0,"gold_gain":0,"player_choice":"Relic","damage_taken":0,"max_hp_gain":0,"max_hp_loss":0,"event_name":"Wheel of Change","floor":13,"gold_loss":0},{"damage_healed":0,"gold_gain":0,"player_choice":"1 cards matched","damage_taken":0,"max_hp_gain":0,"max_hp_loss":0,"event_name":"Match and Keep!","floor":20,"gold_loss":0,"cards_obtained":["Study"]},{"damage_healed":0,"gold_gain":50,"player_choice":"Pray","damage_taken":0,"max_hp_gain":0,"max_hp_loss":0,"event_name":"Golden Shrine","floor":28,"gold_loss":0}],"is_beta":true,"boss_relics":[{"not_picked":["Philosopher\u0027s Stone","Black Star"],"picked":"Pandora\u0027s Box"}],"items_purged_floors":[5,19],"is_endless":false,"potions_floor_spawned":[3,7,10,14,27],"killed_by":"Slavers","ascension_level":20}}