{"host":"o0q01dgb4z8zpo6o","time":1608004121,"event":{"mods":["BaseMod","GifTheSpireLib","Minty Spire (QoL Compilation)","Relic Stats","StSLib"],"gold_per_floor":[117,9,9,24,24,24,55,55,78,119,142,142,175,210,210,303,303,327,402,402,2,16,16,61,88,150,162,252,179,204,239,251,358,370,398,410,435,511,252,252,293,293,293,293,70,70,88,109,109,109,109,109,30,71,71,71],"floor_reached":55,"playtime":4305,"items_purged":["Defend_B","Strike_B","Strike_B","Strike_B"],"score":1187,"play_id":"b4ae747b-b45d-4164-92ed-ead3b04b17d0","local_time":"20201214194841","is_ascension_mode":true,"campfire_choices":[{"data":"Loop","floor":6.0,"key":"SMITH"},{"data":"Zap","floor":8.0,"key":"SMITH"},{"data":"Dualcast","floor":12.0,"key":"SMITH"},{"floor":15.0,"key":"REST"},{"floor":23.0,"key":"DIG"},{"floor":27.0,"key":"REST"},{"data":"Coolheaded","floor":32.0,"key":"SMITH"},{"floor":40,"key":"REST"},{"floor":42,"key":"DIG"},{"data":"Defragment","floor":46,"key":"SMITH"},{"floor":49,"key":"RECALL"},{"floor":52,"key":"DIG"}],"circlet_count":0,"master_deck":["AscendersBane","Strike_B","Defend_B","Defend_B","Defend_B","Zap+1","Dualcast+1","Auto Shields","Loop+1","Cold Snap+1","Ball Lightning","White Noise","Compile Driver+1","Recycle","Meteor Strike","Seek","Coolheaded+1","Loop+1","Capacitor","Loop","White Noise","Seek","Apotheosis","Conserve Battery+1","Decay","Defragment+1","Core Surge","Buffer","Coolheaded"],"relics":["Cracked Core","NeowsBlessing","Golden Idol","Regal Pillow","StoneCalendar","Oddly Smooth Stone","Juzu Bracelet","Shovel","Odd Mushroom","Snecko Eye","Kunai","MawBank","Akabeko","Pen Nib","Letter Opener","Bag of Marbles","Cursed Key","TungstenRod","HandDrill","Whetstone","Eternal Feather","Pantograph","Dead Branch"],"acts_visited":["Exordium","TheCity","TheBeyond","TheEnding"],"potions_floor_usage":[33,38,38,38,41,50,50,55],"damage_taken":[{"damage":0.0,"enemies":"2 Louse","floor":1.0,"turns":1.0},{"damage":0.0,"enemies":"Cultist","floor":4.0,"turns":1.0},{"damage":0.0,"enemies":"3 Sentries","floor":7.0,"turns":1.0},{"damage":16.0,"enemies":"Lagavulin","floor":10.0,"turns":6.0},{"damage":7.0,"enemies":"Jaw Worm","floor":11.0,"turns":3.0},{"damage":12.0,"enemies":"3 Sentries","floor":13.0,"turns":5.0},{"damage":16.0,"enemies":"The Mushroom Lair","floor":14.0,"turns":4.0},{"damage":36.0,"enemies":"Slime Boss","floor":16.0,"turns":7.0},{"damage":10.0,"enemies":"2 Thieves","floor":18.0,"turns":2.0},{"damage":2.0,"enemies":"3 Byrds","floor":22.0,"turns":3.0},{"damage":38.0,"enemies":"Book of Stabbing","floor":24.0,"turns":6.0},{"damage":14.0,"enemies":"Snecko","floor":25.0,"turns":4.0},{"damage":12.0,"enemies":"Centurion and Healer","floor":30.0,"turns":5.0},{"damage":2.0,"enemies":"3 Cultists","floor":31.0,"turns":5.0},{"damage":23,"enemies":"Automaton","floor":33,"turns":7},{"damage":0,"enemies":"Orb Walker","floor":35,"turns":1},{"damage":0,"enemies":"3 Shapes","floor":37,"turns":2},{"damage":32,"enemies":"2 Orb Walkers","floor":38,"turns":3},{"damage":10,"enemies":"Giant Head","floor":41,"turns":7},{"damage":0,"enemies":"Sphere and 2 Shapes","floor":47,"turns":3},{"damage":22,"enemies":"3 Darklings","floor":48,"turns":6},{"damage":29,"enemies":"Awakened One","floor":50,"turns":15},{"damage":34,"enemies":"Shield and Spear","floor":54,"turns":4},{"damage":63,"enemies":"The Heart","floor":55,"turns":8}],"seed_played":"-4313711370502151276","potions_obtained":[{"floor":1.0,"key":"ColorlessPotion"},{"floor":10.0,"key":"FairyPotion"},{"floor":13.0,"key":"SteroidPotion"},{"floor":24.0,"key":"EssenceOfSteel"},{"floor":30.0,"key":"EssenceOfSteel"},{"floor":31.0,"key":"SneckoOil"},{"floor":35,"key":"EntropicBrew"},{"floor":41,"key":"PotionOfCapacity"},{"floor":48,"key":"SkillPotion"},{"floor":54,"key":"Energy Potion"}],"is_trial":false,"path_per_floor":["M","$","?","M","?","R","E","R","T","E","M","R","E","?","R","B",null,"M","?","?","$","M","R","E","M","T","R","T","?","M","M","R","B",null,"M","?","M","?","$","R","E","R","T","?","$","R","M","M","R","B",null,"R","$","E","B"],"character_chosen":"DEFECT","items_purchased":["Loop","Capacitor","Kunai","HandDrill","Defragment","Buffer"],"campfire_rested":3,"item_purchase_floors":[2,21,21,39,45,53],"current_hp_per_floor":[68,68,68,68,68,68,68,68,68,52,45,45,33,17,52,16,56,46,40,40,40,38,38,20,6,6,41,41,41,29,27,27,4,53,53,53,53,21,21,56,46,46,46,46,46,61,61,39,54,25,58,69,69,35,0,0],"gold":71,"neow_bonus":"THREE_ENEMY_KILL","is_daily":false,"chose_seed":false,"campfire_upgraded":5,"win_rate":0.0,"timestamp":1608004121,"path_taken":["M","$","?","M","?","R","E","R","T","E","M","R","E","?","R","BOSS","M","?","?","$","M","R","E","M","T","R","?","?","M","M","R","BOSS","M","?","M","?","$","R","E","R","T","?","$","R","M","M","R","BOSS","R","$","E","BOSS"],"items_purchased_type":["Card","Card","Relic","Relic","Card","Card"],"build_version":"2020-12-13","purchased_purges":4,"victory":false,"max_hp_per_floor":[75,75,69,69,69,69,69,69,69,69,69,69,69,69,69,69,69,69,69,69,69,69,69,69,69,69,69,69,69,69,69,69,69,69,69,69,69,69,69,69,69,69,69,69,69,69,69,69,69,69,69,69,69,69,69,69],"relic_stats":{"Regal Pillow":45,"counters":[24,109],"Golden Idol":162,"Dead Branch":[14],"StoneCalendar":[227],"Eternal Feather":41,"Pen Nib":[13],"Juzu Bracelet":3,"Letter Opener":[263],"Whetstone":["Compile Driver","Cold Snap"],"MawBank":192,"Cursed Key":1,"Shovel":3,"Pantograph":25,"Snecko Eye":[196,147,151,169],"HandDrill":[18],"Kunai":[30],"obtain_stats":[{"Regal Pillow":5,"NeowsBlessing":0,"Golden Idol":3,"Dead Branch":54,"Oddly Smooth Stone":9,"StoneCalendar":7,"Eternal Feather":42,"Pen Nib":26,"Juzu Bracelet":10,"Letter Opener":28,"Whetstone":41,"Odd Mushroom":14,"MawBank":23,"Cursed Key":34,"Akabeko":24,"Shovel":13,"Pantograph":52,"Snecko Eye":17,"Bag of Marbles":29,"HandDrill":39,"Kunai":21,"Cracked Core":0,"TungstenRod":38},{"Regal Pillow":2,"NeowsBlessing":0,"Golden Idol":1,"Dead Branch":23,"Oddly Smooth Stone":3,"StoneCalendar":3,"Eternal Feather":19,"Pen Nib":12,"Juzu Bracelet":4,"Letter Opener":12,"Whetstone":19,"Odd Mushroom":7,"MawBank":10,"Cursed Key":15,"Akabeko":11,"Shovel":6,"Pantograph":22,"Snecko Eye":8,"Bag of Marbles":12,"HandDrill":18,"Kunai":9,"Cracked Core":0,"TungstenRod":18},{"Regal Pillow":2,"NeowsBlessing":0,"Golden Idol":1,"Dead Branch":101,"Oddly Smooth Stone":3,"StoneCalendar":3,"Eternal Feather":73,"Pen Nib":43,"Juzu Bracelet":9,"Letter Opener":43,"Whetstone":73,"Odd Mushroom":21,"MawBank":33,"Cursed Key":60,"Akabeko":39,"Shovel":17,"Pantograph":97,"Snecko Eye":28,"Bag of Marbles":43,"HandDrill":66,"Kunai":30,"Cracked Core":0,"TungstenRod":66}],"TungstenRod":40},"card_choices":[{"not_picked":["Aggregate","Capacitor"],"picked":"Auto Shields","floor":1.0},{"not_picked":["Stack","Hologram"],"picked":"Cold Snap","floor":4.0},{"not_picked":["Coolheaded","Rebound"],"picked":"Ball Lightning","floor":7.0},{"not_picked":["Force Field","Aggregate"],"picked":"White Noise","floor":10.0},{"not_picked":["Steam","Streamline"],"picked":"Compile Driver","floor":11.0},{"not_picked":["Gash","Force Field"],"picked":"Recycle","floor":13.0},{"not_picked":["Melter","Heatsinks"],"picked":"Meteor Strike","floor":14.0},{"not_picked":["Biased Cognition","Machine Learning"],"picked":"Seek","floor":16.0},{"not_picked":["Go for the Eyes","Sweeping Beam"],"picked":"Coolheaded","floor":18.0},{"not_picked":["Hello World+1","Cold Snap","Beam Cell"],"picked":"SKIP","floor":22.0},{"not_picked":["Chaos","Force Field","Loop"],"picked":"SKIP","floor":24.0},{"not_picked":["Chaos","Force Field"],"picked":"Loop","floor":24.0},{"not_picked":["Darkness","Beam Cell","Gash"],"picked":"SKIP","floor":25.0},{"not_picked":["Gash","Amplify","Undo"],"picked":"SKIP","floor":30.0},{"not_picked":["Redo","BootSequence"],"picked":"White Noise","floor":31.0},{"not_picked":["Reboot","Hyperbeam"],"picked":"Seek","floor":33},{"not_picked":["Streamline+1","Beam Cell","Sweeping Beam"],"picked":"SKIP","floor":35},{"not_picked":["Finesse","Deep Breath"],"picked":"Apotheosis","floor":36},{"not_picked":["Reprogram","Redo","Hello World"],"picked":"SKIP","floor":37},{"not_picked":["Compile Driver","Storm+1"],"picked":"Conserve Battery+1","floor":41},{"not_picked":["Ball Lightning","Recycle","Go for the Eyes"],"picked":"SKIP","floor":47},{"not_picked":["Cold Snap","Undo+1"],"picked":"Core Surge","floor":48},{"not_picked":["Rebound","Leap"],"picked":"Coolheaded","floor":54}],"player_experience":992730,"relics_obtained":[{"floor":7.0,"key":"StoneCalendar"},{"floor":9.0,"key":"Oddly Smooth Stone"},{"floor":10.0,"key":"Juzu Bracelet"},{"floor":13.0,"key":"Shovel"},{"floor":14.0,"key":"Odd Mushroom"},{"floor":23.0,"key":"MawBank"},{"floor":24.0,"key":"Akabeko"},{"floor":26.0,"key":"Pen Nib"},{"floor":28.0,"key":"Letter Opener"},{"floor":38,"key":"TungstenRod"},{"floor":41,"key":"Whetstone"},{"floor":42,"key":"Eternal Feather"},{"floor":52,"key":"Pantograph"},{"floor":54,"key":"Dead Branch"}],"event_choices":[{"damage_healed":0.0,"max_hp_gain":0.0,"max_hp_loss":6.0,"gold_gain":0.0,"event_name":"Golden Idol","player_choice":"Lose Max HP","floor":3.0,"gold_loss":0.0,"damage_taken":0.0,"relics_obtained":["Golden Idol"]},{"damage_healed":0.0,"max_hp_gain":0.0,"max_hp_loss":0.0,"gold_gain":0.0,"event_name":"WeMeetAgain","player_choice":"Gave Potion","floor":5.0,"gold_loss":0.0,"damage_taken":0.0,"relics_obtained":["Regal Pillow"]},{"damage_healed":0.0,"max_hp_gain":0.0,"max_hp_loss":0.0,"gold_gain":0.0,"event_name":"Mushrooms","player_choice":"Fought Mushrooms","floor":14.0,"gold_loss":0.0,"damage_taken":0.0},{"damage_healed":0.0,"max_hp_gain":0.0,"max_hp_loss":0.0,"gold_gain":75.0,"event_name":"FaceTrader","player_choice":"Touch","floor":19.0,"gold_loss":0.0,"damage_taken":6.0},{"damage_healed":0.0,"max_hp_gain":0.0,"max_hp_loss":0.0,"gold_gain":0.0,"event_name":"Duplicator","player_choice":"Copied","floor":20.0,"gold_loss":0.0,"damage_taken":0.0,"cards_obtained":["Loop"]},{"damage_healed":0.0,"max_hp_gain":0.0,"max_hp_loss":0.0,"gold_gain":0.0,"event_name":"Addict","player_choice":"Obtained Relic","floor":29.0,"gold_loss":85.0,"damage_taken":0.0,"relics_obtained":["Bag of Marbles"]},{"damage_healed":0,"gold_gain":0,"player_choice":"Memory 1","damage_taken":0,"max_hp_gain":0,"max_hp_loss":0,"event_name":"SensoryStone","floor":36,"gold_loss":0},{"damage_healed":0,"gold_gain":0,"player_choice":"Fight","damage_taken":0,"max_hp_gain":0,"max_hp_loss":0,"event_name":"Mysterious Sphere","floor":38,"gold_loss":0},{"damage_healed":0,"gold_gain":0,"player_choice":"Ignored","damage_taken":0,"max_hp_gain":0,"max_hp_loss":0,"event_name":"Tomb of Lord Red Mask","floor":44,"gold_loss":0}],"is_beta":false,"boss_relics":[{"not_picked":["Velvet Choker","Calling Bell"],"picked":"Snecko Eye"},{"not_picked":["Pandora\u0027s Box","Inserter"],"picked":"Cursed Key"}],"items_purged_floors":[2,21,39,45],"is_endless":false,"potions_floor_spawned":[1,10,13,24,30,31,35,41,48,54],"killed_by":"The Heart","ascension_level":13}}