{"host":"pjgcdp3h1plnbocs","time":1608068730,"event":{"mods":["AchievementEnabler","BaseMod","Colored Map","Highlight Path","Minty Spire (QoL Compilation)"],"gold_per_floor":[116,126,126,137,137,137,165,176,176,191,191,218,218,232,232,329,329,343,443,461,473,493,523,538,538,538],"floor_reached":25,"playtime":938,"items_purged":[],"score":359,"play_id":"63e2a3ec-5d54-430a-a04d-39f799f46050","local_time":"20201215224530","is_ascension_mode":true,"campfire_choices":[{"data":"Dagger Spray","floor":6,"key":"SMITH"},{"data":"Blade Dance","floor":13,"key":"SMITH"},{"data":"Poisoned Stab","floor":15,"key":"SMITH"}],"circlet_count":0,"master_deck":["Strike_G","Strike_G","Strike_G","Strike_G","Defend_G","Defend_G","Defend_G","Defend_G","Survivor","Neutralize+1","Tools of the Trade","Setup","Blade Dance+1","Poisoned Stab+1","Dagger Spray+1","Blade Dance+1","Envenom","Blade Dance+1","Accuracy","Cloak And Dagger"],"relics":["Ring of the Snake","Mercury Hourglass","Ornamental Fan","Mummified Hand","SlaversCollar","Sundial"],"acts_visited":["Exordium","TheCity"],"potions_floor_usage":[12,21,24,24,25],"damage_taken":[{"damage":1,"enemies":"Cultist","floor":1,"turns":5},{"damage":9,"enemies":"Jaw Worm","floor":2,"turns":4},{"damage":0,"enemies":"2 Louse","floor":4,"turns":2},{"damage":24,"enemies":"3 Sentries","floor":7,"turns":6},{"damage":8,"enemies":"Exordium Wildlife","floor":8,"turns":3},{"damage":0,"enemies":"Exordium Thugs","floor":10,"turns":3},{"damage":0,"enemies":"Gremlin Nob","floor":12,"turns":2},{"damage":0,"enemies":"Gremlin Gang","floor":14,"turns":2},{"damage":8,"enemies":"Hexaghost","floor":16,"turns":9},{"damage":0,"enemies":"3 Byrds","floor":18,"turns":2},{"damage":8,"enemies":"Chosen","floor":20,"turns":5},{"damage":25,"enemies":"Snake Plant","floor":21,"turns":3},{"damage":6,"enemies":"Snecko","floor":22,"turns":5},{"damage":0,"enemies":"Gremlin Leader","floor":23,"turns":3},{"damage":9,"enemies":"Shelled Parasite and Fungi","floor":24,"turns":4},{"damage":8,"enemies":"Book of Stabbing","floor":25,"turns":2}],"seed_played":"8383848751387921221","potions_obtained":[{"floor":1,"key":"PowerPotion"},{"floor":10,"key":"DuplicationPotion"},{"floor":14,"key":"DuplicationPotion"},{"floor":18,"key":"AttackPotion"},{"floor":24,"key":"BlessingOfTheForge"}],"is_trial":false,"path_per_floor":["M","M","?","M","?","R","E","M","T","M","?","E","R","M","R","B",null,"M","?","M","M","M","E","M","E"],"character_chosen":"THE_SILENT","items_purchased":[],"campfire_rested":0,"item_purchase_floors":[],"current_hp_per_floor":[62,53,53,53,58,58,34,26,26,26,26,26,26,26,26,18,56,56,56,48,23,17,17,8,0,0],"gold":538,"neow_bonus":"TRANSFORM_TWO_CARDS","is_daily":false,"chose_seed":false,"campfire_upgraded":3,"win_rate":0.0,"timestamp":1608068730,"path_taken":["M","M","?","?","?","R","E","M","T","M","?","E","R","?","R","BOSS","M","?","M","M","M","E","M","E"],"items_purchased_type":[],"build_version":"2020-12-13","purchased_purges":0,"victory":false,"max_hp_per_floor":[63,63,63,63,68,68,68,68,68,68,68,68,68,68,68,68,68,68,68,68,68,68,68,68,68,68],"card_choices":[{"not_picked":["Cloak And Dagger","Backflip"],"picked":"Blade Dance","floor":1},{"not_picked":["Bouncing Flask","Backflip"],"picked":"Poisoned Stab","floor":2},{"not_picked":["Reflex","Predator"],"picked":"Dagger Spray","floor":4},{"not_picked":["Flying Knee","Dagger Throw","Catalyst"],"picked":"SKIP","floor":7},{"not_picked":["Slice","Dagger Spray"],"picked":"Blade Dance","floor":8},{"not_picked":["Tactician","Burst","Backstab"],"picked":"SKIP","floor":10},{"not_picked":["Outmaneuver","Deflect","PiercingWail"],"picked":"SKIP","floor":12},{"not_picked":["Skewer","Tactician","Dagger Throw"],"picked":"SKIP","floor":14},{"not_picked":["Doppelganger","After Image"],"picked":"Envenom","floor":16},{"not_picked":["Dagger Throw","Prepared","Finisher"],"picked":"SKIP","floor":18},{"not_picked":["Flying Knee+1","Quick Slash","Underhanded Strike"],"picked":"SKIP","floor":20},{"not_picked":["Dash","Crippling Poison","Eviscerate+1"],"picked":"SKIP","floor":21},{"not_picked":["Bouncing Flask","Noxious Fumes"],"picked":"Blade Dance+1","floor":22},{"not_picked":["Deflect","Blur"],"picked":"Accuracy","floor":23},{"not_picked":["Skewer","Infinite Blades"],"picked":"Cloak And Dagger","floor":24}],"player_experience":97826,"relics_obtained":[{"floor":7,"key":"Mercury Hourglass"},{"floor":9,"key":"Ornamental Fan"},{"floor":12,"key":"Mummified Hand"},{"floor":23,"key":"Sundial"}],"event_choices":[{"damage_healed":0,"gold_gain":0,"player_choice":"Upgraded","damage_taken":0,"max_hp_gain":0,"max_hp_loss":0,"event_name":"Upgrade Shrine","floor":3,"gold_loss":0,"cards_upgraded":["Neutralize"]},{"damage_healed":0,"gold_gain":0,"player_choice":"Donut","damage_taken":0,"max_hp_gain":5,"max_hp_loss":0,"event_name":"Big Fish","floor":5,"gold_loss":0},{"damage_healed":0,"gold_gain":0,"player_choice":"Grow","damage_taken":0,"max_hp_gain":0,"max_hp_loss":0,"event_name":"Living Wall","floor":11,"gold_loss":0,"cards_upgraded":["Blade Dance"]},{"damage_healed":0,"gold_gain":100,"player_choice":"Pray","damage_taken":0,"max_hp_gain":0,"max_hp_loss":0,"event_name":"Golden Shrine","floor":19,"gold_loss":0}],"is_beta":false,"boss_relics":[{"not_picked":["Tiny House","Calling Bell"],"picked":"SlaversCollar"}],"items_purged_floors":[],"is_endless":false,"potions_floor_spawned":[1,10,14,18,24],"killed_by":"Book of Stabbing","ascension_level":5}}