{"host":"n529wyrjhujcvty3","time":1608029707,"event":{"mods":["2.2 Compatiblity","Act Like it!","BaseMod","Better Third Choice","Lobotomy","Marisa¡]Ãú«B¡@Å]²z¨F¡^","Minty Spire (QoL Compilation)","Shop Mod","StSLib","Td1madao Mod","The Runesmith"],"gold_per_floor":[117,117,292,292,65,65,97,97,145,175,191,217,231,248,248,344,344,363,88,115,115,133,133,133,133,179,179,213,213,227,240,240,336,336,349,209,209,221,233,260,270,304,331,359,376,406,406,422,422,422,422,422,165,197,197],"floor_reached":56,"playtime":9734,"items_purged":["Doubt","Strike_R","Writhe","Strike_R"],"score":1757,"play_id":"b6520849-cad6-4375-882c-c9dbec5e422c","local_time":"20201215185507","is_ascension_mode":true,"campfire_choices":[{"data":"Entrench","floor":6.0,"key":"SMITH"},{"data":"Defend_R","floor":8.0,"key":"SMITH"},{"floor":15.0,"key":"RECALL"},{"data":"Feel No Pain","floor":23.0,"key":"SMITH"},{"data":"Bludgeon","floor":27.0,"key":"SMITH"},{"data":"Metallicize","floor":32.0,"key":"SMITH"},{"data":"Feed","floor":47,"key":"SMITH"},{"data":"Reaper","floor":49,"key":"SMITH"},{"data":"Wild Strike","floor":52,"key":"SMITH"}],"circlet_count":0,"master_deck":["Strike_R","Defend_R+1","Defend_R+1","Defend_R+1","Defend_R+1","Bash+1","Barricade+1","Entrench+1","True Grit+1","Exhume+1","Armaments+1","Dual Wield+1","Infernal Blade+1","Impervious+1","Feel No Pain+1","Sentinel+1","Bludgeon+1","Entrench+1","Second Wind+1","Metallicize+1","Evolve+1","Dark Shackles+1","Wild Strike+1","Shrug It Off+1","Feed+1","Reaper+1","Burning Pact+1","Dropkick+1","Dark Embrace+1","Offering+1","Juggernaut"],"relics":["Burning Blood","Art of War","Toxic Egg 2","Tiny Chest","FossilizedHelix","Orichalcum","Coffee Dripper","Membership Card","Centennial Puzzle","Ancient Tea Set","Nloth\u0027s Gift","Happy Flower","Regal Pillow","Nunchaku","Black Star","TheAbacus","Self Forming Clay","Ornamental Fan","Red Skull","StoneCalendar","Runesmith:AutoHammer","Bronze Scales","Charon\u0027s Ashes","Magic Flower","Mummified Hand","StrikeDummy","Toy Ornithopter"],"acts_visited":["Exordium","TheCity","TheBeyond","TheEnding"],"potions_floor_usage":[55,55],"damage_taken":[{"damage":3.0,"enemies":"Small Slimes","floor":1.0,"turns":3.0},{"damage":0.0,"enemies":"Lagavulin","floor":7.0,"turns":13.0},{"damage":18.0,"enemies":"3 Sentries","floor":10.0,"turns":14.0},{"damage":7.0,"enemies":"2 Louse","floor":11.0,"turns":4.0},{"damage":0.0,"enemies":"Jaw Worm","floor":13.0,"turns":6.0},{"damage":2.0,"enemies":"Exordium Thugs","floor":14.0,"turns":8.0},{"damage":0.0,"enemies":"The Guardian","floor":16.0,"turns":24.0},{"damage":0.0,"enemies":"2 Thieves","floor":18.0,"turns":3.0},{"damage":0.0,"enemies":"Chosen","floor":22.0,"turns":10.0},{"damage":7.0,"enemies":"Book of Stabbing","floor":28.0,"turns":7.0},{"damage":8.0,"enemies":"Snake Plant","floor":30.0,"turns":6.0},{"damage":0.0,"enemies":"Centurion and Healer","floor":31.0,"turns":11.0},{"damage":0.0,"enemies":"Collector","floor":33.0,"turns":15.0},{"damage":0.0,"enemies":"3 Shapes","floor":35.0,"turns":12.0},{"damage":9.0,"enemies":"3 Darklings","floor":38.0,"turns":12.0},{"damage":0.0,"enemies":"4 Shapes","floor":39.0,"turns":8.0},{"damage":0.0,"enemies":"Nemesis","floor":40.0,"turns":16.0},{"damage":0.0,"enemies":"Spire Growth","floor":41.0,"turns":10.0},{"damage":0.0,"enemies":"Reptomancer","floor":42.0,"turns":12.0},{"damage":0.0,"enemies":"Giant Head","floor":44.0,"turns":14.0},{"damage":0.0,"enemies":"Maw","floor":45.0,"turns":15.0},{"damage":5,"enemies":"Nemesis","floor":46,"turns":7},{"damage":15,"enemies":"3 Darklings","floor":48,"turns":7},{"damage":16,"enemies":"Time Eater","floor":50,"turns":20},{"damage":6,"enemies":"Shield and Spear","floor":54,"turns":11},{"damage":12,"enemies":"The Heart","floor":55,"turns":9}],"seed_played":"-4105750058656452234","potions_obtained":[{"floor":1.0,"key":"DuplicationPotion"},{"floor":13.0,"key":"Regen Potion"},{"floor":22.0,"key":"Strength Potion"},{"floor":30.0,"key":"Swift Potion"},{"floor":31.0,"key":"SpeedPotion"},{"floor":39.0,"key":"LiquidBronze"},{"floor":46,"key":"BloodPotion"}],"is_trial":false,"path_per_floor":["M","?","?","?","$","R","E","R","T","E","M","T","M","M","R","B",null,"M","$","T","?","M","R","?","?","T","R","E","T","M","M","R","B",null,"M","$","?","M","M","E","M","E","T","E","M","E","R","M","R","B",null,"R","$","E","B",null],"character_chosen":"IRONCLAD","items_purchased":["Art of War","Membership Card","War Paint","TheAbacus","Mummified Hand","Offering+1","Swift Potion"],"campfire_rested":0,"item_purchase_floors":[5,19,19,36,53,53,53],"current_hp_per_floor":[72,72,72,58,58,58,64,64,64,52,51,51,57,72,72,72,72,72,72,72,72,72,72,72,72,72,72,71,71,69,72,72,72,72,72,72,72,69,72,75,78,78,78,81,85,85,85,79,79,85,85,85,85,89,89],"gold":197,"neow_bonus":"THREE_RARE_CARDS","is_daily":false,"chose_seed":false,"campfire_upgraded":8,"win_rate":0.0,"timestamp":1608029707,"path_taken":["M","?","?","?","$","R","E","R","T","E","?","?","M","?","R","BOSS","M","$","?","?","M","R","?","?","T","R","E","?","M","M","R","BOSS","M","$","?","M","M","E","M","E","T","E","M","E","R","?","R","BOSS","R","$","E","BOSS"],"items_purchased_type":["Relic","Relic","Relic","Relic","Relic","Card","Potion"],"build_version":"2020-12-13","purchased_purges":4,"victory":true,"max_hp_per_floor":[72,72,72,72,72,72,72,72,72,72,72,72,72,72,72,72,72,72,72,72,72,72,72,72,72,72,72,72,72,72,72,72,72,72,72,72,72,72,72,75,78,78,78,81,85,85,85,85,85,85,85,85,85,89,89],"card_choices":[{"not_picked":["Bludgeon","Limit Break"],"picked":"Barricade","floor":0.0},{"not_picked":["True Grit","Warcry"],"picked":"Entrench","floor":1.0},{"not_picked":["Double Tap+1","Pommel Strike"],"picked":"True Grit+1","floor":7.0},{"not_picked":["Shockwave+1","Double Tap+1"],"picked":"Exhume+1","floor":10.0},{"not_picked":["Clash","Sword Boomerang"],"picked":"Armaments+1","floor":11.0},{"not_picked":["Intimidate+1","True Grit+1"],"picked":"Dual Wield+1","floor":13.0},{"not_picked":["Iron Wave","Inflame"],"picked":"Infernal Blade+1","floor":14.0},{"not_picked":["Brutality","Demon Form"],"picked":"Impervious+1","floor":16.0},{"not_picked":["Disarm+1","Havoc+1"],"picked":"Feel No Pain","floor":18.0},{"not_picked":["Spot Weakness+1","Wild Strike+1"],"picked":"Sentinel+1","floor":22.0},{"not_picked":["Limit Break+1","Twin Strike"],"picked":"Second Wind+1","floor":28.0},{"not_picked":["Reckless Charge+1","Clash"],"picked":"Metallicize","floor":30.0},{"not_picked":["Anger+1","Shockwave+1","Whirlwind"],"picked":"SKIP","floor":31.0},{"not_picked":["Sword Boomerang+1","Clash"],"picked":"Evolve+1","floor":35.0},{"not_picked":["Sword Boomerang","Heavy Blade+1"],"picked":"Shrug It Off+1","floor":38.0},{"not_picked":["Combust+1","Pommel Strike"],"picked":"Feed","floor":39.0},{"not_picked":["Feel No Pain","Shockwave+1"],"picked":"Reaper","floor":40.0},{"not_picked":["Hemokinesis","Battle Trance+1"],"picked":"Burning Pact+1","floor":41.0},{"not_picked":["Bludgeon","Brutality","Reaper"],"picked":"SKIP","floor":42.0},{"not_picked":["Fiend Fire","Feel No Pain","Combust+1"],"picked":"SKIP","floor":44.0},{"not_picked":["Fiend Fire","Feel No Pain","Combust+1"],"picked":"SKIP","floor":44.0},{"not_picked":["Fiend Fire","Feel No Pain","Combust+1"],"picked":"SKIP","floor":44.0},{"not_picked":["Flex+1","Uppercut"],"picked":"Dropkick+1","floor":45.0},{"not_picked":["Pummel","Wild Strike","Berserk"],"picked":"SKIP","floor":46},{"not_picked":["Havoc+1","Armaments+1"],"picked":"Dark Embrace+1","floor":48},{"not_picked":["Second Wind+1","Infernal Blade+1"],"picked":"Juggernaut","floor":54}],"player_experience":346590,"relics_obtained":[{"floor":7.0,"key":"Toxic Egg 2"},{"floor":9.0,"key":"Tiny Chest"},{"floor":10.0,"key":"FossilizedHelix"},{"floor":12.0,"key":"Orichalcum"},{"floor":20.0,"key":"Centennial Puzzle"},{"floor":26.0,"key":"Happy Flower"},{"floor":28.0,"key":"Regal Pillow"},{"floor":29.0,"key":"Nunchaku"},{"floor":40.0,"key":"Self Forming Clay"},{"floor":40.0,"key":"Ornamental Fan"},{"floor":42.0,"key":"Red Skull"},{"floor":42.0,"key":"StoneCalendar"},{"floor":44.0,"key":"Runesmith:AutoHammer"},{"floor":44.0,"key":"Bronze Scales"},{"floor":46,"key":"Charon\u0027s Ashes"},{"floor":46,"key":"Magic Flower"},{"floor":54,"key":"StrikeDummy"},{"floor":54,"key":"Toy Ornithopter"}],"event_choices":[{"damage_healed":0.0,"max_hp_gain":0.0,"max_hp_loss":0.0,"gold_gain":0.0,"event_name":"Living Wall","player_choice":"Grow","floor":2.0,"gold_loss":0.0,"damage_taken":0.0,"cards_upgraded":["Barricade"]},{"damage_healed":0.0,"max_hp_gain":0.0,"max_hp_loss":0.0,"gold_gain":175.0,"event_name":"betterThird:BetterSerpent","player_choice":"AGREE","floor":3.0,"gold_loss":0.0,"damage_taken":117.0},{"damage_healed":72.0,"max_hp_gain":0.0,"max_hp_loss":72.0,"gold_gain":0.0,"event_name":"betterThird:BetterShining","player_choice":"Upgrade","floor":4.0,"gold_loss":0.0,"damage_taken":14.0,"cards_upgraded":["Bash","Defend_R"]},{"damage_healed":0.0,"max_hp_gain":0.0,"max_hp_loss":0.0,"gold_gain":0.0,"event_name":"The Mausoleum","player_choice":"Opened","floor":21.0,"gold_loss":0.0,"damage_taken":0.0,"relics_obtained":["Ancient Tea Set"],"cards_obtained":["Writhe"]},{"damage_healed":0.0,"max_hp_gain":0.0,"max_hp_loss":0.0,"gold_gain":0.0,"cards_transformed":["Strike_R","Strike_R"],"event_name":"Drug Dealer","player_choice":"Became Test Subject","floor":24.0,"gold_loss":0.0,"damage_taken":0.0,"cards_obtained":["Bludgeon","Entrench"]},{"damage_healed":0.0,"max_hp_gain":0.0,"max_hp_loss":0.0,"gold_gain":0.0,"event_name":"N\u0027loth","player_choice":"Traded Relic","floor":25.0,"relics_lost":["War Paint"],"gold_loss":0.0,"damage_taken":0.0,"relics_obtained":["Nloth\u0027s Gift"]},{"damage_healed":0.0,"max_hp_gain":0.0,"max_hp_loss":0.0,"gold_gain":0.0,"event_name":"Match and Keep!","player_choice":"2 cards matched","floor":37.0,"gold_loss":0.0,"damage_taken":0.0,"cards_obtained":["Dark Shackles","Wild Strike"]}],"is_beta":false,"boss_relics":[{"not_picked":["Sozu","Fusion Hammer"],"picked":"Coffee Dripper"},{"not_picked":["Cursed Key","Empty Cage"],"picked":"Black Star"}],"items_purged_floors":[5,19,36,53],"is_endless":false,"potions_floor_spawned":[1,13,22,30,31,39,41,46,48],"ascension_level":4}}