{"host":"7nopzcxpi7o4g3yx","time":1608075636,"event":{"mods":["AchievementEnabler","BaseMod","Colored Powertips","Hermit","Minty Spire (QoL Compilation)","Quick Restart","StSLib","The Servant 0.9.4"],"gold_per_floor":[117,117,128,139,36,68,87,114,114,114,389,401,401,421,421,517,517,531,531,513,524,46,46,79,79,103,378,413,413,120,131,131,228,228,238,254,15,28,0,26,26,26,53,53,103,115,115,143,155,167,167],"floor_reached":50,"playtime":4111,"items_purged":[],"score":670,"play_id":"8c9e78af-61c0-454f-a740-4fcb0d9aae5a","local_time":"20201216004036","is_ascension_mode":false,"campfire_choices":[{"floor":10,"key":"REST"},{"floor":15,"key":"REST"},{"floor":23,"key":"REST"},{"floor":25,"key":"REST"},{"floor":29,"key":"REST"},{"floor":32,"key":"REST"},{"floor":42,"key":"REST"},{"floor":44,"key":"REST"},{"floor":47,"key":"DIG"},{"floor":49,"key":"DIG"}],"circlet_count":0,"master_deck":["hermit:Strike_Hermit","hermit:Strike_Hermit","hermit:Strike_Hermit","hermit:Strike_Hermit","hermit:Defend_Hermit","hermit:Defend_Hermit","hermit:Defend_Hermit","hermit:Defend_Hermit+1","hermit:Snapshot","hermit:Covet","hermit:HighCaliber","hermit:Brawl","hermit:Dive","hermit:Misfire","hermit:TakeAim","hermit:WideOpen","hermit:Misfire","hermit:Horror+1","Regret","hermit:Deadeye","hermit:SprayPray","hermit:Magnum","hermit:Glare+1","Pain","hermit:Combo+1","hermit:CursedWeapon","hermit:TakeCover","hermit:Cheat+1","Regret","hermit:HoleUp+1","hermit:Quickdraw","hermit:FatalDesire","hermit:Reprieve","hermit:DeadMansHand+1","hermit:Spite","Parasite","hermit:BodyArmor","hermit:NoHoldsBarred+1","Normality","hermit:FullyLoaded","hermit:Headshot+1","hermit:BigShot+1"],"relics":["hermit:Momento","NeowsBlessing","Ginger","Nunchaku","Gremlin Horn","HornCleat","Philosopher\u0027s Stone","WarpedTongs","Torii","Pantograph","Lantern","Potion Belt","War Paint","Cursed Key","hermit:Spyglass","Red Mask","hermit:Horseshoe","Strawberry","Shovel","MawBank","Centennial Puzzle"],"acts_visited":["Exordium","TheCity","TheBeyond"],"potions_floor_usage":[16,16,16,24,33,36,40],"damage_taken":[{"damage":0,"enemies":"2 Louse","floor":1,"turns":1},{"damage":0,"enemies":"Cultist","floor":3,"turns":1},{"damage":0,"enemies":"Jaw Worm","floor":4,"turns":1},{"damage":34,"enemies":"3 Sentries","floor":6,"turns":8},{"damage":3,"enemies":"Gremlin Gang","floor":7,"turns":5},{"damage":37,"enemies":"Lagavulin","floor":8,"turns":6},{"damage":7,"enemies":"3 Louse","floor":12,"turns":3},{"damage":6,"enemies":"Exordium Wildlife","floor":14,"turns":5},{"damage":9,"enemies":"Slime Boss","floor":16,"turns":6},{"damage":0,"enemies":"Chosen","floor":18,"turns":3},{"damage":9,"enemies":"2 Thieves","floor":20,"turns":4},{"damage":42,"enemies":"Sentry and Sphere","floor":21,"turns":6},{"damage":46,"enemies":"Book of Stabbing","floor":24,"turns":7},{"damage":42,"enemies":"Slavers","floor":28,"turns":4},{"damage":3,"enemies":"Snake Plant","floor":31,"turns":3},{"damage":85,"enemies":"Collector","floor":33,"turns":9},{"damage":0,"enemies":"Orb Walker","floor":35,"turns":3},{"damage":51,"enemies":"3 Darklings","floor":36,"turns":7},{"damage":20,"enemies":"Writhing Mass","floor":38,"turns":5},{"damage":41,"enemies":"Giant Head","floor":40,"turns":7},{"damage":22,"enemies":"Mind Bloom Boss Battle","floor":45,"turns":9},{"damage":3,"enemies":"Spire Growth","floor":46,"turns":3},{"damage":5,"enemies":"Transient","floor":48,"turns":5},{"damage":100,"enemies":"Time Eater","floor":50,"turns":14}],"seed_played":"2321530537253076460","potions_obtained":[{"floor":1,"key":"DuplicationPotion"},{"floor":6,"key":"Swift Potion"},{"floor":12,"key":"Energy Potion"},{"floor":14,"key":"Fire Potion"},{"floor":18,"key":"Weak Potion"},{"floor":28,"key":"Strength Potion"},{"floor":35,"key":"SneckoOil"},{"floor":36,"key":"AttackPotion"},{"floor":46,"key":"DuplicationPotion"}],"is_trial":false,"path_per_floor":["M","?","M","M","$","E","M","E","T","R","?","M","?","M","R","B",null,"M","?","M","M","$","R","E","R","T","?","E","R","$","M","R","B",null,"M","M","$","M","?","E","?","R","T","R","?","M","R","M","R","B"],"character_chosen":"HERMIT","items_purchased":["hermit:Misfire","hermit:TakeAim","FairyPotion","Torii","hermit:TakeCover","hermit:Quickdraw","FairyPotion","War Paint","hermit:Spyglass"],"campfire_rested":8,"item_purchase_floors":[5,5,22,22,22,30,30,30,37],"current_hp_per_floor":[75,75,75,75,75,41,38,1,1,23,23,16,16,10,32,23,75,75,75,66,24,24,46,22,44,44,44,2,24,24,21,43,7,75,75,44,44,40,40,31,31,53,60,82,60,73,73,79,79,0,0],"gold":167,"neow_bonus":"THREE_ENEMY_KILL","is_daily":false,"chose_seed":false,"campfire_upgraded":0,"win_rate":0.0,"timestamp":1608075636,"path_taken":["M","?","?","M","$","E","M","E","T","R","?","?","?","M","R","BOSS","M","?","?","M","$","R","E","R","T","?","E","R","?","M","R","BOSS","M","M","$","M","?","E","?","R","T","R","?","?","R","M","R","BOSS"],"items_purchased_type":["Card","Card","Potion","Relic","Card","Card","Potion","Relic","Relic"],"build_version":"2020-12-13","purchased_purges":0,"victory":false,"max_hp_per_floor":[75,75,75,75,75,75,75,75,75,75,75,75,75,75,75,75,75,75,75,75,75,75,75,75,75,75,75,75,75,75,75,75,75,75,75,75,75,75,75,75,75,75,82,82,82,82,82,82,82,82,82],"card_choices":[{"not_picked":["hermit:Maintenance","hermit:Malice"],"picked":"hermit:HighCaliber","floor":1},{"not_picked":["hermit:Cheat","hermit:FlashPowder"],"picked":"hermit:Brawl","floor":3},{"not_picked":["hermit:Manifest","hermit:Scavenge"],"picked":"hermit:Dive","floor":4},{"not_picked":["hermit:Manifest","hermit:Dissolve"],"picked":"hermit:WideOpen","floor":6},{"not_picked":["hermit:Dive","hermit:Snipe"],"picked":"hermit:Misfire","floor":7},{"not_picked":["hermit:Virtue","hermit:RoundhouseKick"],"picked":"hermit:Horror","floor":8},{"not_picked":["hermit:ItchyTrigger","hermit:EyeOfTheStorm"],"picked":"hermit:Deadeye","floor":12},{"not_picked":["hermit:TakeCover","hermit:Snipe"],"picked":"hermit:SprayPray","floor":14},{"not_picked":["hermit:FinalCanter","hermit:RoundhouseKick"],"picked":"hermit:Magnum","floor":16},{"not_picked":["hermit:Headshot","hermit:WideOpen"],"picked":"hermit:Glare+1","floor":18},{"not_picked":["hermit:DeadMansHand","hermit:SprayPray"],"picked":"hermit:Combo+1","floor":20},{"not_picked":["hermit:Glare","hermit:ShadowCloak"],"picked":"hermit:CursedWeapon","floor":21},{"not_picked":["hermit:LowProfile","hermit:Dive"],"picked":"hermit:Cheat+1","floor":24},{"not_picked":["hermit:ItchyTrigger","hermit:LowProfile"],"picked":"hermit:HoleUp+1","floor":28},{"not_picked":["hermit:HoleUp","hermit:LoneWolf"],"picked":"hermit:FatalDesire","floor":31},{"not_picked":["hermit:FromBeyond","hermit:HeroicBravado"],"picked":"hermit:Reprieve","floor":33},{"not_picked":["hermit:LowProfile+1","hermit:Roulette+1"],"picked":"hermit:DeadMansHand+1","floor":35},{"not_picked":["hermit:Brawl","hermit:Cheat"],"picked":"hermit:Spite","floor":36},{"not_picked":["hermit:Spite","hermit:HighCaliber"],"picked":"hermit:BodyArmor","floor":38},{"not_picked":["hermit:HoleUp+1","hermit:DeadMansHand+1"],"picked":"hermit:NoHoldsBarred+1","floor":40},{"not_picked":["hermit:SprayPray","hermit:Misfire+1"],"picked":"hermit:FullyLoaded","floor":45},{"not_picked":["hermit:NoHoldsBarred","hermit:WideOpen"],"picked":"hermit:Headshot+1","floor":46},{"not_picked":["hermit:CursedWeapon","hermit:WideOpen"],"picked":"hermit:BigShot+1","floor":48}],"player_experience":266653,"relics_obtained":[{"floor":6,"key":"Nunchaku"},{"floor":8,"key":"Gremlin Horn"},{"floor":9,"key":"HornCleat"},{"floor":24,"key":"Pantograph"},{"floor":26,"key":"Lantern"},{"floor":28,"key":"Potion Belt"},{"floor":40,"key":"hermit:Horseshoe"},{"floor":43,"key":"Strawberry"},{"floor":45,"key":"Shovel"},{"floor":47,"key":"MawBank"},{"floor":49,"key":"Centennial Puzzle"}],"event_choices":[{"damage_healed":0,"gold_gain":0,"player_choice":"Gave Potion","damage_taken":0,"relics_obtained":["Ginger"],"max_hp_gain":0,"max_hp_loss":0,"event_name":"WeMeetAgain","floor":2,"gold_loss":0},{"damage_healed":0,"gold_gain":275,"player_choice":"Desecrate","damage_taken":0,"max_hp_gain":0,"max_hp_loss":0,"event_name":"Golden Shrine","floor":11,"gold_loss":0,"cards_obtained":["Regret"]},{"damage_healed":0,"gold_gain":0,"player_choice":"Ignored","damage_taken":0,"max_hp_gain":0,"max_hp_loss":0,"event_name":"Shining Light","floor":13,"gold_loss":0},{"damage_healed":0,"gold_gain":0,"player_choice":"Rummage","damage_taken":0,"relics_obtained":["WarpedTongs"],"max_hp_gain":0,"max_hp_loss":0,"event_name":"Accursed Blacksmith","floor":19,"gold_loss":0,"cards_obtained":["Pain"]},{"damage_healed":0,"gold_gain":275,"player_choice":"Desecrate","damage_taken":0,"max_hp_gain":0,"max_hp_loss":0,"event_name":"Golden Shrine","floor":27,"gold_loss":0,"cards_obtained":["Regret"]},{"damage_healed":0,"gold_gain":0,"player_choice":"Paid","damage_taken":0,"relics_obtained":["Red Mask"],"max_hp_gain":0,"max_hp_loss":0,"event_name":"Tomb of Lord Red Mask","floor":39,"gold_loss":28},{"damage_healed":0,"gold_gain":0,"player_choice":"Ignored","damage_taken":0,"max_hp_gain":0,"max_hp_loss":0,"event_name":"Mysterious Sphere","floor":41,"gold_loss":0},{"damage_healed":0,"gold_gain":0,"player_choice":"Fight","damage_taken":0,"max_hp_gain":0,"max_hp_loss":0,"event_name":"MindBloom","floor":45,"gold_loss":0}],"is_beta":false,"boss_relics":[{"not_picked":["Sozu","Ectoplasm"],"picked":"Philosopher\u0027s Stone"},{"not_picked":["Pandora\u0027s Box","Empty Cage"],"picked":"Cursed Key"}],"items_purged_floors":[],"is_endless":false,"potions_floor_spawned":[1,6,12,14,18,28,35,36,46],"killed_by":"Time Eater","ascension_level":0}}