{"host":"Ian","time":1608032032,"event":{"mods":["BaseMod","Bestiary","Block Reminder","Colored Map","Highlight Path","Key Reminder","Minty Spire (QoL Compilation)","Relic Stats"],"gold_per_floor":[112,112,112,112,122,155,155,186,186,186,186,202,202,215,215,286,286,303,316,335,361,379,379,407,407,407,407,417,450,18,49,49,123,123,136,161,1,1,19,19,49,49,49,23,58,71,71,81,81,81,81,81,81,3,38,38,38],"floor_reached":56,"playtime":3650,"items_purged":["Strike_R"],"score":2042,"play_id":"865dfb6f-e929-45e4-ae0a-12d17c03ed64","local_time":"20201215113352","is_ascension_mode":true,"campfire_choices":[{"data":"Carnage","floor":7.0,"key":"SMITH"},{"data":"True Grit","floor":11.0,"key":"SMITH"},{"data":"Combust","floor":13.0,"key":"SMITH"},{"data":"Shrug It Off","floor":15.0,"key":"SMITH"},{"data":"Brutality","floor":23.0,"key":"SMITH"},{"floor":25.0,"key":"REST"},{"floor":27.0,"key":"REST"},{"floor":32.0,"key":"REST"},{"floor":40.0,"key":"RECALL"},{"floor":42.0,"key":"REST"},{"floor":49,"key":"REST"},{"floor":53,"key":"REST"}],"circlet_count":0,"master_deck":["AscendersBane","Strike_R+1","Strike_R","Defend_R+1","Defend_R","Defend_R+1","Defend_R+1","Bash+1","Shrug It Off+1","Combust+1","Carnage+1","Body Slam+1","True Grit+1","Uppercut+1","Brutality+1","Headbutt+1","Cleave+1","Rage+1","Thunderclap+1","Feel No Pain+1","Power Through+1","Thunderclap+1","Offering","Reaper+1","Warcry+1","Hemokinesis+1","Twin Strike+1","Blood for Blood+1"],"relics":["Burning Blood","NeowsBlessing","Molten Egg 2","Self Forming Clay","Blood Vial","Runic Cube","Vajra","Potion Belt","Toy Ornithopter","War Paint","Regal Pillow","Fusion Hammer","FossilizedHelix","Brimstone","Centennial Puzzle","Pear","Bronze Scales","Whetstone"],"acts_visited":["Exordium","TheCity","TheBeyond","TheEnding"],"potions_floor_usage":[50,56,56,56],"damage_taken":[{"damage":0.0,"enemies":"Small Slimes","floor":1.0,"turns":1.0},{"damage":0.0,"enemies":"2 Louse","floor":5.0,"turns":1.0},{"damage":0.0,"enemies":"3 Sentries","floor":6.0,"turns":1.0},{"damage":32.0,"enemies":"Gremlin Nob","floor":8.0,"turns":4.0},{"damage":0.0,"enemies":"Cultist","floor":12.0,"turns":4.0},{"damage":8.0,"enemies":"3 Louse","floor":14.0,"turns":4.0},{"damage":18.0,"enemies":"The Guardian","floor":16.0,"turns":11.0},{"damage":10.0,"enemies":"Spheric Guardian","floor":18.0,"turns":4.0},{"damage":6.0,"enemies":"Chosen","floor":19.0,"turns":4.0},{"damage":21.0,"enemies":"Snake Plant","floor":20.0,"turns":4.0},{"damage":5.0,"enemies":"3 Cultists","floor":22.0,"turns":4.0},{"damage":47.0,"enemies":"Book of Stabbing","floor":24.0,"turns":6.0},{"damage":10.0,"enemies":"Centurion and Healer","floor":28.0,"turns":5.0},{"damage":13.0,"enemies":"Gremlin Leader","floor":29.0,"turns":5.0},{"damage":25.0,"enemies":"Slavers","floor":31.0,"turns":4.0},{"damage":41.0,"enemies":"Automaton","floor":33.0,"turns":7.0},{"damage":11.0,"enemies":"3 Darklings","floor":35.0,"turns":4.0},{"damage":7.0,"enemies":"Mind Bloom Boss Battle","floor":36.0,"turns":7.0},{"damage":3.0,"enemies":"Orb Walker","floor":39.0,"turns":2.0},{"damage":13.0,"enemies":"Giant Head","floor":41.0,"turns":5.0},{"damage":30.0,"enemies":"Reptomancer","floor":45.0,"turns":4.0},{"damage":14.0,"enemies":"Sphere and 2 Shapes","floor":46.0,"turns":5.0},{"damage":10.0,"enemies":"Transient","floor":48.0,"turns":6.0},{"damage":53,"enemies":"Awakened One","floor":50,"turns":9},{"damage":81,"enemies":"Time Eater","floor":51,"turns":9},{"damage":64,"enemies":"Shield and Spear","floor":55,"turns":5},{"damage":114,"enemies":"The Heart","floor":56,"turns":5}],"seed_played":"2941169785935288601","potions_obtained":[{"floor":6.0,"key":"DuplicationPotion"},{"floor":12.0,"key":"Swift Potion"},{"floor":14.0,"key":"Dexterity Potion"},{"floor":24.0,"key":"LiquidBronze"},{"floor":28.0,"key":"SkillPotion"},{"floor":31.0,"key":"ElixirPotion"},{"floor":33.0,"key":"LiquidBronze"},{"floor":36.0,"key":"SpeedPotion"},{"floor":39.0,"key":"BloodPotion"},{"floor":45.0,"key":"AttackPotion"}],"is_trial":false,"path_per_floor":["M","?","?","?","M","E","R","E","T","?","R","M","R","M","R","B",null,"M","M","M","T","M","R","E","R","T","R","M","E","$","E","R","B",null,"M","?","$","?","M","R","E","R","T","$","E","M","$","M","R","B","B",null,"R","$","E","B"],"character_chosen":"IRONCLAD","items_purchased":["Power Through","War Paint","Thunderclap+1","EssenceOfSteel","Brimstone","Twin Strike+1","Blood for Blood+1"],"campfire_rested":6,"item_purchase_floors":[30,30,30,30,37,44,54],"current_hp_per_floor":[74,79,55,55,61,67,67,41,41,41,41,49,49,49,49,39,70,68,70,57,57,60,60,21,45,45,69,67,62,62,45,80,45,71,68,78,78,78,80,80,80,80,90,90,88,90,90,90,90,72,23,73,90,90,51,0,0],"gold":38,"neow_bonus":"THREE_ENEMY_KILL","is_daily":false,"chose_seed":false,"campfire_upgraded":5,"win_rate":0.0,"timestamp":1608032032,"path_taken":["M","?","?","?","?","E","R","E","T","?","R","M","R","M","R","BOSS","M","M","?","?","M","R","E","R","T","R","M","E","$","E","R","BOSS","M","?","$","?","?","R","E","R","T","?","E","M","$","M","R","BOSS","BOSS","R","$","E","BOSS"],"items_purchased_type":["Card","Relic","Card","Potion","Relic","Card","Card"],"build_version":"2020-12-07","purchased_purges":1,"victory":false,"max_hp_per_floor":[75,80,80,80,80,80,80,80,80,80,80,80,80,80,80,80,80,80,80,80,80,80,80,80,80,80,80,80,80,80,80,80,80,80,80,80,80,80,80,80,80,80,90,90,90,90,90,90,90,90,90,90,90,90,90,90,90],"relic_stats":{"Blood Vial":34,"Regal Pillow":11,"Centennial Puzzle":[21],"counters":[27,130],"Self Forming Clay":[531],"Bronze Scales":[192],"Whetstone":["Strike_R","Bash"],"War Paint":["Defend_R","Power Through"],"obtain_stats":[{"Potion Belt":24,"Regal Pillow":31,"Pear":43,"NeowsBlessing":0,"Self Forming Clay":8,"Vajra":21,"Whetstone":55,"War Paint":30,"Burning Blood":0,"keyreminder:keyreminder":8,"Blood Vial":9,"Centennial Puzzle":41,"Brimstone":37,"Bronze Scales":45,"Molten Egg 2":6,"Fusion Hammer":34,"Toy Ornithopter":29,"FossilizedHelix":36,"Runic Cube":17},{"Potion Belt":12,"Regal Pillow":15,"Pear":20,"NeowsBlessing":0,"Self Forming Clay":4,"Vajra":10,"Whetstone":26,"War Paint":14,"Burning Blood":0,"keyreminder:keyreminder":4,"Blood Vial":4,"Centennial Puzzle":20,"Brimstone":18,"Bronze Scales":21,"Molten Egg 2":3,"Fusion Hammer":16,"Toy Ornithopter":14,"FossilizedHelix":18,"Runic Cube":7},{"Potion Belt":48,"Regal Pillow":62,"Pear":87,"NeowsBlessing":0,"Self Forming Clay":7,"Vajra":38,"Whetstone":125,"War Paint":58,"Burning Blood":0,"keyreminder:keyreminder":7,"Blood Vial":7,"Centennial Puzzle":87,"Brimstone":80,"Bronze Scales":91,"Molten Egg 2":3,"Fusion Hammer":69,"Toy Ornithopter":58,"FossilizedHelix":80,"Runic Cube":26}],"Burning Blood":138,"Toy Ornithopter":15,"Runic Cube":[200]},"card_choices":[{"not_picked":["Armaments","Dark Embrace"],"picked":"Shrug It Off","floor":1.0},{"not_picked":["True Grit","Armaments"],"picked":"Carnage","floor":5.0},{"not_picked":["Warcry","True Grit"],"picked":"Body Slam+1","floor":6.0},{"not_picked":["Power Through","Body Slam+1"],"picked":"True Grit","floor":8.0},{"not_picked":["Bludgeon+1","Perfected Strike+1"],"picked":"Uppercut+1","floor":12.0},{"not_picked":["Twin Strike+1","Pummel+1","Heavy Blade+1"],"picked":"SKIP","floor":14.0},{"not_picked":["Immolate+1","Berserk"],"picked":"Brutality","floor":16.0},{"not_picked":["Evolve","Battle Trance"],"picked":"Headbutt+1","floor":18.0},{"not_picked":["Anger+1","Havoc"],"picked":"Cleave+1","floor":19.0},{"not_picked":["Carnage+1","Clash+1","Sword Boomerang+1"],"picked":"SKIP","floor":20.0},{"not_picked":["Body Slam+1","Havoc","Flex"],"picked":"SKIP","floor":22.0},{"not_picked":["Ghostly Armor","Combust"],"picked":"Rage+1","floor":24.0},{"not_picked":["Sever Soul+1","Carnage+1"],"picked":"Thunderclap+1","floor":28.0},{"not_picked":["Sever Soul+1","Shrug It Off"],"picked":"Feel No Pain+1","floor":29.0},{"not_picked":["Bludgeon+1","Heavy Blade+1"],"picked":"Offering","floor":31.0},{"not_picked":["Bludgeon+1","Exhume"],"picked":"Reaper+1","floor":33.0},{"not_picked":["True Grit","Twin Strike+1"],"picked":"Warcry+1","floor":35.0},{"not_picked":["Twin Strike+1","Burning Pact"],"picked":"Hemokinesis+1","floor":36.0},{"not_picked":["Wild Strike+1","Clash+1","Searing Blow+1"],"picked":"SKIP","floor":39.0},{"not_picked":["Flex","Evolve","Inflame+1"],"picked":"SKIP","floor":41.0},{"not_picked":["Armaments","Ghostly Armor","Pommel Strike+1"],"picked":"SKIP","floor":45.0},{"not_picked":["Iron Wave+1","Wild Strike+1","Twin Strike+1"],"picked":"SKIP","floor":46.0},{"not_picked":["Body Slam+1","Twin Strike+1","Power Through"],"picked":"SKIP","floor":48.0},{"not_picked":["Bludgeon+1","Pommel Strike+1","Twin Strike+1"],"picked":"SKIP","floor":55}],"player_experience":2520026,"relics_obtained":[{"floor":6.0,"key":"Molten Egg 2"},{"floor":8.0,"key":"Self Forming Clay"},{"floor":9.0,"key":"Blood Vial"},{"floor":21.0,"key":"Vajra"},{"floor":24.0,"key":"Potion Belt"},{"floor":29.0,"key":"Toy Ornithopter"},{"floor":31.0,"key":"Regal Pillow"},{"floor":36.0,"key":"FossilizedHelix"},{"floor":41.0,"key":"Centennial Puzzle"},{"floor":43.0,"key":"Pear"},{"floor":45.0,"key":"Bronze Scales"},{"floor":55,"key":"Whetstone"}],"event_choices":[{"damage_healed":0.0,"max_hp_gain":5.0,"max_hp_loss":0.0,"gold_gain":0.0,"event_name":"Big Fish","player_choice":"Donut","floor":2.0,"gold_loss":0.0,"damage_taken":0.0},{"damage_healed":0.0,"max_hp_gain":0.0,"max_hp_loss":0.0,"gold_gain":0.0,"event_name":"Shining Light","player_choice":"Entered Light","floor":3.0,"gold_loss":0.0,"damage_taken":24.0,"cards_upgraded":["Defend_R","Defend_R"]},{"damage_healed":0.0,"max_hp_gain":0.0,"max_hp_loss":0.0,"gold_gain":0.0,"cards_transformed":["Strike_R"],"event_name":"Transmorgrifier","player_choice":"Transformed","floor":4.0,"gold_loss":0.0,"damage_taken":0.0,"cards_obtained":["Combust"]},{"cards_removed":["Strike_R"],"damage_healed":0.0,"max_hp_gain":0.0,"max_hp_loss":0.0,"gold_gain":0.0,"event_name":"Bonfire Elementals","player_choice":"Offered Basic","floor":10.0,"gold_loss":0.0,"damage_taken":0.0},{"damage_healed":0.0,"max_hp_gain":0.0,"max_hp_loss":0.0,"gold_gain":0.0,"event_name":"MindBloom","player_choice":"Fight","floor":36.0,"gold_loss":0.0,"damage_taken":0.0},{"damage_healed":0.0,"max_hp_gain":0.0,"max_hp_loss":0.0,"gold_gain":0.0,"event_name":"SecretPortal","player_choice":"Ignored","floor":38.0,"gold_loss":0.0,"damage_taken":0.0}],"is_beta":true,"boss_relics":[{"not_picked":["Coffee Dripper","Tiny House"],"picked":"Runic Cube"},{"not_picked":["Empty Cage","Sozu"],"picked":"Fusion Hammer"}],"items_purged_floors":[30],"is_endless":false,"potions_floor_spawned":[6,12,14,24,28,31,33,36,39,41,45],"killed_by":"The Heart","ascension_level":20}}