{"host":"i41n6wh529970c2c","time":1608060410,"event":{"mods":["Act Like it!","BaseMod","BetterRewards","Friendly Minions","Gold Saver","Hermit","Minty Spire (QoL Compilation)","Replay The Spire","Shop Mod","StSLib"],"gold_per_floor":[109,109,60,60,75,111,111,151,151,172,74,74,94,133,133,133,133],"floor_reached":16,"playtime":695,"items_purged":[],"score":185,"play_id":"81797efd-794e-47f4-95fb-eeb635304fa4","local_time":"20201215142650","is_ascension_mode":true,"campfire_choices":[{"data":"Genetic Algorithm","floor":7.0,"key":"SMITH"},{"floor":15.0,"key":"DIG"}],"circlet_count":0,"master_deck":["Strike_B","Strike_B","Strike_B","Strike_B","Defend_B","Defend_B","Defend_B","Defend_B","Zap","Conserve Battery","Force Field+1","Steam","Genetic Algorithm+1","Specialist","Streamline","Melter"],"relics":["Cracked Core","NeowsBlessing","Golden Idol","Mirror","Strawberry","Onion Ring","ReplayTheSpireMod:Lightbulb","Dream Catcher"],"acts_visited":["Exordium"],"potions_floor_usage":[16],"damage_taken":[{"damage":0.0,"enemies":"Small Slimes","floor":1.0,"turns":1.0},{"damage":0.0,"enemies":"Jaw Worm","floor":5.0,"turns":1.0},{"damage":0.0,"enemies":"Lagavulin","floor":6.0,"turns":1.0},{"damage":27.0,"enemies":"3 Sentries","floor":8.0,"turns":11.0},{"damage":6.0,"enemies":"2 Louse","floor":10.0,"turns":3.0},{"damage":2.0,"enemies":"Looter","floor":13.0,"turns":4.0},{"damage":0.0,"enemies":"Gremlin Nob","floor":14.0,"turns":3.0},{"damage":24,"enemies":"Slime Boss","floor":16,"turns":6}],"seed_played":"5465916534756057159","potions_obtained":[{"floor":6.0,"key":"Energy Potion"},{"floor":8.0,"key":"GamblersBrew"},{"floor":10.0,"key":"SteroidPotion"}],"is_trial":false,"path_per_floor":["M","?","$","?","M","E","R","E","T","M","$","?","M","E","R","B"],"character_chosen":"DEFECT","items_purchased":["Streamline","Specialist"],"campfire_rested":0,"item_purchase_floors":[3,11],"current_hp_per_floor":[75,57,57,57,57,57,57,37,37,31,31,24,22,22,22,0,0],"gold":133,"neow_bonus":"THREE_ENEMY_KILL","is_daily":false,"chose_seed":false,"campfire_upgraded":1,"win_rate":0.0,"timestamp":1608060410,"path_taken":["M","?","$","?","M","E","R","E","T","M","?","?","?","E","R","BOSS"],"items_purchased_type":["Card","Card"],"build_version":"2020-12-13","purchased_purges":0,"victory":false,"max_hp_per_floor":[75,75,75,75,75,75,75,82,82,82,82,82,82,82,82,82,82],"card_choices":[{"not_picked":["Cold Snap","Ball Lightning"],"picked":"Conserve Battery","floor":1.0},{"not_picked":["Static Discharge","Stack"],"picked":"Steam","floor":5.0},{"not_picked":["BasicCrystalCard","Lockon"],"picked":"Genetic Algorithm","floor":6.0},{"not_picked":["Hello World","Redo","Genetic Algorithm"],"picked":"SKIP","floor":8.0},{"not_picked":["Leap","ReplaySort","Storm"],"picked":"SKIP","floor":10.0},{"not_picked":["Defragment","Ball Lightning"],"picked":"Streamline","floor":13.0},{"not_picked":["Capacitor","Hello World"],"picked":"Melter","floor":14.0}],"player_experience":757407,"relics_obtained":[{"floor":6.0,"key":"Mirror"},{"floor":8.0,"key":"Strawberry"},{"floor":9.0,"key":"Onion Ring"},{"floor":14.0,"key":"ReplayTheSpireMod:Lightbulb"},{"floor":15.0,"key":"Dream Catcher"}],"event_choices":[{"damage_healed":0.0,"max_hp_gain":0.0,"max_hp_loss":0.0,"gold_gain":0.0,"event_name":"Golden Idol","player_choice":"Take Damage","floor":2.0,"gold_loss":0.0,"damage_taken":18.0,"relics_obtained":["Golden Idol"]},{"cards_removed":["Dualcast"],"damage_healed":0.0,"max_hp_gain":0.0,"max_hp_loss":0.0,"gold_gain":0.0,"event_name":"Golden Wing","player_choice":"Card Removal","floor":12.0,"gold_loss":0.0,"damage_taken":7.0}],"is_beta":false,"boss_relics":[],"items_purged_floors":[],"is_endless":false,"potions_floor_spawned":[6,8,10],"killed_by":"Slime Boss","ascension_level":2}}