{"host":"14lqvjjswzi1nlgu","time":1608030493,"event":{"mods":["BaseMod","Beaked The Cultist","Card Forge","Colored Map","Colored Powertips","Gold Saver","Highlight Path","Minty Spire (QoL Compilation)","StSLib","The Cursed"],"gold_per_floor":[1310,1385,1400,1400,1400,1430,1445,664,664,673,673,688,365,380,380,489,489,513,522,522,522,522,552,552,552,552,567,582,597,696,711,711,820,820,835,885,900,909,933,972,987,1017,1017,1017,1040,1055,766,781,781,781],"floor_reached":51,"playtime":1836,"items_purged":[],"score":927,"play_id":"b2124ced-7216-401d-85c7-31e0006421c5","local_time":"20201215030813","daily_mods":["Allstar","Hoarder","Night Terrors"],"is_ascension_mode":false,"campfire_choices":[{"data":"Discovery","floor":11,"key":"SMITH"},{"data":"Storm","floor":15,"key":"SMITH"},{"floor":32,"key":"REST"},{"floor":44,"key":"REST"},{"floor":49,"key":"REST"}],"circlet_count":0,"master_deck":["Strike_B+1","Strike_B+1","Strike_B+1","Defend_B+1","Defend_B+1","Defend_B+1","Defend_B+1","Zap+1","Dualcast+1","Discovery+1","Discovery+1","Discovery+1","Dramatic Entrance+1","Dramatic Entrance+1","Jack Of All Trades+1","Jack Of All Trades+1","Jack Of All Trades+1","Static Discharge+1","Static Discharge+1","Static Discharge+1","Self Repair+1","Self Repair+1","Self Repair+1","Skim+1","Skim+1","Skim+1","Echo Form+1","Echo Form+1","Echo Form+1","Bandage Up+1","Bandage Up+1","Bandage Up+1","Storm+1","Storm+1","Storm+1","Electrodynamics+1","Electrodynamics+1","Electrodynamics+1","White Noise+1","White Noise+1","White Noise+1","Defragment+1","Defragment+1","Defragment+1","Amplify+1","Amplify+1","Amplify+1","Discovery+1","Discovery+1","Discovery+1","Steam Power+1","Steam Power+1","Steam Power+1","White Noise+1","White Noise+1","White Noise+1","Echo Form+1","Echo Form+1","Echo Form+1"],"relics":["FrozenCore","Hammer of Thor","Seething Fire","Anvil of the Gods","Blue Candle","CeramicFish","Strange Spoon","Meat on the Bone","Mummified Hand","Cables","Kunai","Pear","Philosopher\u0027s Stone","StoneCalendar","War Paint","Frozen Egg 2","Bottled Tornado","Emotion Chip","Lantern"],"acts_visited":["Exordium","TheCity","TheBeyond"],"potions_floor_usage":[12,16,35,36,41,42,42],"damage_taken":[{"damage":0,"enemies":"Small Slimes","floor":1,"turns":1},{"damage":0,"enemies":"Jaw Worm","floor":3,"turns":1},{"damage":36,"enemies":"Lagavulin","floor":6,"turns":5},{"damage":0,"enemies":"2 Louse","floor":7,"turns":1},{"damage":0,"enemies":"Large Slime","floor":12,"turns":5},{"damage":0,"enemies":"2 Fungi Beasts","floor":14,"turns":1},{"damage":43,"enemies":"Hexaghost","floor":16,"turns":5},{"damage":13,"enemies":"Shell Parasite","floor":18,"turns":3},{"damage":12,"enemies":"Book of Stabbing","floor":23,"turns":2},{"damage":0,"enemies":"Spheric Guardian","floor":27,"turns":2},{"damage":15,"enemies":"Chosen and Byrds","floor":28,"turns":2},{"damage":15,"enemies":"Snecko","floor":29,"turns":3},{"damage":12,"enemies":"Centurion and Healer","floor":31,"turns":2},{"damage":20,"enemies":"Champ","floor":33,"turns":4},{"damage":0,"enemies":"3 Darklings","floor":35,"turns":2},{"damage":3,"enemies":"Mind Bloom Boss Battle","floor":36,"turns":3},{"damage":6,"enemies":"3 Shapes","floor":37,"turns":2},{"damage":41,"enemies":"Jaw Worm Horde","floor":39,"turns":2},{"damage":0,"enemies":"Reptomancer","floor":40,"turns":2},{"damage":10,"enemies":"3 Darklings","floor":41,"turns":2},{"damage":14,"enemies":"Giant Head","floor":42,"turns":2},{"damage":27,"enemies":"2 Orb Walkers","floor":45,"turns":2},{"damage":20,"enemies":"4 Shapes","floor":46,"turns":2},{"damage":0,"enemies":"Transient","floor":48,"turns":3},{"damage":25,"enemies":"Awakened One","floor":50,"turns":3}],"seed_played":"8833210206598683822","potions_obtained":[{"floor":3,"key":"SpeedPotion"},{"floor":7,"key":"Block Potion"},{"floor":12,"key":"ColorlessPotion"},{"floor":23,"key":"Strength Potion"},{"floor":29,"key":"Swift Potion"},{"floor":35,"key":"Block Potion"},{"floor":40,"key":"Explosive Potion"},{"floor":41,"key":"SteroidPotion"},{"floor":46,"key":"SmokeBomb"}],"is_trial":false,"path_per_floor":["M","?","M","?","?","E","M","$","T","?","R","M","$","M","R","B",null,"M","?","?","?","$","E","?","?","T","M","M","M","?","M","R","B",null,"M","?","M","?","M","E","M","E","T","R","?","M","$","M","R","B",null],"character_chosen":"DEFECT","items_purchased":["CeramicFish","Echo Form","Bandage Up","Strange Spoon","Meat on the Bone","Storm","Cables","Echo Form+1","Lantern"],"campfire_rested":3,"item_purchase_floors":[8,8,8,8,8,13,13,47,47],"current_hp_per_floor":[75,64,64,64,49,34,34,34,34,34,34,71,71,75,75,75,75,75,75,75,75,75,63,63,75,85,85,70,77,77,65,80,76,80,80,77,71,71,52,52,48,80,80,75,70,50,50,72,70,67],"gold":781,"neow_bonus":"","is_daily":true,"chose_seed":false,"campfire_upgraded":2,"win_rate":0.0,"timestamp":1608030493,"path_taken":["M","?","M","?","?","E","M","$","T","?","R","M","$","M","R","BOSS","M","?","?","?","$","E","?","?","T","M","M","?","?","M","R","BOSS","M","?","M","?","?","E","M","E","T","R","?","M","?","?","R","BOSS"],"items_purchased_type":["Relic","Card","Card","Relic","Relic","Card","Relic","Card","Relic"],"build_version":"2020-12-13","purchased_purges":0,"victory":true,"max_hp_per_floor":[75,75,75,75,75,75,75,75,75,75,75,75,75,75,75,75,75,75,75,75,75,75,75,75,75,85,85,85,85,85,85,80,80,80,80,80,80,80,80,80,80,80,80,75,75,75,75,75,70,70],"card_choices":[{"not_picked":["Cold Snap","Beam Cell"],"picked":"Static Discharge","floor":1},{"not_picked":["Hologram","Coolheaded"],"picked":"Self Repair","floor":3},{"not_picked":["Steam","Go for the Eyes"],"picked":"Skim","floor":6},{"not_picked":["Go for the Eyes","Coolheaded","Steam"],"picked":"SKIP","floor":7},{"not_picked":["Chaos","Hologram","Sunder"],"picked":"SKIP","floor":12},{"not_picked":["Steam","Rainbow","Compile Driver"],"picked":"SKIP","floor":14},{"not_picked":["Multi-Cast","Creative AI"],"picked":"Electrodynamics","floor":16},{"not_picked":["Sweeping Beam+1","Darkness"],"picked":"White Noise+1","floor":18},{"not_picked":["Fusion","Turbo","Self Repair+1"],"picked":"SKIP","floor":23},{"not_picked":["Streamline","Steam+1","Melter"],"picked":"SKIP","floor":27},{"not_picked":["Rebound","Glacier+1","Turbo"],"picked":"SKIP","floor":28},{"not_picked":["Leap+1","Coolheaded","Gash"],"picked":"SKIP","floor":29},{"not_picked":["Skim","Static Discharge+1","Sweeping Beam"],"picked":"SKIP","floor":31},{"not_picked":["Rainbow","Multi-Cast"],"picked":"Amplify","floor":33},{"not_picked":["Gash+1","Fusion","Streamline"],"picked":"SKIP","floor":35},{"not_picked":["Beam Cell+1","Cold Snap+1","Aggregate"],"picked":"SKIP","floor":37},{"not_picked":["Cold Snap+1","Turbo+1"],"picked":"Steam Power","floor":39},{"not_picked":["White Noise","Conserve Battery+1","Ball Lightning+1"],"picked":"SKIP","floor":40},{"not_picked":["Conserve Battery+1","Ball Lightning+1"],"picked":"White Noise","floor":40},{"not_picked":["Leap","Melter","Beam Cell+1"],"picked":"SKIP","floor":41},{"not_picked":["Streamline+1","Rip and Tear+1","Double Energy+1"],"picked":"SKIP","floor":42},{"not_picked":["Darkness","Leap+1","Force Field+1"],"picked":"SKIP","floor":46},{"not_picked":["Stack","Glacier","Core Surge"],"picked":"SKIP","floor":48}],"player_experience":1057839,"relics_obtained":[{"floor":6,"key":"Blue Candle"},{"floor":9,"key":"Mummified Hand"},{"floor":23,"key":"Kunai"},{"floor":26,"key":"Pear"},{"floor":36,"key":"StoneCalendar"},{"floor":40,"key":"War Paint"},{"floor":42,"key":"Frozen Egg 2"},{"floor":43,"key":"Bottled Tornado"},{"floor":45,"key":"Emotion Chip"}],"event_choices":[{"damage_healed":0,"gold_gain":75,"player_choice":"Gather Gold","damage_taken":11,"max_hp_gain":0,"max_hp_loss":0,"event_name":"World of Goop","floor":2,"gold_loss":0},{"damage_healed":0,"gold_gain":0,"player_choice":"Ignored","damage_taken":0,"max_hp_gain":0,"max_hp_loss":0,"event_name":"Liars Game","floor":4,"gold_loss":0},{"damage_healed":0,"gold_gain":0,"player_choice":"Entered Light","damage_taken":15,"max_hp_gain":0,"max_hp_loss":0,"event_name":"Shining Light","floor":5,"gold_loss":0,"cards_upgraded":["Forethought","Static Discharge"]},{"damage_healed":0,"gold_gain":0,"cards_transformed":["Strike_B"],"player_choice":"Change","damage_taken":0,"max_hp_gain":0,"max_hp_loss":0,"event_name":"Living Wall","floor":10,"gold_loss":0,"cards_obtained":["Hyperbeam"]},{"damage_healed":0,"gold_gain":0,"player_choice":"Read","damage_taken":0,"max_hp_gain":0,"max_hp_loss":0,"event_name":"The Library","floor":19,"gold_loss":0,"cards_obtained":["Defragment"]},{"damage_healed":0,"gold_gain":0,"player_choice":"Ignored","damage_taken":0,"max_hp_gain":0,"max_hp_loss":0,"event_name":"The Mausoleum","floor":20,"gold_loss":0},{"cards_removed":["Dramatic Entrance"],"damage_healed":0,"gold_gain":0,"player_choice":"Elegance","damage_taken":0,"max_hp_gain":0,"max_hp_loss":0,"event_name":"Back to Basics","floor":21,"gold_loss":0},{"damage_healed":0,"gold_gain":0,"player_choice":"Ignored","damage_taken":0,"max_hp_gain":0,"max_hp_loss":0,"event_name":"Ghosts","floor":24,"gold_loss":0},{"damage_healed":12,"gold_gain":0,"player_choice":"Full Heal","damage_taken":0,"max_hp_gain":0,"max_hp_loss":0,"event_name":"Wheel of Change","floor":25,"gold_loss":0},{"damage_healed":0,"gold_gain":99,"player_choice":"Stole From Cult","damage_taken":0,"max_hp_gain":0,"max_hp_loss":0,"event_name":"Nest","floor":30,"gold_loss":0},{"damage_healed":0,"gold_gain":0,"player_choice":"Fight","damage_taken":0,"max_hp_gain":0,"max_hp_loss":0,"event_name":"MindBloom","floor":36,"gold_loss":0},{"damage_healed":0,"gold_gain":0,"player_choice":"1 cards matched","damage_taken":0,"max_hp_gain":0,"max_hp_loss":0,"event_name":"Match and Keep!","floor":38,"gold_loss":0,"cards_obtained":["Discovery"]},{"damage_healed":0,"gold_gain":0,"player_choice":"Fight","damage_taken":0,"max_hp_gain":0,"max_hp_loss":0,"event_name":"Mysterious Sphere","floor":45,"gold_loss":0}],"is_beta":false,"boss_relics":[{"not_picked":["Calling Bell","Ectoplasm"],"picked":"FrozenCore"},{"not_picked":["SacredBark","Coffee Dripper"],"picked":"Philosopher\u0027s Stone"}],"items_purged_floors":[],"is_endless":false,"potions_floor_spawned":[3,7,12,23,29,35,40,41,46],"ascension_level":0}}