{"host":"y15j0sqd0it1yzon","time":1608068006,"event":{"mods":["AchievementEnabler","BaseMod","Downfall","Minty Spire (QoL Compilation)","StSLib"],"gold_per_floor":[99,99,124,124,49,68,115,131,161,86,105,166,178,278,298,398,398,398,498,498,498,498],"floor_reached":21,"playtime":4443,"items_purged":[],"score":260,"play_id":"c3b57be5-f03d-4843-b0e2-219638caf091","local_time":"20201215213326","is_ascension_mode":false,"campfire_choices":[{"floor":1,"key":"RECALL"},{"data":"hexamod:NightmareGuise","floor":5,"key":"SMITH"},{"data":"hexamod:FlamesFromBeyond","floor":10,"key":"SMITH"},{"data":"hexamod:EmpoweringStance","floor":18,"key":"SMITH"},{"data":"hexamod:AdvancingGuard","floor":20,"key":"SMITH"}],"circlet_count":0,"master_deck":["hexamod:Sear","hexamod:Float","hexamod:FlamesFromBeyond+1","hexamod:GhostLash+1","hexamod:NightmareGuise+1","hexamod:NightmareStrike+1","hexamod:SpectersWail+1","hexamod:Hexaguard","hexamod:HexaLevel","hexamod:SpectersWail+1","hexamod:EmpoweringStance+1","hexamod:AdvancingGuard+1","hexamod:FirstSeal","hexamod:SpectralAdrenaline","hexamod:ExtraCrispy","hexamod:WildfireWeapon","hexamod:GhostOfSpirePresent","hexamod:WildfireWeapon","hexamod:GhostLash+1"],"relics":["hexamod:SpiritBrand","downfall:HeartsMalice","Molten Egg 2","downfall:HeartBlessingRed","Bag of Preparation","downfall:HeartBlessingBlue","Ornamental Fan","Potion Belt","Pandora\u0027s Box","downfall:CloakOfManyFaces","CultistMask","FaceOfCleric","NlothsMask","GremlinMask","SsserpentHead"],"acts_visited":["Exordium","TheCity"],"potions_floor_usage":[13,16,16,16,16,21],"damage_taken":[{"damage":0,"enemies":"Cultist","floor":2,"turns":1},{"damage":0,"enemies":"3 Sentries","floor":3,"turns":1},{"damage":0,"enemies":"Small Slimes","floor":4,"turns":1},{"damage":0,"enemies":"2 Louse","floor":6,"turns":3},{"damage":15,"enemies":"Exordium Thugs","floor":8,"turns":5},{"damage":0,"enemies":"Gremlin Nob","floor":9,"turns":3},{"damage":0,"enemies":"Blue Slaver","floor":11,"turns":2},{"damage":10,"enemies":"Lagavulin Event","floor":12,"turns":4},{"damage":9,"enemies":"Large Slime","floor":13,"turns":3},{"damage":6,"enemies":"downfall:LadyInBlue","floor":14,"turns":7},{"damage":0,"enemies":"Exordium Wildlife","floor":15,"turns":2},{"damage":28,"enemies":"downfall:Silent","floor":16,"turns":9},{"damage":3,"enemies":"downfall:FaceTrader","floor":19,"turns":6},{"damage":97,"enemies":"Gremlin Leader","floor":21,"turns":7}],"seed_played":"-4372440994307509527","potions_obtained":[{"floor":6,"key":"SpeedPotion"},{"floor":8,"key":"Dexterity Potion"},{"floor":11,"key":"CultistPotion"},{"floor":13,"key":"Fruit Juice"},{"floor":14,"key":"champ:CounterPotion"},{"floor":14,"key":"sneckomod:MuddlingPotion"},{"floor":14,"key":"DistilledChaos"},{"floor":15,"key":"Weak Potion"},{"floor":19,"key":"hexamod:DoubleChargePotion"}],"is_trial":false,"path_per_floor":["R","M","E","M","R","M","T","M","E","R","M","?","M","?","M","B",null,"R","?","R","E"],"character_chosen":"THE_SPIRIT","items_purchased":[],"campfire_rested":0,"item_purchase_floors":[],"current_hp_per_floor":[70,70,70,70,70,70,70,55,55,65,65,55,51,45,45,17,85,85,85,85,0,0],"gold":498,"neow_bonus":"THREE_ENEMY_KILL","is_daily":false,"chose_seed":false,"campfire_upgraded":4,"win_rate":0.0,"timestamp":1608068006,"path_taken":["R","M","E","M","R","?","T","M","E","R","M","?","M","?","M","BOSS","R","?","R","E"],"items_purchased_type":[],"build_version":"2020-12-13","purchased_purges":0,"victory":false,"max_hp_per_floor":[70,70,70,70,70,70,70,70,70,80,80,80,85,85,85,85,85,85,85,85,85,85],"card_choices":[{"not_picked":["hexamod:Firestarter","hexamod:SkipABeat"],"picked":"hexamod:FlamesFromBeyond","floor":2},{"not_picked":["hexamod:RetreatToShadows","hexamod:SwordOfDarkness+1"],"picked":"hexamod:GhostLash+1","floor":3},{"not_picked":["hexamod:BurningTouch","hexamod:SkipABeat"],"picked":"hexamod:NightmareGuise","floor":4},{"not_picked":["hexamod:SwordOfDarkness+1","hexamod:FlamesFromBeyond"],"picked":"hexamod:NightmareStrike+1","floor":6},{"not_picked":["hexamod:BacktrackSmack+1","hexamod:SpectralAdrenaline"],"picked":"hexamod:SpectersWail+1","floor":8},{"not_picked":["hexamod:SkipABeat","hexamod:SwordOfDarkness+1"],"picked":"hexamod:Hexaguard","floor":9},{"not_picked":["hexamod:GhostLash+1","hexamod:InspiringFlames","hexamod:NightmareStrike+1"],"picked":"SKIP","floor":11},{"not_picked":["hexamod:GhostLash+1","hexamod:SwordOfDarkness+1"],"picked":"hexamod:HexaLevel","floor":13},{"not_picked":["hexamod:GhostShield","hexamod:GhostLash+1"],"picked":"hexamod:SpectersWail+1","floor":15},{"not_picked":["hexamod:CrushingStance+1","hexamod:SearingWound"],"picked":"hexamod:EmpoweringStance","floor":16}],"player_experience":380270,"relics_obtained":[{"floor":3,"key":"Molten Egg 2"},{"floor":9,"key":"Bag of Preparation"},{"floor":14,"key":"Potion Belt"},{"floor":19,"key":"downfall:CloakOfManyFaces"}],"event_choices":[],"is_beta":false,"boss_relics":[{"not_picked":["Astrolabe","Cursed Key"],"picked":"Pandora\u0027s Box"}],"items_purged_floors":[],"is_endless":false,"potions_floor_spawned":[6,8,11,13,15,19],"killed_by":"Gremlin Leader","ascension_level":0}}