{"host":"cnj85ejnk45ua9hx","time":1608066744,"event":{"mods":["BaseMod","Downfall","Hermit","Jorbs\u0027s Wanderer Trilogy","Luminous","Minty Spire (QoL Compilation)","Shop Mod","StSLib","The Animator","The Cursed","The Hierophant","The Servant 0.9.4"],"gold_per_floor":[99,111,111,127,158,174,174,24,40,40,94,109,94,94,107,212,262,262,262,272,372,372,383,453,480,480,480,498,598,614,632,645,645,645],"floor_reached":33,"playtime":3122,"items_purged":[],"score":319,"play_id":"52b343a9-601b-4a40-bd26-4e57d4677369","local_time":"20201215221224","is_ascension_mode":false,"campfire_choices":[{"floor":1.0,"key":"RECALL"},{"floor":8.0,"key":"REST"},{"data":"Guardian:TwinSlam","floor":18.0,"key":"SMITH"},{"floor":27,"key":"REST"}],"circlet_count":0,"master_deck":["Guardian:Strike_Guardian+1","Guardian:Strike_Guardian+1","Guardian:Strike_Guardian+1","Guardian:Defend_Guardian+1","Guardian:Defend_Guardian+1","Guardian:Defend_Guardian+1","Guardian:Defend_Guardian+1","Guardian:CurlUp","Guardian:TwinSlam+1","Guardian:AncientConstruct","Guardian:GuardianWhirl","Guardian:PiercingHide","Guardian:ShieldCharger+1","Guardian:RevengeProtocol","Guardian:PrimingBeam","Guardian:PrismaticBeam","Guardian:CrystalBeam","Guardian:Gem_Crimson","Guardian:Gem_Orange","Guardian:Gem_Fragmented","Guardian:Harden","Guardian:Gem_Lightblue","Guardian:Recover"],"relics":["Guardian:ModeShifter","Ornamental Fan","downfall:HeartBlessingBlue","downfall:HeartBlessingRed","War Paint","Tiny House","Pear","Vajra","Lizard Tail","Bottled Flame"],"acts_visited":["Exordium","TheCity"],"potions_floor_usage":[29,29,29,30,31],"damage_taken":[{"damage":1.0,"enemies":"Cultist","floor":2.0,"turns":3.0},{"damage":8.0,"enemies":"2 Louse","floor":4.0,"turns":2.0},{"damage":51.0,"enemies":"Lagavulin","floor":5.0,"turns":11.0},{"damage":1.0,"enemies":"Jaw Worm","floor":6.0,"turns":5.0},{"damage":11.0,"enemies":"Red Slaver","floor":9.0,"turns":5.0},{"damage":0.0,"enemies":"Exordium Thugs","floor":12.0,"turns":3.0},{"damage":0.0,"enemies":"downfall:FleeingMerchant","floor":13.0,"turns":4.0},{"damage":0.0,"enemies":"Exordium Wildlife","floor":15.0,"turns":4.0},{"damage":21.0,"enemies":"downfall:Watcher","floor":16.0,"turns":12.0},{"damage":17.0,"enemies":"Shell Parasite","floor":20.0,"turns":4.0},{"damage":19.0,"enemies":"Chosen and Byrds","floor":23.0,"turns":7.0},{"damage":79.0,"enemies":"Gremlin Leader","floor":25.0,"turns":7.0},{"damage":27,"enemies":"Centurion and Healer","floor":28,"turns":8},{"damage":0,"enemies":"Colosseum Nobs","floor":29,"turns":3},{"damage":11,"enemies":"Snake Plant","floor":30,"turns":4},{"damage":26,"enemies":"Chosen and Byrds","floor":31,"turns":5},{"damage":43,"enemies":"Cultist and Chosen","floor":32,"turns":7},{"damage":3,"enemies":"downfall:Silent","floor":33,"turns":1}],"seed_played":"2697262955550616664","potions_obtained":[{"floor":2.0,"key":"Fruit Juice"},{"floor":6.0,"key":"Fire Potion"},{"floor":9.0,"key":"Slimebound:ThreeZeroPotion"},{"floor":16.0,"key":"FearPotion"},{"floor":17.0,"key":"Fire Potion"},{"floor":22.0,"key":"CultistPotion"},{"floor":28,"key":"Slimebound:ThreeZeroPotion"},{"floor":29,"key":"Guardian:StasisDiscoveryPotion"},{"floor":30,"key":"Energy Potion"}],"is_trial":false,"path_per_floor":["R","M","?","M","E","M","T","R","M","?","T","M","$","?","M","B",null,"R","?","M","?","?","M","T","E","?","R","M","?","M","M","M","B"],"character_chosen":"GUARDIAN","items_purchased":[],"campfire_rested":2,"item_purchase_floors":[],"current_hp_per_floor":[88,92,93,85,34,33,33,73,62,67,67,67,67,67,67,46,113,113,113,96,96,96,77,87,8,8,44,17,17,6,45,2,0,0],"gold":645,"neow_bonus":"TEN_PERCENT_HP_BONUS","is_daily":false,"chose_seed":false,"campfire_upgraded":1,"win_rate":0.0,"timestamp":1608066744,"path_taken":["R","?","?","M","E","M","T","R","?","?","?","?","?","?","M","BOSS","R","?","M","?","?","M","T","E","?","R","M","?","M","M","M","BOSS"],"items_purchased_type":[],"build_version":"2020-12-13","purchased_purges":0,"victory":false,"max_hp_per_floor":[88,93,93,93,93,93,93,103,103,108,108,108,108,108,108,108,113,113,113,113,113,113,113,123,123,123,123,123,123,123,123,123,123,123],"card_choices":[{"not_picked":["Guardian:PrismaticBeam","Guardian:Gem_Cyan"],"picked":"Guardian:TimeBomb","floor":2.0},{"not_picked":["Guardian:BronzeArmor","Guardian:Planning"],"picked":"Guardian:Gem_White","floor":4.0},{"not_picked":["Guardian:SpikerProtocol","Guardian:Gem_Fragmented"],"picked":"Guardian:AncientConstruct","floor":5.0},{"not_picked":["Guardian:TimeBomb","Guardian:DonusPower"],"picked":"Guardian:Gem_Crimson","floor":6.0},{"not_picked":["Guardian:Suspension","Guardian:Recover"],"picked":"Guardian:GuardianWhirl","floor":9.0},{"not_picked":["Guardian:FloatingOrbs","Guardian:PrismaticBeam"],"picked":"Guardian:PiercingHide","floor":12.0},{"not_picked":["Guardian:TemporalStrike","Guardian:DonusPower"],"picked":"Guardian:ShieldCharger","floor":13.0},{"not_picked":["Guardian:TemporalShield","Guardian:Gem_Lightblue"],"picked":"Guardian:Gem_Red","floor":15.0},{"not_picked":["Guardian:SphericShield","Guardian:StasisStrike"],"picked":"Guardian:RevengeProtocol","floor":16.0},{"not_picked":["Guardian:Reroute","Guardian:ArmoredProtocol"],"picked":"Guardian:PrimingBeam","floor":17.0},{"not_picked":["Guardian:Preprogram","Guardian:Gem_Lightblue"],"picked":"Guardian:PrismaticBeam","floor":20.0},{"not_picked":["Guardian:FloatingOrbs+1","Guardian:Gem_Green"],"picked":"Guardian:CrystalBeam","floor":23.0},{"not_picked":["Guardian:Gem_Cyan","Guardian:Gem_Lightblue"],"picked":"Guardian:Gem_Crimson","floor":25.0},{"not_picked":["Guardian:PrimingBeam+1","Guardian:Preprogram+1"],"picked":"Guardian:Gem_Orange","floor":28},{"not_picked":["Guardian:BronzeArmor","Guardian:Gem_Red"],"picked":"Guardian:Gem_Fragmented","floor":29},{"not_picked":["Guardian:Gem_Crimson","Guardian:Incinerate+1"],"picked":"Guardian:Harden","floor":30},{"not_picked":["Guardian:Harden+1","Guardian:Clone"],"picked":"Guardian:Gem_Lightblue","floor":31},{"not_picked":["Guardian:Gem_Crimson","Guardian:ShieldCharger+1"],"picked":"Guardian:Recover","floor":32}],"player_experience":53245,"relics_obtained":[{"floor":5.0,"key":"Ornamental Fan"},{"floor":11.0,"key":"War Paint"},{"floor":24.0,"key":"Pear"},{"floor":25.0,"key":"Vajra"},{"floor":29,"key":"Lizard Tail"},{"floor":29,"key":"Bottled Flame"}],"event_choices":[{"cards_removed":["Guardian:TimeBomb"],"damage_healed":1.0,"max_hp_gain":0.0,"max_hp_loss":0.0,"gold_gain":0.0,"event_name":"Bonfire Elementals","player_choice":"Offered Uncommon","floor":3.0,"gold_loss":0.0,"damage_taken":0.0},{"damage_healed":0.0,"max_hp_gain":5.0,"max_hp_loss":0.0,"gold_gain":0.0,"event_name":"Big Fish","player_choice":"Donut","floor":10.0,"gold_loss":0.0,"damage_taken":0.0},{"damage_healed":0.0,"max_hp_gain":0.0,"max_hp_loss":0.0,"gold_gain":0.0,"event_name":"Ghosts","player_choice":"Ignored","floor":19.0,"gold_loss":0.0,"damage_taken":0.0},{"damage_healed":0,"gold_gain":0,"player_choice":"Simplicity","damage_taken":0,"max_hp_gain":0,"max_hp_loss":0,"event_name":"Back to Basics","floor":26,"gold_loss":0,"cards_upgraded":["Guardian:Strike_Guardian","Guardian:Strike_Guardian","Guardian:Strike_Guardian","Guardian:Defend_Guardian","Guardian:Defend_Guardian"]}],"is_beta":false,"boss_relics":[{"not_picked":["Runic Dome","Runic Pyramid"],"picked":"Tiny House"}],"items_purged_floors":[],"is_endless":false,"potions_floor_spawned":[2,6,9,16,28,29,30],"killed_by":"downfall:Silent","ascension_level":0}}