{"host":"diimjn7l8zzl9nqr","time":1608019715,"event":{"mods":["BaseMod","DeckTracker","Keyboard Shortcuts","Minty Spire (QoL Compilation)","Permanent Neow","Quick Restart","StSLib"],"gold_per_floor":[118,68,82,182,192,192,216,248,272,303,154,229,12,32,32,135,135,151,151,151,165,185,185,185,185,185],"floor_reached":25,"playtime":1027,"items_purged":["Strike_R"],"score":230,"play_id":"fc4c20c5-7aca-4a67-9304-2ad8c3dece6f","local_time":"20201215170835","is_ascension_mode":true,"campfire_choices":[{"data":"Armaments","floor":6,"key":"SMITH"},{"floor":15,"key":"REST"},{"floor":23,"key":"REST"}],"circlet_count":0,"master_deck":["Strike_R","Strike_R","Defend_R","Defend_R","Defend_R+1","Bash","Inflame","Armaments+1","Power Through+1","Spot Weakness","Body Slam","Burning Pact","Evolve","Battle Trance","True Grit","Offering","Disarm+1"],"relics":["Burning Blood","Odd Mushroom","War Paint","Centennial Puzzle","Du-Vu Doll","Medical Kit","SlaversCollar","Torii"],"acts_visited":["Exordium","TheCity"],"potions_floor_usage":[7,7],"damage_taken":[{"damage":1,"enemies":"Cultist","floor":1,"turns":3},{"damage":4,"enemies":"Small Slimes","floor":3,"turns":4},{"damage":7,"enemies":"Jaw Worm","floor":5,"turns":4},{"damage":7,"enemies":"The Mushroom Lair","floor":7,"turns":4},{"damage":34,"enemies":"Gremlin Nob","floor":8,"turns":5},{"damage":22,"enemies":"3 Sentries","floor":10,"turns":8},{"damage":0,"enemies":"Blue Slaver","floor":14,"turns":4},{"damage":24,"enemies":"Hexaghost","floor":16,"turns":12},{"damage":19,"enemies":"Shell Parasite","floor":18,"turns":5},{"damage":7,"enemies":"Chosen","floor":21,"turns":6},{"damage":32,"enemies":"Snake Plant","floor":22,"turns":6},{"damage":8,"enemies":"Shelled Parasite and Fungi","floor":25,"turns":5}],"seed_played":"4846437243538801712","potions_obtained":[{"floor":1,"key":"Fire Potion"},{"floor":3,"key":"Explosive Potion"},{"floor":14,"key":"GamblersBrew"},{"floor":16,"key":"BlessingOfTheForge"},{"floor":21,"key":"CultistPotion"},{"floor":22,"key":"Fire Potion"}],"is_trial":false,"path_per_floor":["M","?","M","?","M","R","?","E","T","E","$","?","$","M","R","B",null,"M","?","T","M","M","R","$","M"],"character_chosen":"IRONCLAD","items_purchased":["Evolve","Medical Kit","Battle Trance"],"campfire_rested":2,"item_purchase_floors":[11,13,13],"current_hp_per_floor":[72,72,72,72,71,71,70,42,42,26,26,15,15,21,42,24,72,59,43,43,42,16,37,37,29,29],"gold":185,"neow_bonus":"REMOVE_TWO","is_daily":false,"chose_seed":false,"campfire_upgraded":1,"win_rate":0.0,"timestamp":1608019715,"path_taken":["M","?","M","?","?","R","?","E","T","E","$","?","$","M","R","BOSS","M","?","?","M","M","R","?","?"],"items_purchased_type":["Card","Relic","Card"],"build_version":"2020-12-13","purchased_purges":1,"victory":false,"max_hp_per_floor":[72,72,72,72,72,72,72,72,72,72,72,72,72,72,72,72,72,72,72,72,72,72,72,72,72,72],"card_choices":[{"not_picked":["Searing Blow","Evolve"],"picked":"Inflame","floor":1},{"not_picked":["Iron Wave","Metallicize"],"picked":"Armaments","floor":3},{"not_picked":["Cleave","Combust"],"picked":"Power Through","floor":5},{"not_picked":["Reckless Charge","Headbutt"],"picked":"Spot Weakness","floor":7},{"not_picked":["Pommel Strike","Juggernaut"],"picked":"Body Slam","floor":8},{"not_picked":["Metallicize","Havoc"],"picked":"Burning Pact","floor":10},{"not_picked":["Pummel","Inflame"],"picked":"True Grit","floor":14},{"not_picked":["Juggernaut","Immolate"],"picked":"Offering","floor":16},{"not_picked":["Clothesline+1","Combust","Perfected Strike+1"],"picked":"SKIP","floor":18},{"not_picked":["Heavy Blade","Sword Boomerang","Armaments"],"picked":"SKIP","floor":21},{"not_picked":["Iron Wave","Power Through"],"picked":"Disarm+1","floor":22}],"player_experience":88519,"relics_obtained":[{"floor":7,"key":"Odd Mushroom"},{"floor":8,"key":"War Paint"},{"floor":9,"key":"Centennial Puzzle"},{"floor":10,"key":"Du-Vu Doll"},{"floor":20,"key":"Torii"}],"event_choices":[{"cards_removed":["Strike_R"],"damage_healed":0,"gold_gain":0,"player_choice":"Card Removal","damage_taken":0,"max_hp_gain":0,"max_hp_loss":0,"event_name":"The Cleric","floor":2,"gold_loss":50},{"damage_healed":0,"gold_gain":100,"player_choice":"Pray","damage_taken":0,"max_hp_gain":0,"max_hp_loss":0,"event_name":"Golden Shrine","floor":4,"gold_loss":0},{"damage_healed":0,"gold_gain":0,"player_choice":"Fought Mushrooms","damage_taken":0,"max_hp_gain":0,"max_hp_loss":0,"event_name":"Mushrooms","floor":7,"gold_loss":0},{"damage_healed":0,"gold_gain":75,"player_choice":"Gather Gold","damage_taken":11,"max_hp_gain":0,"max_hp_loss":0,"event_name":"World of Goop","floor":12,"gold_loss":0},{"damage_healed":0,"gold_gain":0,"player_choice":"Obtained Book","damage_taken":16,"max_hp_gain":0,"max_hp_loss":0,"event_name":"Cursed Tome","floor":19,"gold_loss":0}],"is_beta":false,"boss_relics":[{"not_picked":["Tiny House","Pandora\u0027s Box"],"picked":"SlaversCollar"}],"items_purged_floors":[11],"is_endless":false,"potions_floor_spawned":[1,3,14,16,21,22],"killed_by":"Shelled Parasite and Fungi","ascension_level":2}}