{"host":"9v3x998ddbx8o276","time":1608000884,"event":{"mods":["AchievementEnabler","BaseMod","Colored Map","Highlight Path","Minty Spire (QoL Compilation)","Quick Restart","Rare Cards Sparkle"],"gold_per_floor":[109,109,125,145,145,145,179,179,179,18,43,54,0,30,30,102,102,117,117,136,136,136],"floor_reached":21,"playtime":896,"items_purged":[],"score":519,"play_id":"160144e9-1c0b-4b2d-830a-afb6681f96b9","local_time":"20201215132444","is_ascension_mode":true,"campfire_choices":[{"data":"Ball Lightning","floor":6,"key":"SMITH"},{"floor":8,"key":"REST"},{"floor":15,"key":"REST"}],"circlet_count":0,"master_deck":["AscendersBane","Strike_B","Strike_B","Strike_B","Strike_B","Defend_B","Defend_B","Defend_B","Defend_B","Zap","Dualcast","Ball Lightning+1","Sunder","Glacier","Sweeping Beam+1","Loop","Capacitor","Amplify","Ball Lightning","Fission","Leap"],"relics":["Cracked Core","Singing Bowl","The Courier","PreservedInsect","Blood Vial","Gremlin Horn","Black Star"],"acts_visited":["Exordium","TheCity"],"potions_floor_usage":[11,16,16,20],"damage_taken":[{"damage":2,"enemies":"Jaw Worm","floor":1,"turns":3},{"damage":0,"enemies":"2 Louse","floor":3,"turns":1},{"damage":2,"enemies":"Cultist","floor":4,"turns":4},{"damage":39,"enemies":"Gremlin Nob","floor":7,"turns":5},{"damage":5,"enemies":"Lagavulin","floor":11,"turns":7},{"damage":8,"enemies":"Blue Slaver","floor":12,"turns":4},{"damage":21,"enemies":"3 Sentries","floor":14,"turns":5},{"damage":0,"enemies":"Slime Boss","floor":16,"turns":7},{"damage":39,"enemies":"3 Byrds","floor":18,"turns":5},{"damage":28,"enemies":"Spheric Guardian","floor":20,"turns":4},{"damage":21,"enemies":"Snake Plant","floor":21,"turns":3}],"seed_played":"3224494565421320550","potions_obtained":[{"floor":1,"key":"FocusPotion"},{"floor":4,"key":"Block Potion"},{"floor":11,"key":"Fruit Juice"},{"floor":14,"key":"SkillPotion"},{"floor":20,"key":"Fruit Juice"}],"is_trial":false,"path_per_floor":["M","?","M","M","?","R","E","R","T","$","E","M","?","E","R","B",null,"M","?","M","M"],"character_chosen":"DEFECT","items_purchased":["PreservedInsect","Capacitor"],"campfire_rested":2,"item_purchase_floors":[10,10],"current_hp_per_floor":[62,67,67,65,65,65,26,48,48,48,48,42,42,25,49,51,75,40,40,19,0,0],"gold":136,"neow_bonus":"THREE_CARDS","is_daily":false,"chose_seed":false,"campfire_upgraded":1,"win_rate":0.0,"timestamp":1608000884,"path_taken":["M","?","M","M","?","R","E","R","T","$","E","?","?","E","R","BOSS","M","?","M","M"],"items_purchased_type":["Relic","Card"],"build_version":"2020-12-13","purchased_purges":0,"victory":false,"max_hp_per_floor":[71,76,76,76,76,76,76,76,76,76,81,81,81,83,83,83,83,85,85,90,90,90],"card_choices":[{"not_picked":["Go for the Eyes","Glacier"],"picked":"Ball Lightning","floor":0},{"not_picked":["Fusion","Streamline"],"picked":"Sunder","floor":1},{"not_picked":["Turbo","Beam Cell"],"picked":"Glacier","floor":3},{"not_picked":["Lockon","Conserve Battery"],"picked":"Sweeping Beam","floor":4},{"not_picked":["Beam Cell","Hologram"],"picked":"Loop","floor":7},{"not_picked":["Static Discharge","Go for the Eyes"],"picked":"Amplify","floor":11},{"not_picked":["Steam","Conserve Battery"],"picked":"Ball Lightning","floor":12},{"not_picked":["Conserve Battery","Hello World","Gash"],"picked":"Singing Bowl","floor":14},{"not_picked":["Meteor Strike","Rainbow"],"picked":"Fission","floor":16},{"not_picked":["Cold Snap","Scrape","Stack"],"picked":"Singing Bowl","floor":18},{"not_picked":["Steam","Sweeping Beam"],"picked":"Leap","floor":20}],"player_experience":2029880,"relics_obtained":[{"floor":7,"key":"Singing Bowl"},{"floor":9,"key":"The Courier"},{"floor":11,"key":"Blood Vial"},{"floor":14,"key":"Gremlin Horn"}],"event_choices":[{"damage_healed":0,"gold_gain":0,"player_choice":"Donut","damage_taken":0,"max_hp_gain":5,"max_hp_loss":0,"event_name":"Big Fish","floor":2,"gold_loss":0},{"damage_healed":0,"gold_gain":0,"player_choice":"Upgraded","damage_taken":0,"max_hp_gain":0,"max_hp_loss":0,"event_name":"Upgrade Shrine","floor":5,"gold_loss":0,"cards_upgraded":["Sweeping Beam"]},{"damage_healed":0,"gold_gain":0,"player_choice":"Left Gold","damage_taken":0,"max_hp_gain":0,"max_hp_loss":0,"event_name":"World of Goop","floor":13,"gold_loss":54},{"damage_healed":0,"gold_gain":0,"player_choice":"Ignored","damage_taken":0,"max_hp_gain":0,"max_hp_loss":0,"event_name":"Ghosts","floor":19,"gold_loss":0}],"is_beta":false,"boss_relics":[{"not_picked":["Snecko Eye","SacredBark"],"picked":"Black Star"}],"items_purged_floors":[],"is_endless":false,"potions_floor_spawned":[1,4,11,14,20],"killed_by":"Snake Plant","ascension_level":20}}