{"host":"nn0usk9aafse27ii","time":1608046674,"event":{"mods":["Act Like it!","BaseMod","Colored Map","Highlight Path","Minty Spire (QoL Compilation)","Replay The Spire","Shop Mod","StSLib"],"gold_per_floor":[109,127,140,150,24,24,39,39,66,85,118,118,118,132,132,232,232,243,260,260,278,278,278,293,293],"floor_reached":24,"playtime":2023,"items_purged":[],"score":200,"play_id":"f525e0a4-0a5b-441c-9ecc-29280e16e54b","local_time":"20201215073754","is_ascension_mode":false,"campfire_choices":[{"data":"ReplayTheSpireMod:LeadingStrike","floor":6.0,"key":"SMITH"},{"data":"Combust","floor":8.0,"key":"SMITH"},{"data":"Rupture","floor":13.0,"key":"SMITH"},{"data":"Seeing Red","floor":15.0,"key":"SMITH"},{"floor":23,"key":"REST"}],"circlet_count":0,"master_deck":["Strike_R","Strike_R","Strike_R","Strike_R","Strike_R","Defend_R","Defend_R","Defend_R+1","Defend_R+1","Bash","Reaper","Inflame","Combust+1","ReplayTheSpireMod:LeadingStrike+1","Flex","Rupture+1","Seeing Red+1","Limit Break","Seeing Red+1","Defy Death","Hemogenesis","Cleave","Iron Wave+1","Shrug It Off+1","Sickly"],"relics":["Burning Blood","Nunchaku","Simple Rune","Philosopher\u0027s Stone","ReplayTheSpireMod:Ring of Challenge"],"acts_visited":["Exordium","TheCity"],"potions_floor_usage":[18,18,19,21],"damage_taken":[{"damage":1.0,"enemies":"Cultist","floor":1.0,"turns":3.0},{"damage":12.0,"enemies":"2 Louse","floor":2.0,"turns":3.0},{"damage":12.0,"enemies":"Jaw Worm","floor":3.0,"turns":4.0},{"damage":22.0,"enemies":"Looter","floor":4.0,"turns":3.0},{"damage":16.0,"enemies":"3 Louse","floor":7.0,"turns":4.0},{"damage":11.0,"enemies":"Lots of Slimes","floor":10.0,"turns":3.0},{"damage":29.0,"enemies":"Lagavulin","floor":11.0,"turns":6.0},{"damage":2.0,"enemies":"2 Fungi Beasts","floor":14.0,"turns":4.0},{"damage":18.0,"enemies":"The Guardian","floor":16.0,"turns":7.0},{"damage":38,"enemies":"2 Thieves","floor":18,"turns":5},{"damage":28,"enemies":"Shell Parasite","floor":19,"turns":6},{"damage":49,"enemies":"Centurion and Healer","floor":21,"turns":6},{"damage":54,"enemies":"Shelled Parasite and Fungi","floor":24,"turns":3}],"seed_played":"4686580215230588809","potions_obtained":[{"floor":10.0,"key":"Explosive Potion"},{"floor":11.0,"key":"Energy Potion"},{"floor":12.0,"key":"Fruit Juice"},{"floor":12.0,"key":"Block Potion"},{"floor":12.0,"key":"Adrenaline Potion"},{"floor":16.0,"key":"Regen Potion"},{"floor":18,"key":"Toxic Potion"}],"is_trial":false,"path_per_floor":["M","M","M","M","$","R","M","R","T","M","E","?","R","M","R","B",null,"M","M","?","M","?","R","M"],"character_chosen":"IRONCLAD","items_purchased":["Rupture","Seeing Red+1"],"campfire_rested":1,"item_purchase_floors":[5,5],"current_hp_per_floor":[80,80,74,62,62,62,64,64,64,75,60,65,65,77,77,71,85,53,36,36,27,27,52,0,0],"gold":293,"neow_bonus":"ONE_RANDOM_RARE_CARD","is_daily":false,"chose_seed":false,"campfire_upgraded":4,"win_rate":0.0,"timestamp":1608046674,"path_taken":["M","M","M","M","$","R","?","R","T","M","E","?","R","M","R","BOSS","M","?","?","M","?","R","M"],"items_purchased_type":["Card","Card"],"build_version":"2020-12-13","purchased_purges":0,"victory":false,"max_hp_per_floor":[80,80,80,80,80,80,80,80,80,80,80,85,85,85,85,85,85,85,85,85,85,85,85,85,85],"card_choices":[{"not_picked":["Clash","Twin Strike"],"picked":"Inflame","floor":1.0},{"not_picked":["Pommel Strike","Evolve"],"picked":"Combust","floor":2.0},{"not_picked":["Armaments","Pommel Strike"],"picked":"ReplayTheSpireMod:LeadingStrike","floor":3.0},{"not_picked":["Dropkick","Power Through"],"picked":"Flex","floor":4.0},{"not_picked":["Wild Strike","ReplayTheSpireMod:Corrosion Curse","Clash"],"picked":"SKIP","floor":7.0},{"not_picked":["True Grit","Feel No Pain"],"picked":"Limit Break","floor":10.0},{"not_picked":["Perfected Strike","Clothesline"],"picked":"Seeing Red","floor":11.0},{"not_picked":["Shrug It Off","Warcry"],"picked":"Defy Death","floor":14.0},{"not_picked":["Replay:Many Hands","Fiend Fire"],"picked":"Hemogenesis","floor":16.0},{"not_picked":["Headbutt","Pommel Strike"],"picked":"Cleave","floor":18},{"not_picked":["Pommel Strike","Warcry"],"picked":"Iron Wave+1","floor":19},{"not_picked":["Metallicize","Dark Embrace"],"picked":"Shrug It Off+1","floor":21}],"player_experience":266458,"relics_obtained":[{"floor":9.0,"key":"Nunchaku"},{"floor":11.0,"key":"Simple Rune"},{"floor":22,"key":"ReplayTheSpireMod:Ring of Challenge"}],"event_choices":[{"damage_healed":0.0,"max_hp_gain":0.0,"max_hp_loss":0.0,"gold_gain":0.0,"event_name":"Lab","player_choice":"Got Potions","floor":12.0,"gold_loss":0.0,"damage_taken":0.0},{"damage_healed":0,"gold_gain":0,"player_choice":"Ignored","damage_taken":0,"max_hp_gain":0,"max_hp_loss":0,"event_name":"Vampires","floor":20,"gold_loss":0}],"is_beta":false,"boss_relics":[{"not_picked":["Runic Dome","Pandora\u0027s Box"],"picked":"Philosopher\u0027s Stone"}],"items_purged_floors":[],"is_endless":false,"potions_floor_spawned":[10,11,14,16,18],"killed_by":"Shelled Parasite and Fungi","ascension_level":0}}