{"host":"yw3evqd6vz25gg9c","time":1608024550,"event":{"mods":["2.2 Compatiblity","BaseMod","Custom Start","Downfall","Minty Spire (QoL Compilation)","Replay The Spire","StSLib","slay the spire mod where everything is the same but ironclad has a cowboy hat"],"gold_per_floor":[99,99,99,127,127,158,158,83,132,53,66,66,3,3,15,115,127,229,279,279,298,298,298,315,333,343,403,403,417,436,436,454,504,173,193,207,311,311,311,322,391,456,197,211,234,259,274,124,22,72,136,150,166,166,166,201,7,7,17],"floor_reached":60,"playtime":6220,"items_purged":["champ:Execute","champ:Strike"],"score":1317,"play_id":"7b7b32b5-6000-424a-b6a5-7061d9c4094d","local_time":"20201215022910","is_ascension_mode":false,"campfire_choices":[{"floor":1.0,"key":"RECALL"},{"data":"champ:FanOfKnives","floor":8.0,"key":"SMITH"},{"data":"champ:FalseCounter","floor":12.0,"key":"SMITH"},{"floor":20.0,"key":"DIG"},{"floor":31.0,"key":"REST"},{"floor":39.0,"key":"DIG"},{"floor":48,"key":"REST"},{"floor":58,"key":"REST"}],"circlet_count":0,"master_deck":["champ:Strike","champ:Strike+1","champ:Strike","champ:Defend","champ:Defend+1","champ:Defend","champ:Defend+1","champ:Taunt+1","champ:FanOfKnives+1","champ:FocusedGladiator","champ:FalseCounter+1","champ:PreciseThrust","champ:IronFortress","champ:Haymaker","champ:BladeFlurry","DevaForm+1","champ:StanceDance","champ:PreciseThrust","champ:GladiatorsShout","champ:CheapShot","champ:StanceDance","champ:FlashCut","champ:FanOfKnives+1","champ:RisingSlash","champ:VampiricStrike","champ:CheapShot","champ:Haymaker+1","champ:Riposte+1","champ:IgnorePain","expansioncontent:AwakenDeath"],"relics":["champ:ChampionCrown","downfall:HeartsMalice","Replay:Rubber Ducky","Replay:WaspNest","champ:LiftRelic","downfall:HeartBlessingRed","Orichalcum","downfall:CloakOfManyFaces","CultistMask","FaceOfCleric","NlothsMask","GremlinMask","SsserpentHead","Tiny House","Singing Bowl","Replay:Bottled Steam","champ:ChampionCrownUpgraded","Boot","PreservedInsect","MealTicket","downfall:HeartBlessingBlue","downfall:HeartBlessingGreen","Bronze Scales","Kunai","Replay:Bandana"],"acts_visited":["Exordium","TheCity","TheBeyond","TheEnding"],"potions_floor_usage":[47,54,59,59,59,59,59],"damage_taken":[{"damage":0.0,"enemies":"Lagavulin","floor":4.0,"turns":1.0},{"damage":0.0,"enemies":"Gremlin Nob","floor":6.0,"turns":1.0},{"damage":0.0,"enemies":"downfall:FleeingMerchant","floor":10.0,"turns":1.0},{"damage":5.0,"enemies":"Jaw Worm","floor":11.0,"turns":2.0},{"damage":8.0,"enemies":"downfall:FleeingMerchant","floor":13.0,"turns":4.0},{"damage":0.0,"enemies":"Small Slimes","floor":15.0,"turns":3.0},{"damage":5.0,"enemies":"downfall:FaceTrader","floor":16.0,"turns":5.0},{"damage":0.0,"enemies":"Cultist","floor":17.0,"turns":3.0},{"damage":19.0,"enemies":"downfall:Defect","floor":18.0,"turns":6.0},{"damage":10.0,"enemies":"Shell Parasite","floor":21.0,"turns":4.0},{"damage":35.0,"enemies":"Cultist and Chosen","floor":24.0,"turns":7.0},{"damage":15.0,"enemies":"Centurion and Healer","floor":25.0,"turns":6.0},{"damage":15.0,"enemies":"Shelled Parasite and Fungi","floor":26.0,"turns":5.0},{"damage":6.0,"enemies":"Snake Plant","floor":27.0,"turns":5.0},{"damage":8.0,"enemies":"3 Cultists","floor":29.0,"turns":5.0},{"damage":8.0,"enemies":"Centurion and Healer","floor":30.0,"turns":6.0},{"damage":15.0,"enemies":"Snecko","floor":32.0,"turns":4.0},{"damage":8.0,"enemies":"downfall:FleeingMerchant","floor":34.0,"turns":5.0},{"damage":8.0,"enemies":"Chosen and Byrds","floor":35.0,"turns":4.0},{"damage":0.0,"enemies":"Centurion and Healer","floor":36.0,"turns":5.0},{"damage":31.0,"enemies":"downfall:Silent","floor":37.0,"turns":6.0},{"damage":14.0,"enemies":"Orb Walker","floor":40.0,"turns":5.0},{"damage":34.0,"enemies":"3 Darklings","floor":41.0,"turns":4.0},{"damage":58.0,"enemies":"Spire Growth","floor":42.0,"turns":5.0},{"damage":14.0,"enemies":"downfall:FleeingMerchant","floor":43.0,"turns":4.0},{"damage":30,"enemies":"Jaw Worm Horde","floor":44,"turns":4},{"damage":47,"enemies":"Reptomancer","floor":46,"turns":6},{"damage":19,"enemies":"4 Shapes","floor":47,"turns":7},{"damage":3,"enemies":"downfall:FleeingMerchant","floor":49,"turns":5},{"damage":18,"enemies":"Maw","floor":51,"turns":7},{"damage":24,"enemies":"Spire Growth","floor":52,"turns":6},{"damage":53,"enemies":"4 Shapes","floor":53,"turns":8},{"damage":50,"enemies":"downfall:Ironclad","floor":54,"turns":10},{"damage":164,"enemies":"downfall:CharBossMerchant","floor":56,"turns":10},{"damage":187,"enemies":"downfall:NeowBoss","floor":59,"turns":25}],"seed_played":"2137248985900439955","potions_obtained":[{"floor":11.0,"key":"Adrenaline Potion"},{"floor":15.0,"key":"BlessingOfTheForge"},{"floor":16.0,"key":"Dexterity Potion"},{"floor":17.0,"key":"Fruit Juice"},{"floor":19.0,"key":"Swift Potion"},{"floor":24.0,"key":"Fire Potion"},{"floor":25.0,"key":"Swift Potion"},{"floor":27.0,"key":"hexamod:EctoCoolerPotion"},{"floor":30.0,"key":"champ:CounterPotion"},{"floor":33.0,"key":"SneckoOil"},{"floor":33.0,"key":"FearPotion"},{"floor":35.0,"key":"EssenceOfSteel"},{"floor":37.0,"key":"EssenceOfSteel"},{"floor":42.0,"key":"PowerPotion"},{"floor":46,"key":"LiquidBronze"},{"floor":51,"key":"SteroidPotion"},{"floor":53,"key":"sneckomod:MuddlingPotion"},{"floor":56,"key":"LiquidMemories"}],"is_trial":false,"path_per_floor":["R","PTL","PTL","E","?","E","?","R","T","$","M","R","$","?","M","?","M","B",null,"R","M","PTL","PTL","M","M","M","M","T","M","M","R","M","?","$","M","M","B",null,"R","M","M","M","$","M","T","E","M","R","$","?","M","M","M","B",null,"E","$","R","B",null],"character_chosen":"THE_CHAMP","items_purchased":["champ:PreciseThrust","champ:BladeFlurry","Replay:Bottled Steam","PreservedInsect","Bronze Scales","Kunai","champ:Riposte+1","Adrenaline Potion","EntropicBrew","expansioncontent:AwakenDeath"],"campfire_rested":3,"item_purchase_floors":[10,13,34,43,49,49,49,49,57,57],"current_hp_per_floor":[90,90,90,90,90,90,90,90,90,90,88,88,85,85,85,85,91,76,102,102,100,100,100,71,67,60,57,57,50,43,78,66,66,67,79,96,82,128,128,131,103,55,63,46,46,15,21,78,110,110,131,133,102,91,170,30,45,96,36],"gold":17,"neow_bonus":"THREE_ENEMY_KILL","is_daily":false,"chose_seed":false,"campfire_upgraded":2,"win_rate":0.0,"timestamp":1608024550,"path_taken":["R","PTL","PTL","E","?","E","?","R","T","?","?","R","$","?","?","?","M","BOSS","R","M","PTL","PTL","M","M","M","?","T","M","M","R","M","?","$","M","M","BOSS","R","M","?","?","$","M","T","E","M","R","?","?","?","M","M","BOSS","E","$","R","BOSS"],"items_purchased_type":["Card","Card","Relic","Relic","Relic","Relic","Card","Potion","Potion","Card"],"build_version":"2020-12-13","purchased_purges":2,"victory":true,"max_hp_per_floor":[90,90,90,90,90,90,90,90,90,90,90,90,90,90,90,90,96,97,102,102,105,105,105,106,109,112,115,115,116,117,117,120,120,121,124,127,128,128,128,131,134,135,138,141,141,144,147,157,160,160,163,166,169,170,170,171,171,171,172],"card_choices":[{"not_picked":["champ:Circumvent","champ:Encircle"],"picked":"champ:FanOfKnives","floor":4.0},{"not_picked":["champ:CrownThrow","champ:DefensiveShout"],"picked":"champ:FocusedGladiator","floor":6.0},{"not_picked":["champ:DeathBlow","champ:RecklessLeap"],"picked":"champ:FalseCounter","floor":10.0},{"not_picked":["champ:BerserkersShout","champ:RisingSlash"],"picked":"champ:IronFortress","floor":11.0},{"not_picked":["champ:MurderStrike","champ:TornadoPunch"],"picked":"champ:Haymaker","floor":13.0},{"not_picked":["champ:DefensiveShout","champ:BerserkerStyle"],"picked":"champ:StanceDance","floor":15.0},{"not_picked":["champ:DeathBlow","champ:BerserkersShout"],"picked":"champ:PreciseThrust","floor":16.0},{"not_picked":["champ:BerserkersShout","champ:DeathBlow"],"picked":"champ:GladiatorsShout","floor":17.0},{"not_picked":["champ:DancingMaster","champ:StrikeOfGenius"],"picked":"champ:CheapShot","floor":18.0},{"not_picked":["champ:GutPunch","champ:Circumvent"],"picked":"champ:StanceDance","floor":19.0},{"not_picked":["champ:BringItOn","champ:RecklessLeap+1","champ:AdrenalArmor"],"picked":"Singing Bowl","floor":21.0},{"not_picked":["champ:DefensiveShout","champ:ViciousMockery+1"],"picked":"champ:FlashCut","floor":24.0},{"not_picked":["champ:RapidStrikes","champ:PerfectedStrike+1","champ:FanOfKnives"],"picked":"Singing Bowl","floor":25.0},{"not_picked":["champ:ShieldWall","champ:Encircle+1","champ:DefensiveShout"],"picked":"Singing Bowl","floor":26.0},{"not_picked":["champ:PreciseThrust","champ:CrookedStrike","champ:FlashCut"],"picked":"Singing Bowl","floor":27.0},{"not_picked":["champ:FalseCounter","champ:DefensiveShout"],"picked":"champ:FanOfKnives+1","floor":29.0},{"not_picked":["champ:BladeFlurry","champ:FalseCounter+1"],"picked":"champ:RisingSlash","floor":30.0},{"not_picked":["champ:BerserkersShout","champ:Circumvent","champ:EndlessRage"],"picked":"Singing Bowl","floor":32.0},{"not_picked":["champ:BladeFlurry","champ:PerfectedStrike+1"],"picked":"champ:VampiricStrike","floor":34.0},{"not_picked":["champ:RapidStrikes+1","champ:FlashCut","champ:BringItOn"],"picked":"Singing Bowl","floor":35.0},{"not_picked":["champ:Encircle","champ:BladeFlurry+1","champ:BerserkerStyle"],"picked":"Singing Bowl","floor":36.0},{"not_picked":["champ:DancingMaster","champ:Improvising"],"picked":"champ:CheapShot","floor":37.0},{"not_picked":["champ:BerserkersShout","champ:GladiatorsShout","champ:BringItOn"],"picked":"Singing Bowl","floor":40.0},{"not_picked":["champ:EnGarde+1","champ:DefensiveStyle","champ:Circumvent"],"picked":"Singing Bowl","floor":41.0},{"not_picked":["champ:HeartStrike","champ:CrookedStrike"],"picked":"champ:Haymaker+1","floor":42.0},{"not_picked":["champ:Circumvent+1","champ:Riposte+1","champ:DefensiveShout"],"picked":"Singing Bowl","floor":43.0},{"not_picked":["champ:CrookedStrike","champ:Backstep+1","champ:PreciseThrust+1"],"picked":"Singing Bowl","floor":44},{"not_picked":["champ:BerserkersShout+1","champ:FanOfKnives+1","champ:GladiatorsShout+1"],"picked":"Singing Bowl","floor":46},{"not_picked":["champ:DefensiveShout","champ:Backstep","champ:Circumvent+1"],"picked":"Singing Bowl","floor":47},{"not_picked":["champ:EnGarde+1","champ:CrookedStrike+1","champ:GladiatorsShout+1"],"picked":"Singing Bowl","floor":49},{"not_picked":["champ:GladiatorsShout","champ:DefensiveShout+1","champ:StrikeOfGenius"],"picked":"Singing Bowl","floor":51},{"not_picked":["champ:GladiatorsShout+1","champ:BringItOn","champ:BerserkersShout"],"picked":"Singing Bowl","floor":52},{"not_picked":["champ:Circumvent","champ:Encircle+1","champ:FanOfKnives"],"picked":"Singing Bowl","floor":53},{"not_picked":["champ:Encircle","champ:RapidStrikes"],"picked":"champ:IgnorePain","floor":56}],"player_experience":139405,"relics_obtained":[{"floor":4.0,"key":"Replay:Rubber Ducky"},{"floor":6.0,"key":"Replay:WaspNest"},{"floor":9.0,"key":"Orichalcum"},{"floor":16.0,"key":"downfall:CloakOfManyFaces"},{"floor":20.0,"key":"Singing Bowl"},{"floor":39.0,"key":"Boot"},{"floor":46,"key":"MealTicket"},{"floor":56,"key":"Replay:Bandana"}],"event_choices":[{"cards_removed":["Regret"],"damage_healed":0.0,"max_hp_gain":0.0,"max_hp_loss":0.0,"gold_gain":0.0,"event_name":"NoteForYourself","player_choice":"Took Card","floor":14.0,"gold_loss":0.0,"damage_taken":0.0,"cards_obtained":["DevaForm"]},{"damage_healed":0.0,"max_hp_gain":0.0,"max_hp_loss":0.0,"gold_gain":0.0,"event_name":"Lab","player_choice":"Got Potions","floor":33.0,"gold_loss":0.0,"damage_taken":0.0},{"damage_healed":0,"gold_gain":0,"player_choice":"Forge","damage_taken":0,"max_hp_gain":0,"max_hp_loss":0,"event_name":"Accursed Blacksmith","floor":50,"gold_loss":0,"cards_upgraded":["DevaForm"]}],"is_beta":false,"boss_relics":[{"not_picked":["Honey Jar","Fusion Hammer"],"picked":"Tiny House"},{"not_picked":["SlaversCollar","Sozu"],"picked":"champ:ChampionCrownUpgraded"}],"items_purged_floors":[34,43],"is_endless":false,"potions_floor_spawned":[11,15,16,17,24,25,27,30,35,37,42,46,51,53,56],"ascension_level":0}}