{"host":"e9x02d116nyd6j9y","time":1608044015,"event":{"mods":["BaseMod","Minty Spire (QoL Compilation)","StSLib","SuperFastMode","The Cursed","everything is the same but u backflip on backflip"],"gold_per_floor":[118,118,118,193,39,39,64,64,64,82,82,144,144,174,186,198,198],"floor_reached":16,"playtime":464,"items_purged":[],"score":86,"play_id":"c87bf926-2779-4577-be3b-4a8000284fc1","local_time":"20201215235335","is_ascension_mode":false,"campfire_choices":[{"floor":6,"key":"REST"},{"data":"Entrench","floor":8,"key":"SMITH"},{"data":"Body Slam","floor":11,"key":"SMITH"},{"floor":15,"key":"DIG"}],"circlet_count":0,"master_deck":["Strike_R","Strike_R","Strike_R","Strike_R+1","Strike_R","Defend_R","Defend_R","Defend_R","Defend_R+1","Bash","Entrench+1","Body Slam+1","Rage","Iron Wave"],"relics":["Burning Blood","Bag of Marbles","MealTicket","InkBottle","Shovel","MawBank","Meat on the Bone"],"acts_visited":["Exordium"],"potions_floor_usage":[16],"damage_taken":[{"damage":8,"enemies":"2 Louse","floor":1,"turns":3},{"damage":5,"enemies":"Small Slimes","floor":10,"turns":3},{"damage":9,"enemies":"Gremlin Nob","floor":12,"turns":4},{"damage":1,"enemies":"Jaw Worm","floor":14,"turns":2},{"damage":72,"enemies":"The Guardian","floor":16,"turns":12}],"seed_played":"-8769508826622833366","potions_obtained":[{"floor":12,"key":"SpeedPotion"}],"is_trial":false,"path_per_floor":["M","?","?","?","$","R","T","R","T","M","R","?","?","M","R","B"],"character_chosen":"IRONCLAD","items_purchased":["Bag of Marbles"],"campfire_rested":1,"item_purchase_floors":[5],"current_hp_per_floor":[86,91,72,61,61,88,88,88,88,89,89,86,68,73,73,1,1],"gold":198,"neow_bonus":"TEN_PERCENT_HP_BONUS","is_daily":false,"chose_seed":false,"campfire_upgraded":2,"win_rate":0.0,"timestamp":1608044015,"path_taken":["M","?","?","?","$","R","?","R","T","?","R","?","?","M","R","BOSS"],"items_purchased_type":["Relic"],"build_version":"2020-12-13","purchased_purges":0,"victory":false,"max_hp_per_floor":[88,93,93,93,93,93,93,93,93,93,93,93,93,93,93,93,93],"card_choices":[{"not_picked":["Flex","Rampage"],"picked":"Entrench","floor":1},{"not_picked":["Twin Strike","Flame Barrier"],"picked":"Body Slam","floor":10},{"not_picked":["Twin Strike","Wild Strike"],"picked":"Rage","floor":12},{"not_picked":["Anger","Pommel Strike"],"picked":"Iron Wave","floor":14}],"player_experience":18331,"relics_obtained":[{"floor":7,"key":"MealTicket"},{"floor":9,"key":"InkBottle"},{"floor":12,"key":"Shovel"},{"floor":15,"key":"Meat on the Bone"}],"event_choices":[{"damage_healed":0,"gold_gain":0,"player_choice":"Donut","damage_taken":0,"max_hp_gain":5,"max_hp_loss":0,"event_name":"Big Fish","floor":2,"gold_loss":0},{"damage_healed":0,"gold_gain":0,"player_choice":"Entered Light","damage_taken":19,"max_hp_gain":0,"max_hp_loss":0,"event_name":"Shining Light","floor":3,"gold_loss":0,"cards_upgraded":["Strike_R","Defend_R"]},{"damage_healed":0,"gold_gain":75,"player_choice":"Gather Gold","damage_taken":11,"max_hp_gain":0,"max_hp_loss":0,"event_name":"World of Goop","floor":4,"gold_loss":0},{"damage_healed":0,"gold_gain":0,"player_choice":"Searched \u00271\u0027 times","damage_taken":0,"max_hp_gain":0,"max_hp_loss":0,"event_name":"Dead Adventurer","floor":12,"gold_loss":0},{"damage_healed":0,"gold_gain":0,"player_choice":"Success","damage_taken":18,"relics_obtained":["MawBank"],"max_hp_gain":0,"max_hp_loss":0,"event_name":"Scrap Ooze","floor":13,"gold_loss":0}],"is_beta":false,"boss_relics":[],"items_purged_floors":[],"is_endless":false,"potions_floor_spawned":[12],"killed_by":"The Guardian","ascension_level":0}}