{"host":"7z9w9s73v2jobm2z","time":1608002165,"event":{"mods":["AchievementEnabler","BaseMod","Colored Map","Colored Powertips","Custom Start","Minty Spire (QoL Compilation)","Quick Restart","Rare Cards Sparkle","Relic Stats","StSLib"],"gold_per_floor":[10,24,42,42,60,60,95,113,136,61,61,79,142,157,157,260,260,275,275,290,121,131,157,157,192,216,235,263,263,47,59,59,164,164,181,199,199,79,79,79,91,91,136,136,171,191,191,201,201,201,201],"floor_reached":50,"playtime":2589,"items_purged":["Strike_R","Strike_R+1","Bash","Inflame"],"score":694,"play_id":"3597da37-7c43-4883-88da-320a6e5e3f19","local_time":"20201214221605","is_ascension_mode":true,"campfire_choices":[{"data":"Body Slam","floor":6.0,"key":"SMITH"},{"floor":11.0,"key":"REST"},{"floor":15.0,"key":"REST"},{"data":"Entrench","floor":24.0,"key":"SMITH"},{"floor":32.0,"key":"REST"},{"data":"Madness","floor":40.0,"key":"SMITH"},{"data":"Flame Barrier","floor":42.0,"key":"SMITH"},{"floor":44.0,"key":"REST"},{"floor":49.0,"key":"REST"}],"circlet_count":0,"master_deck":["Defend_R+1","Defend_R+1","Defend_R+1","Headbutt+1","Body Slam+1","Metallicize+1","Battle Trance+1","Entrench+1","Headbutt+1","Body Slam+1","Ghostly Armor+1","Juggernaut+1","True Grit+1","Headbutt+1","Flame Barrier+1","Fire Breathing+1","True Grit+1","Armaments+1","Madness+1","Madness+1"],"relics":["Burning Blood","Prayer Wheel","Frozen Egg 2","Blood Vial","The Courier","Busted Crown","Charon\u0027s Ashes","Nunchaku","Bronze Scales","Red Mask","Art of War","Empty Cage","Dream Catcher","MealTicket","Mark of the Bloom"],"acts_visited":["Exordium","TheCity","TheBeyond"],"potions_floor_usage":[],"damage_taken":[{"damage":6.0,"enemies":"Cultist","floor":1.0,"turns":4.0},{"damage":14.0,"enemies":"Small Slimes","floor":2.0,"turns":5.0},{"damage":2.0,"enemies":"Jaw Worm","floor":3.0,"turns":3.0},{"damage":12.0,"enemies":"Looter","floor":5.0,"turns":3.0},{"damage":33.0,"enemies":"3 Sentries","floor":7.0,"turns":10.0},{"damage":2.0,"enemies":"2 Fungi Beasts","floor":8.0,"turns":4.0},{"damage":14.0,"enemies":"Exordium Wildlife","floor":12.0,"turns":5.0},{"damage":26.0,"enemies":"Gremlin Nob","floor":13.0,"turns":4.0},{"damage":29.0,"enemies":"3 Louse","floor":14.0,"turns":3.0},{"damage":19.0,"enemies":"The Guardian","floor":16.0,"turns":11.0},{"damage":7.0,"enemies":"Chosen","floor":18.0,"turns":4.0},{"damage":17.0,"enemies":"2 Thieves","floor":20.0,"turns":3.0},{"damage":8.0,"enemies":"Snecko","floor":22.0,"turns":5.0},{"damage":19.0,"enemies":"Gremlin Leader","floor":23.0,"turns":7.0},{"damage":23.0,"enemies":"Slavers","floor":25.0,"turns":8.0},{"damage":7.0,"enemies":"Centurion and Healer","floor":27.0,"turns":4.0},{"damage":33.0,"enemies":"Masked Bandits","floor":28.0,"turns":5.0},{"damage":0.0,"enemies":"Cultist and Chosen","floor":31.0,"turns":4.0},{"damage":34.0,"enemies":"Collector","floor":33.0,"turns":9.0},{"damage":4.0,"enemies":"Orb Walker","floor":35.0,"turns":3.0},{"damage":16.0,"enemies":"3 Shapes","floor":36.0,"turns":4.0},{"damage":9.0,"enemies":"Jaw Worm Horde","floor":41.0,"turns":5.0},{"damage":16.0,"enemies":"Reptomancer","floor":45.0,"turns":4.0},{"damage":18.0,"enemies":"Spire Growth","floor":46.0,"turns":4.0},{"damage":2.0,"enemies":"Transient","floor":48.0,"turns":5.0},{"damage":69,"enemies":"Time Eater","floor":50,"turns":6}],"seed_played":"2747762896848724613","potions_obtained":[{"floor":1.0,"key":"Strength Potion"},{"floor":7.0,"key":"HeartOfIron"},{"floor":8.0,"key":"SteroidPotion"},{"floor":25.0,"key":"SkillPotion"},{"floor":27.0,"key":"FearPotion"},{"floor":28.0,"key":"Weak Potion"},{"floor":33.0,"key":"Fire Potion"},{"floor":36.0,"key":"Swift Potion"},{"floor":41.0,"key":"Ancient Potion"},{"floor":46.0,"key":"ElixirPotion"}],"is_trial":false,"path_per_floor":["M","M","M","T","M","R","E","M","T","$","R","M","?","M","R","B",null,"M","?","M","$","M","E","R","E","T","M","?","?","$","M","R","B",null,"M","M","?","$","?","R","M","R","T","R","E","M","?","M","R","B"],"character_chosen":"IRONCLAD","items_purchased":["Flame Barrier","Fire Breathing+1","Art of War"],"campfire_rested":5,"item_purchase_floors":[21,21,30],"current_hp_per_floor":[72,64,68,68,62,62,35,39,39,39,63,57,39,18,42,31,68,69,69,60,60,60,49,49,34,34,35,10,36,36,44,68,42,71,75,67,57,57,57,57,56,56,56,80,70,60,60,58,58,0,0],"gold":201,"neow_bonus":"REMOVE_TWO","is_daily":false,"chose_seed":false,"campfire_upgraded":4,"win_rate":0.0,"timestamp":1608002165,"path_taken":["M","M","M","?","?","R","E","M","T","$","R","M","?","M","R","BOSS","M","?","M","$","M","E","R","E","T","M","?","?","$","M","R","BOSS","M","M","?","$","?","R","M","R","T","R","E","M","?","M","R","BOSS"],"items_purchased_type":["Card","Card","Relic"],"build_version":"2020-12-13","purchased_purges":4,"victory":false,"max_hp_per_floor":[80,80,80,80,80,80,80,80,80,80,80,80,80,80,80,80,80,80,80,80,80,80,80,80,80,80,80,80,80,80,80,80,80,80,80,80,80,80,80,80,80,80,80,80,80,80,80,80,80,80,80],"relic_stats":{"Mark of the Bloom":34,"counters":[26,132],"Charon\u0027s Ashes":[107],"Burning Blood":144,"Blood Vial":34,"Nunchaku":[7],"Dream Catcher":2,"Busted Crown":54,"Bronze Scales":[143],"Prayer Wheel":14,"MealTicket":0,"Art of War":[6],"obtain_stats":[{"Mark of the Bloom":47,"The Courier":13,"Charon\u0027s Ashes":23,"Frozen Egg 2":7,"Empty Cage":34,"Burning Blood":0,"Blood Vial":9,"Nunchaku":25,"Dream Catcher":43,"Busted Crown":17,"Bronze Scales":26,"Prayer Wheel":4,"MealTicket":45,"Red Mask":28,"Art of War":30},{"Mark of the Bloom":24,"The Courier":8,"Charon\u0027s Ashes":14,"Frozen Egg 2":5,"Empty Cage":19,"Burning Blood":0,"Blood Vial":6,"Nunchaku":15,"Dream Catcher":22,"Busted Crown":10,"Bronze Scales":15,"Prayer Wheel":3,"MealTicket":23,"Red Mask":17,"Art of War":17},{"Mark of the Bloom":121,"The Courier":38,"Charon\u0027s Ashes":71,"Frozen Egg 2":25,"Empty Cage":101,"Burning Blood":0,"Blood Vial":29,"Nunchaku":79,"Dream Catcher":113,"Busted Crown":52,"Bronze Scales":79,"Prayer Wheel":12,"MealTicket":117,"Red Mask":88,"Art of War":88}]},"card_choices":[{"not_picked":["Disarm","Heavy Blade"],"picked":"Headbutt","floor":1.0},{"not_picked":["Sever Soul","Headbutt"],"picked":"Inflame","floor":2.0},{"not_picked":["Armaments","Thunderclap"],"picked":"Body Slam","floor":3.0},{"not_picked":["Infernal Blade","Flex"],"picked":"Metallicize","floor":5.0},{"not_picked":["Warcry","Perfected Strike"],"picked":"Battle Trance","floor":5.0},{"not_picked":["Sword Boomerang","Perfected Strike"],"picked":"Entrench","floor":7.0},{"not_picked":["Second Wind","Dual Wield"],"picked":"Headbutt","floor":8.0},{"not_picked":["Clash","Pommel Strike","Wild Strike"],"picked":"SKIP","floor":8.0},{"not_picked":["Armaments","Second Wind"],"picked":"Body Slam","floor":12.0},{"not_picked":["Cleave","Wild Strike","Bludgeon"],"picked":"SKIP","floor":12.0},{"not_picked":["Battle Trance","Havoc"],"picked":"Ghostly Armor","floor":14.0},{"not_picked":["Warcry","Anger","Sword Boomerang"],"picked":"SKIP","floor":14.0},{"not_picked":["Bludgeon","Corruption+1"],"picked":"Juggernaut+1","floor":16.0},{"not_picked":[],"picked":"True Grit","floor":18.0},{"not_picked":["Pommel Strike+1"],"picked":"SKIP","floor":18.0},{"not_picked":[],"picked":"Headbutt+1","floor":20.0},{"not_picked":["Infernal Blade"],"picked":"SKIP","floor":20.0},{"not_picked":[],"picked":"True Grit+1","floor":22.0},{"not_picked":[],"picked":"Armaments+1","floor":22.0},{"not_picked":["Dual Wield"],"picked":"SKIP","floor":23.0},{"not_picked":["Anger"],"picked":"SKIP","floor":25.0},{"not_picked":["Cleave"],"picked":"SKIP","floor":27.0},{"not_picked":["Searing Blow"],"picked":"SKIP","floor":27.0},{"not_picked":["Fiend Fire"],"picked":"SKIP","floor":31.0},{"not_picked":["Warcry+1"],"picked":"SKIP","floor":31.0},{"not_picked":["Power Through+1"],"picked":"SKIP","floor":35.0},{"not_picked":["Warcry"],"picked":"SKIP","floor":35.0},{"not_picked":["Rage"],"picked":"SKIP","floor":36.0},{"not_picked":["Heavy Blade"],"picked":"SKIP","floor":36.0},{"not_picked":["Clothesline+1"],"picked":"SKIP","floor":41.0},{"not_picked":["Heavy Blade"],"picked":"SKIP","floor":41.0},{"not_picked":["Carnage+1"],"picked":"SKIP","floor":45.0},{"not_picked":["Hemokinesis"],"picked":"SKIP","floor":46.0},{"not_picked":["Rampage+1"],"picked":"SKIP","floor":46.0},{"not_picked":["Flex+1"],"picked":"SKIP","floor":48.0},{"not_picked":["Perfected Strike"],"picked":"SKIP","floor":48.0}],"player_experience":419148,"relics_obtained":[{"floor":4.0,"key":"Prayer Wheel"},{"floor":7.0,"key":"Frozen Egg 2"},{"floor":9.0,"key":"Blood Vial"},{"floor":13.0,"key":"The Courier"},{"floor":23.0,"key":"Charon\u0027s Ashes"},{"floor":25.0,"key":"Nunchaku"},{"floor":26.0,"key":"Bronze Scales"},{"floor":28.0,"key":"Red Mask"},{"floor":43.0,"key":"Dream Catcher"},{"floor":45.0,"key":"MealTicket"}],"event_choices":[{"damage_healed":0.0,"max_hp_gain":0.0,"max_hp_loss":0.0,"gold_gain":0.0,"event_name":"Dead Adventurer","player_choice":"Searched \u00271\u0027 times","floor":13.0,"gold_loss":0.0,"damage_taken":0.0},{"damage_healed":0.0,"max_hp_gain":0.0,"max_hp_loss":0.0,"gold_gain":0.0,"event_name":"Back to Basics","player_choice":"Simplicity","floor":19.0,"gold_loss":0.0,"damage_taken":0.0,"cards_upgraded":["Strike_R","Strike_R","Defend_R","Defend_R","Defend_R","Defend_R"]},{"damage_healed":0.0,"max_hp_gain":0.0,"max_hp_loss":0.0,"gold_gain":0.0,"event_name":"Masked Bandits","player_choice":"Fought Bandits","floor":28.0,"gold_loss":0.0,"damage_taken":0.0},{"damage_healed":26.0,"max_hp_gain":0.0,"max_hp_loss":0.0,"gold_gain":0.0,"event_name":"The Library","player_choice":"Heal","floor":29.0,"gold_loss":0.0,"damage_taken":0.0},{"damage_healed":0.0,"max_hp_gain":0.0,"max_hp_loss":0.0,"gold_gain":0.0,"event_name":"Winding Halls","player_choice":"Embrace Madness","floor":37.0,"gold_loss":0.0,"damage_taken":10.0,"cards_obtained":["Madness","Madness"]},{"damage_healed":0.0,"max_hp_gain":0.0,"max_hp_loss":0.0,"gold_gain":0.0,"event_name":"Mysterious Sphere","player_choice":"Ignored","floor":39.0,"gold_loss":0.0,"damage_taken":0.0},{"damage_healed":0.0,"max_hp_gain":0.0,"max_hp_loss":0.0,"gold_gain":0.0,"event_name":"MindBloom","player_choice":"Upgrade","floor":47.0,"gold_loss":0.0,"damage_taken":0.0,"cards_upgraded":["Headbutt","Metallicize","Battle Trance","Headbutt","Body Slam","Ghostly Armor","True Grit","Madness"],"relics_obtained":["Mark of the Bloom"]}],"is_beta":false,"boss_relics":[{"not_picked":["Astrolabe","Cursed Key"],"picked":"Busted Crown"},{"not_picked":["SlaversCollar","Sozu"],"picked":"Empty Cage"}],"items_purged_floors":[10,21,30,38],"is_endless":false,"potions_floor_spawned":[1,7,8,13,25,27,28,33,36,41,46],"killed_by":"Time Eater","ascension_level":7}}