{"host":"rylkjufw9dlhr07b","time":1608029454,"event":{"mods":["AchievementEnabler","BaseMod","Better Note","BetterRewards","Hubris","Minty Spire (QoL Compilation)","Quick Restart","Replay The Spire","StSLib"],"gold_per_floor":[191,276,11,186,12,12,75,75,75,192,313,313,411,476,476,800,800,911,911,911,1011,75,145,145],"floor_reached":23,"playtime":1284,"items_purged":["hubris:Compulsion"],"score":471,"play_id":"5d6edbb9-378f-4163-9391-ad2c4927b9fd","local_time":"20201215115054","is_ascension_mode":true,"campfire_choices":[{"floor":12,"key":"REST"},{"floor":15,"key":"REST"}],"circlet_count":0,"master_deck":["Strike_G","Strike_G","Strike_G","Strike_G","Strike_G","Defend_G","Defend_G","Defend_G","Defend_G","Defend_G","Survivor","Neutralize","Hidden Blade","Riddle With Holes","Hidden Blade","Dagger Spray","Replay:Bootleg Shield Generator","Quick Slash","Quick Slash","Envenom","Sucker Punch","Terror","Deadly Poison","Blade Dance","Underhanded Strike","Bullet Time","Injury","Injury","Backflip+1","Escape Plan+1","All Out Attack+1","Dagger Throw","Panacea","Noxious Fumes","Jack Of All Trades","Bandage Up","Poisoned Strike"],"relics":["Ring of the Snake","Replay:Bandana","Potion Belt","Spirit Poop","Kunai","Torii","Replay:Ancient Bell","Replay:Mystery Machine","Matryoshka","hubris:Potato","Vampiric Spirits","Garlic","ReplayTheSpireMod:ShopPack"],"acts_visited":["Exordium","TheCity"],"potions_floor_usage":[7,16,16,16,18,23],"damage_taken":[{"damage":7,"enemies":"Jaw Worm","floor":1,"turns":6},{"damage":0,"enemies":"Cultist","floor":2,"turns":3},{"damage":0,"enemies":"2 Louse","floor":7,"turns":2},{"damage":27,"enemies":"Lagavulin","floor":10,"turns":8},{"damage":1,"enemies":"Gremlin Gang","floor":11,"turns":6},{"damage":22,"enemies":"Large Slime","floor":13,"turns":5},{"damage":6,"enemies":"3 Louse","floor":14,"turns":4},{"damage":33,"enemies":"Fading Forest","floor":16,"turns":11},{"damage":8,"enemies":"Shell Parasite","floor":18,"turns":9},{"damage":22,"enemies":"Spheric Guardian","floor":21,"turns":6},{"damage":77,"enemies":"Slavers","floor":23,"turns":5}],"seed_played":"5185125389663860946","potions_obtained":[{"floor":2,"key":"DistilledChaos"},{"floor":11,"key":"Weak Potion"},{"floor":13,"key":"Swift Potion"},{"floor":14,"key":"BlessingOfTheForge"},{"floor":16,"key":"Weak Potion"},{"floor":21,"key":"Regen Potion"}],"is_trial":false,"path_per_floor":["M","M","$","?","$","?","M","?","T","E","M","R","M","M","R","B",null,"M","?","?","M","$","E"],"character_chosen":"THE_SILENT","items_purchased":["Replay:Bandana","Hidden Blade","Riddle With Holes","Potion Belt","Replay:Bootleg Shield Generator","Quick Slash","Envenom","Sucker Punch","Vampiric Spirits","Dagger Throw","Panacea","Garlic","Noxious Fumes","ReplayTheSpireMod:ShopPack"],"campfire_rested":2,"item_purchase_floors":[0,0,0,3,3,3,5,5,22,22,22,22,22,22],"current_hp_per_floor":[47,47,47,47,47,52,52,52,52,25,24,46,24,18,40,25,63,55,75,75,53,53,0,0],"gold":145,"neow_bonus":"","is_daily":false,"chose_seed":false,"campfire_upgraded":0,"win_rate":0.0,"timestamp":1608029454,"path_taken":["M","M","$","?","$","?","?","?","T","E","M","R","M","M","R","BOSS","M","?","?","M","$","E"],"items_purchased_type":["Relic","Card","Card","Relic","Card","Card","Card","Card","Relic","Card","Card","Relic","Card","Relic"],"build_version":"2020-12-13","purchased_purges":1,"victory":false,"max_hp_per_floor":[70,70,70,70,70,75,75,75,75,75,75,75,75,75,75,75,75,75,75,75,75,75,75,75],"card_choices":[{"not_picked":["Replay:Poison Smokescreen","Flying Knee"],"picked":"Hidden Blade","floor":1},{"not_picked":["Backflip","Sneak Up"],"picked":"Dagger Spray","floor":2},{"not_picked":["Unload","Crippling Poison"],"picked":"Terror","floor":7},{"not_picked":["All Out Attack","Bouncing Flask"],"picked":"Deadly Poison","floor":10},{"not_picked":["Deflect","Concentrate"],"picked":"Blade Dance","floor":11},{"not_picked":["Hidden Blade","Predator","hubris:TrickCloak"],"picked":"SKIP","floor":13},{"not_picked":["Acrobatics","Tools of the Trade"],"picked":"Underhanded Strike","floor":14},{"not_picked":["Phantasmal Killer","Grand Finale"],"picked":"Bullet Time","floor":16},{"not_picked":["hubris:Compulsion","hubris:Disease"],"picked":"Injury","floor":17},{"not_picked":["Voices","Shame"],"picked":"Injury","floor":17},{"not_picked":["Regret","CurseOfTheBell"],"picked":"hubris:Compulsion","floor":17},{"not_picked":["PiercingWail","Masterful Stab"],"picked":"Backflip+1","floor":18},{"not_picked":["Atom Bomb","hubris:SlightOfHand"],"picked":"All Out Attack+1","floor":21},{"not_picked":["Deep Breath","Secret Weapon"],"picked":"Jack Of All Trades","floor":22},{"not_picked":["Jack Of All Trades","Survey Options"],"picked":"Bandage Up","floor":22},{"not_picked":["hubris:EnhanceAbility","HandOfGreed"],"picked":"Poisoned Strike","floor":22}],"player_experience":488235,"relics_obtained":[{"floor":9,"key":"Kunai"},{"floor":10,"key":"Torii"}],"event_choices":[{"damage_healed":0,"gold_gain":175,"player_choice":"AGREE","damage_taken":0,"max_hp_gain":0,"max_hp_loss":0,"event_name":"Liars Game","floor":4,"gold_loss":0,"cards_obtained":["Doubt"]},{"damage_healed":0,"gold_gain":0,"player_choice":"Donut","damage_taken":0,"max_hp_gain":5,"max_hp_loss":0,"event_name":"Big Fish","floor":6,"gold_loss":0},{"cards_removed":["Doubt"],"damage_healed":0,"gold_gain":0,"player_choice":"Offered Curse","damage_taken":0,"relics_obtained":["Spirit Poop"],"max_hp_gain":0,"max_hp_loss":0,"event_name":"Bonfire Elementals","floor":8,"gold_loss":0},{"damage_healed":20,"gold_gain":0,"player_choice":"Full Heal","damage_taken":0,"max_hp_gain":0,"max_hp_loss":0,"event_name":"Wheel of Change","floor":19,"gold_loss":0},{"cards_removed":["Backflip"],"damage_healed":0,"gold_gain":0,"player_choice":"Take \u0026 Give","damage_taken":0,"max_hp_gain":0,"max_hp_loss":0,"event_name":"betterNote:BetterNote","floor":20,"gold_loss":0,"cards_obtained":["Escape Plan"]}],"is_beta":false,"boss_relics":[{"not_picked":["Runic Dome","hubris:GrandSneckoEye"],"picked":"Replay:Ancient Bell"},{"not_picked":["Strawberry","MealTicket"],"picked":"Replay:Mystery Machine"},{"not_picked":["Frozen Egg 2","HornCleat"],"picked":"Matryoshka"},{"not_picked":["CaptainsWheel","Replay:PocketPolymizer"],"picked":"hubris:Potato"}],"items_purged_floors":[22],"is_endless":false,"potions_floor_spawned":[2,11,13,14,16,21],"killed_by":"Slavers","ascension_level":9}}