{"host":"j28bwyew3wloeuoy","time":1608010268,"event":{"mods":["BaseMod","Downfall","Hubris","Minty Spire (QoL Compilation)","Relic Stats","Replay The Spire","StSLib","The Jungle"],"gold_per_floor":[99,130,130,157,157,157,157,157,174,199,36,50,64,82,93,190,190,190,209,237,237,256,256,256,284,314,89,108,126,226,243,254,352,352,352,383,433,433,467,482,482,512,512,537,552,572,590,605,625,625],"floor_reached":51,"playtime":11024,"items_purged":[],"score":944,"play_id":"1da60180-b6b4-480a-b522-f25a2fe175a1","local_time":"20201215163108","is_ascension_mode":true,"campfire_choices":[{"data":"hexamod:Float","floor":1,"key":"SMITH"},{"data":"hexamod:FastForward","floor":3,"key":"SMITH"},{"data":"hexamod:Sear","floor":5,"key":"SMITH"},{"data":"hexamod:ApocalypticArmor","floor":18,"key":"SMITH"},{"floor":21,"key":"RECALL"},{"data":"hexamod:Hexaguard","floor":27,"key":"SMITH"},{"data":"hexamod:EmpoweredFlame","floor":27,"key":"SMITH"},{"data":"hexamod:HexaLevel","floor":35,"key":"SMITH"},{"data":"hexamod:ThermalTransfer","floor":35,"key":"SMITH"},{"data":"hexamod:TimeWarp","floor":43,"key":"SMITH"},{"data":"hexamod:EmpoweredFlame","floor":43,"key":"SMITH"}],"circlet_count":0,"master_deck":["hexamod:Strike","hexamod:Strike","hexamod:Strike","hexamod:Defend","hexamod:Defend","hexamod:Defend","hexamod:Defend","hexamod:Sear+1","hexamod:Float+1","hexamod:FastForward+1","hexamod:ShieldOfDarkness+1","hexamod:FirstSeal","hexamod:HauntingEcho","hexamod:ThermalTransfer+1","hexamod:FirstSeal","hexamod:ApocalypticArmor+1","hexamod:Hexaguard+1","hexamod:EmpoweredFlame+1","hexamod:EmpoweredFlame+1","hexamod:PhantomCloak","hexamod:Hexaguard+1","hexamod:TimeWarp+1","hexamod:NightmareGuise","hexamod:GhostOfSpirePresent+1","hexamod:HexaLevel+1","hexamod:FastForward+1","hexamod:FastForward","hexamod:FastForward+1","hexamod:FastForward","hexamod:FastForward+1"],"relics":["hexamod:SpiritBrand","Centennial Puzzle","hexamod:InflammatoryLetter","Guardian:PocketSentry","Mercury Hourglass","Bottled Lightning","Bronze Scales","Black Star","Bag of Marbles","Bottled Tornado","Red Mask","Replay:Arrowhead","Omamori","downfall:HeartBlessingRed","downfall:HeartBlessingGreen","downfall:HeartBlessingBlue","Replay:PocketPolymizer","Darkstone Periapt","ChewingGum","Dream Catcher","Sundial","Replay:Towering Pillar of Hats","PreservedInsect","Strawberry","Gremlin Horn","Pet Ghost","hubris:MysteriousPyramids","Replay:Mystery Machine","MealTicket"],"acts_visited":["Exordium","TheCity","TheBeyond"],"potions_floor_usage":[16,16,26,30,33,37,39,50,50,50],"damage_taken":[{"damage":11,"enemies":"Replay:BlueRogue","floor":2,"turns":5},{"damage":13,"enemies":"3 Sentries","floor":4,"turns":7},{"damage":0,"enemies":"Cultist","floor":9,"turns":3},{"damage":17,"enemies":"Gremlin Nob","floor":10,"turns":4},{"damage":0,"enemies":"downfall:FleeingMerchant","floor":11,"turns":4},{"damage":0,"enemies":"Jaw Worm","floor":12,"turns":3},{"damage":0,"enemies":"Small Slimes","floor":13,"turns":3},{"damage":6,"enemies":"3 Louse","floor":14,"turns":2},{"damage":2,"enemies":"Exordium Wildlife","floor":15,"turns":2},{"damage":12,"enemies":"downfall:Ironclad","floor":16,"turns":6},{"damage":0,"enemies":"3 Byrds","floor":19,"turns":3},{"damage":17,"enemies":"Book of Stabbing","floor":20,"turns":6},{"damage":16,"enemies":"3 Cultists","floor":22,"turns":5},{"damage":26,"enemies":"Masked Bandits","floor":25,"turns":4},{"damage":3,"enemies":"Replay:Snechameleon","floor":26,"turns":6},{"damage":9,"enemies":"Snake Plant","floor":28,"turns":3},{"damage":3,"enemies":"Centurion and Healer","floor":29,"turns":7},{"damage":14,"enemies":"Colosseum Nobs","floor":30,"turns":5},{"damage":0,"enemies":"Snecko","floor":31,"turns":6},{"damage":0,"enemies":"Snake Plant","floor":32,"turns":4},{"damage":2,"enemies":"downfall:Silent","floor":33,"turns":7},{"damage":12,"enemies":"Nemesis","floor":36,"turns":5},{"damage":0,"enemies":"Mind Bloom Boss Battle","floor":37,"turns":7},{"damage":20,"enemies":"Reptomancer","floor":39,"turns":6},{"damage":1,"enemies":"Orb Walker","floor":40,"turns":3},{"damage":0,"enemies":"Nemesis","floor":42,"turns":7},{"damage":6,"enemies":"Reptomancer","floor":44,"turns":4},{"damage":6,"enemies":"3 Darklings","floor":45,"turns":4},{"damage":0,"enemies":"Sphere and 2 Shapes","floor":46,"turns":6},{"damage":5,"enemies":"Writhing Mass","floor":47,"turns":4},{"damage":3,"enemies":"Spire Growth","floor":48,"turns":4},{"damage":3,"enemies":"Jaw Worm Horde","floor":49,"turns":3},{"damage":11,"enemies":"downfall:Defect","floor":50,"turns":7}],"seed_played":"-8480360767537149018","potions_obtained":[{"floor":4,"key":"Reflective Coating"},{"floor":10,"key":"LiquidBronze"},{"floor":13,"key":"AttackPotion"},{"floor":19,"key":"Ancient Potion"},{"floor":20,"key":"Swift Potion"},{"floor":25,"key":"DuplicationPotion"},{"floor":29,"key":"SpeedPotion"},{"floor":33,"key":"DuplicationPotion"},{"floor":36,"key":"ColorlessPotion"},{"floor":40,"key":"Explosive Potion"},{"floor":44,"key":"EntropicBrew"}],"is_trial":false,"path_per_floor":["R","E","R","E","R","?","T","?","M","E","$","M","M","M","M","B",null,"R","M","E","R","M","?","T","?","E","R","M","M","?","M","M","B",null,"R","E","?","?","E","M","T","E","R","E","M","M","M","M","M","B",null],"character_chosen":"THE_SPIRIT","items_purchased":["Bronze Scales"],"campfire_rested":0,"item_purchase_floors":[11],"current_hp_per_floor":[70,59,59,46,46,39,39,39,46,36,43,50,64,58,70,58,70,70,70,60,60,51,51,51,32,43,53,58,62,55,62,76,80,80,80,80,80,80,74,73,73,87,87,87,81,87,87,87,84,87],"gold":625,"neow_bonus":"RANDOM_COMMON_RELIC","is_daily":false,"chose_seed":false,"campfire_upgraded":10,"win_rate":0.0,"timestamp":1608010268,"path_taken":["R","E","R","E","R","?","T","?","M","E","?","M","M","M","M","BOSS","R","M","E","R","M","?","T","?","E","R","M","M","?","M","M","BOSS","R","E","?","?","E","M","T","E","R","E","M","?","M","M","M","BOSS"],"items_purchased_type":["Relic"],"build_version":"2020-12-13","purchased_purges":0,"victory":true,"max_hp_per_floor":[70,70,70,70,70,70,70,70,70,70,70,70,70,70,70,70,70,70,70,70,70,70,70,70,70,70,80,80,80,80,80,80,80,80,80,80,80,80,87,87,87,87,87,87,87,87,87,87,87,87],"relic_stats":{"Darkstone Periapt":0,"Centennial Puzzle":[71],"Dream Catcher":0,"Gremlin Horn":[8,8],"counters":[33,148],"Sundial":[4],"Bronze Scales":[471],"MealTicket":0,"PreservedInsect":107,"Black Star":6,"obtain_stats":[{"Darkstone Periapt":30,"Replay:PocketPolymizer":30,"Gremlin Horn":41,"downfall:HeartBlessingGreen":27,"Bottled Tornado":20,"hubris:MysteriousPyramids":42,"Replay:Mystery Machine":44,"Pet Ghost":42,"Centennial Puzzle":0,"Dream Catcher":36,"downfall:HeartBlessingBlue":27,"Sundial":36,"Strawberry":39,"MealTicket":44,"Red Mask":25,"hexamod:SpiritBrand":0,"downfall:HeartBlessingRed":27,"Replay:Towering Pillar of Hats":37,"hexamod:InflammatoryLetter":2,"PreservedInsect":39,"Guardian:PocketSentry":4,"Omamori":26,"Replay:Arrowhead":26,"Mercury Hourglass":7,"Bronze Scales":11,"ChewingGum":34,"Black Star":17,"Bag of Marbles":20,"Bottled Lightning":10},{"Darkstone Periapt":18,"Replay:PocketPolymizer":18,"Gremlin Horn":25,"downfall:HeartBlessingGreen":15,"Bottled Tornado":12,"hubris:MysteriousPyramids":26,"Replay:Mystery Machine":27,"Pet Ghost":26,"Centennial Puzzle":0,"Dream Catcher":22,"downfall:HeartBlessingBlue":15,"Sundial":22,"Strawberry":24,"MealTicket":27,"Red Mask":14,"hexamod:SpiritBrand":0,"downfall:HeartBlessingRed":15,"Replay:Towering Pillar of Hats":23,"hexamod:InflammatoryLetter":1,"PreservedInsect":24,"Guardian:PocketSentry":2,"Omamori":15,"Replay:Arrowhead":15,"Mercury Hourglass":2,"Bronze Scales":5,"ChewingGum":21,"Black Star":10,"Bag of Marbles":12,"Bottled Lightning":4},{"Darkstone Periapt":72,"Replay:PocketPolymizer":72,"Gremlin Horn":110,"downfall:HeartBlessingGreen":58,"Bottled Tornado":44,"hubris:MysteriousPyramids":117,"Replay:Mystery Machine":121,"Pet Ghost":117,"Centennial Puzzle":0,"Dream Catcher":94,"downfall:HeartBlessingBlue":58,"Sundial":94,"Strawberry":107,"MealTicket":121,"Red Mask":52,"hexamod:SpiritBrand":0,"downfall:HeartBlessingRed":58,"Replay:Towering Pillar of Hats":101,"hexamod:InflammatoryLetter":5,"PreservedInsect":107,"Guardian:PocketSentry":12,"Omamori":58,"Replay:Arrowhead":58,"Mercury Hourglass":12,"Bronze Scales":22,"ChewingGum":89,"Black Star":37,"Bag of Marbles":44,"Bottled Lightning":18}],"Mercury Hourglass":[493]},"card_choices":[{"not_picked":["hexamod:Hexaguard","hexamod:RainOfEmbers"],"picked":"hexamod:FastForward","floor":2},{"not_picked":["hexamod:ThirdSeal","hexamod:NightmareStrike"],"picked":"hexamod:ShieldOfDarkness","floor":4},{"not_picked":["hexamod:BacktrackSmack","hexamod:InspiringFlames"],"picked":"hexamod:HauntingEcho","floor":9},{"not_picked":["hexamod:HauntingEcho","hexamod:GhostShield"],"picked":"hexamod:ThermalTransfer","floor":10},{"not_picked":["hexamod:Firestarter","hexamod:BacktrackSmack","hexamod:FastForward"],"picked":"SKIP","floor":11},{"not_picked":["hexamod:BurningTouch","hexamod:NecessarySacrifice"],"picked":"hexamod:FirstSeal","floor":12},{"not_picked":["hexamod:GhostLash","hexamod:GhostShield"],"picked":"hexamod:ApocalypticArmor","floor":13},{"not_picked":["hexamod:BurningTouch","hexamod:Firestarter","hexamod:HeatCrush"],"picked":"SKIP","floor":14},{"not_picked":["hexamod:SkipABeat","hexamod:InspiringFlames"],"picked":"hexamod:Hexaguard","floor":15},{"not_picked":["hexamod:GhostShield","hexamod:FirstSeal","hexamod:RainOfEmbers"],"picked":"SKIP","floor":19},{"not_picked":["hexamod:GhostLash","hexamod:NecessarySacrifice"],"picked":"hexamod:EmpoweredFlame","floor":20},{"not_picked":["hexamod:GhostShield","hexamod:Rewind+1"],"picked":"hexamod:EmpoweredFlame","floor":22},{"not_picked":["hexamod:GhostShield","hexamod:GhostLash+1"],"picked":"hexamod:PhantomCloak","floor":26},{"not_picked":["hexamod:Firestarter","hexamod:BacktrackSmack"],"picked":"hexamod:Hexaguard+1","floor":28},{"not_picked":["hexamod:ExtraCrispy","hexamod:InspiringFlames"],"picked":"hexamod:TimeWarp","floor":29},{"not_picked":["hexamod:FastForward","hexamod:BacktrackSmack"],"picked":"hexamod:NightmareGuise","floor":30},{"not_picked":["hexamod:Again","hexamod:BurningTouch","hexamod:FirstSeal"],"picked":"SKIP","floor":31},{"not_picked":["hexamod:HauntingEcho","hexamod:AdvancingGuard"],"picked":"hexamod:GhostOfSpirePresent+1","floor":32},{"not_picked":["hexamod:TurnItUp","hexamod:ApocalypseNow"],"picked":"hexamod:HexaLevel","floor":33},{"not_picked":["hexamod:FourthSeal","hexamod:GhostLash","hexamod:SecondSeal"],"picked":"SKIP","floor":36},{"not_picked":["hexamod:RainOfEmbers","hexamod:AdvancingGuard"],"picked":"hexamod:FastForward+1","floor":37},{"not_picked":["hexamod:BurningTouch","hexamod:SwordOfDarkness+1"],"picked":"hexamod:FastForward","floor":39},{"not_picked":["hexamod:StepThrough","hexamod:Haunt"],"picked":"hexamod:FastForward+1","floor":40},{"not_picked":["hexamod:FirstSeal","hexamod:SpectersWail+1","hexamod:SecondSeal"],"picked":"SKIP","floor":42},{"not_picked":["hexamod:ThermalTransfer","hexamod:Firestarter+1","hexamod:HeatShield"],"picked":"SKIP","floor":44},{"not_picked":["hexamod:BacktrackSmack+1","hexamod:GhostLash"],"picked":"hexamod:FastForward","floor":45},{"not_picked":["hexamod:GhostShield","hexamod:SwordOfDarkness","hexamod:ApocalypseNow"],"picked":"SKIP","floor":46},{"not_picked":["hexamod:BurningTouch+1","hexamod:BacktrackSmack"],"picked":"hexamod:FastForward+1","floor":47},{"not_picked":["hexamod:Firestarter","hexamod:ShieldOfDarkness","hexamod:NightmareStrike+1"],"picked":"SKIP","floor":48},{"not_picked":["hexamod:RecurringNightmare","hexamod:NightmareStrike","hexamod:Firestarter+1"],"picked":"SKIP","floor":49}],"player_experience":374340,"relics_obtained":[{"floor":2,"key":"hexamod:InflammatoryLetter"},{"floor":4,"key":"Guardian:PocketSentry"},{"floor":7,"key":"Mercury Hourglass"},{"floor":10,"key":"Bottled Lightning"},{"floor":20,"key":"Bag of Marbles"},{"floor":20,"key":"Bottled Tornado"},{"floor":25,"key":"Red Mask"},{"floor":26,"key":"Replay:Arrowhead"},{"floor":26,"key":"Omamori"},{"floor":30,"key":"Replay:PocketPolymizer"},{"floor":30,"key":"Darkstone Periapt"},{"floor":36,"key":"Dream Catcher"},{"floor":36,"key":"Sundial"},{"floor":37,"key":"Replay:Towering Pillar of Hats"},{"floor":39,"key":"PreservedInsect"},{"floor":39,"key":"Strawberry"},{"floor":41,"key":"Gremlin Horn"},{"floor":42,"key":"Pet Ghost"},{"floor":42,"key":"hubris:MysteriousPyramids"},{"floor":44,"key":"Replay:Mystery Machine"},{"floor":44,"key":"MealTicket"}],"event_choices":[{"damage_healed":0,"gold_gain":0,"player_choice":"Fought Bandits","damage_taken":0,"max_hp_gain":0,"max_hp_loss":0,"event_name":"Masked Bandits","floor":25,"gold_loss":0}],"is_beta":false,"boss_relics":[{"not_picked":["hubris:GrandSneckoEye","Replay:Fungal Core"],"picked":"Black Star"},{"not_picked":["Fusion Hammer","SacredBark"],"picked":"ChewingGum"}],"items_purged_floors":[],"is_endless":false,"potions_floor_spawned":[4,10,13,14,19,20,25,29,33,36,40,44,45,49],"ascension_level":1}}