{"host":"szp1d6dso4pv7ddl","time":1608075777,"event":{"mods":["AchievementEnabler","Alarm Clock","BaseMod","Bestiary","Block Reminder","Colored Map","Colored Powertips","Curses Come First","Displayed Cursed Tome","Highlight Path","Minty Spire (QoL Compilation)","Permanent Neow","Quick Restart","Relic Stats","StSLib"],"gold_per_floor":[211,64,64,77,77,110,110,110,110,110,110,143,186,186,186,315,315,330,343,443,457,457,457,457,457],"floor_reached":24,"playtime":1548,"items_purged":["Strike_B"],"score":240,"play_id":"afbeb0f2-35f9-4d94-aa59-eaa213c0b604","local_time":"20201215154257","is_ascension_mode":true,"campfire_choices":[{"floor":8,"key":"REST"},{"floor":10,"key":"REST"},{"floor":15,"key":"REST"},{"floor":23,"key":"REST"}],"circlet_count":0,"master_deck":["Strike_B","Strike_B","Strike_B","Defend_B+1","Defend_B","Defend_B","Zap+1","Dualcast","Gash","Scrape","Go for the Eyes","Hologram","Gash","Echo Form","Writhe"],"relics":["Cracked Core","Bag of Preparation","Pen Nib","Golden Idol","Odd Mushroom","Turnip","Sozu","Art of War"],"acts_visited":["Exordium","TheCity"],"potions_floor_usage":[12,13,16],"damage_taken":[{"damage":2,"enemies":"Jaw Worm","floor":1,"turns":5},{"damage":0,"enemies":"2 Louse","floor":4,"turns":2},{"damage":57,"enemies":"3 Sentries","floor":6,"turns":9},{"damage":4,"enemies":"The Mushroom Lair","floor":12,"turns":3},{"damage":15,"enemies":"Lagavulin","floor":13,"turns":6},{"damage":27,"enemies":"The Guardian","floor":16,"turns":9},{"damage":17,"enemies":"Spheric Guardian","floor":18,"turns":4},{"damage":3,"enemies":"Chosen","floor":19,"turns":3},{"damage":31,"enemies":"Snecko","floor":21,"turns":5},{"damage":50,"enemies":"Book of Stabbing","floor":24,"turns":5}],"seed_played":"-2757057029781696991","potions_obtained":[{"floor":1,"key":"PowerPotion"},{"floor":4,"key":"PowerPotion"},{"floor":12,"key":"FocusPotion"}],"is_trial":false,"path_per_floor":["M","$","?","M","$","E","?","R","T","R","?","?","E","?","R","B",null,"M","M","?","M","?","R","E"],"character_chosen":"DEFECT","items_purchased":["Scrape"],"campfire_rested":4,"item_purchase_floors":[2],"current_hp_per_floor":[73,73,73,73,73,16,1,23,23,45,27,23,8,8,30,3,75,58,55,55,24,24,46,0,0],"gold":457,"neow_bonus":"HUNDRED_GOLD","is_daily":false,"chose_seed":false,"campfire_upgraded":0,"win_rate":0.0,"timestamp":1608075777,"path_taken":["M","$","?","M","$","E","?","R","T","R","?","?","E","?","R","BOSS","M","M","?","?","?","R","E"],"items_purchased_type":["Card"],"build_version":"2020-12-13","purchased_purges":1,"victory":false,"max_hp_per_floor":[75,75,75,75,75,75,75,75,75,75,75,75,75,75,75,75,75,75,75,75,75,75,75,75,75],"relic_stats":{"Sozu":0,"counters":[10,51],"Golden Idol":51,"Pen Nib":[9],"Turnip":[5],"Bag of Preparation":[14],"Art of War":[0],"obtain_stats":[{"Sozu":17,"Golden Idol":11,"Pen Nib":9,"Turnip":13,"Bag of Preparation":6,"Art of War":22,"Odd Mushroom":12,"Cracked Core":0},{"Sozu":6,"Golden Idol":3,"Pen Nib":3,"Turnip":5,"Bag of Preparation":3,"Art of War":9,"Odd Mushroom":4,"Cracked Core":0},{"Sozu":34,"Golden Idol":16,"Pen Nib":16,"Turnip":25,"Bag of Preparation":16,"Art of War":46,"Odd Mushroom":19,"Cracked Core":0}]},"card_choices":[{"not_picked":["Self Repair","Doom and Gloom"],"picked":"Gash","floor":1},{"not_picked":["Steam Power","Genetic Algorithm"],"picked":"Go for the Eyes","floor":4},{"not_picked":["Go for the Eyes","Stack","Melter"],"picked":"SKIP","floor":6},{"not_picked":["Stack","Ball Lightning"],"picked":"Hologram","floor":12},{"not_picked":["Turbo","Creative AI"],"picked":"Gash","floor":13},{"not_picked":["Core Surge","Thunder Strike"],"picked":"Echo Form","floor":16},{"not_picked":["Barrage","Streamline","Chill"],"picked":"SKIP","floor":18},{"not_picked":["Double Energy+1","Stack","Leap"],"picked":"SKIP","floor":19},{"not_picked":["Go for the Eyes","White Noise","Fusion"],"picked":"SKIP","floor":21}],"player_experience":946967,"relics_obtained":[{"floor":6,"key":"Bag of Preparation"},{"floor":9,"key":"Pen Nib"},{"floor":12,"key":"Odd Mushroom"},{"floor":13,"key":"Turnip"}],"event_choices":[{"cards_removed":["Defend_B"],"damage_healed":0,"gold_gain":0,"player_choice":"Forget","damage_taken":0,"max_hp_gain":0,"max_hp_loss":0,"event_name":"Living Wall","floor":3,"gold_loss":0},{"damage_healed":0,"gold_gain":0,"player_choice":"Entered Light","damage_taken":15,"max_hp_gain":0,"max_hp_loss":0,"event_name":"Shining Light","floor":7,"gold_loss":0,"cards_upgraded":["Zap","Defend_B"]},{"damage_healed":0,"gold_gain":0,"player_choice":"Take Damage","damage_taken":18,"relics_obtained":["Golden Idol"],"max_hp_gain":0,"max_hp_loss":0,"event_name":"Golden Idol","floor":11,"gold_loss":0},{"damage_healed":0,"gold_gain":0,"player_choice":"Fought Mushrooms","damage_taken":0,"max_hp_gain":0,"max_hp_loss":0,"event_name":"Mushrooms","floor":12,"gold_loss":0},{"damage_healed":0,"gold_gain":0,"player_choice":"Searched \u00270\u0027 times","damage_taken":0,"max_hp_gain":0,"max_hp_loss":0,"event_name":"Dead Adventurer","floor":14,"gold_loss":0},{"damage_healed":0,"gold_gain":100,"player_choice":"Pray","damage_taken":0,"max_hp_gain":0,"max_hp_loss":0,"event_name":"Golden Shrine","floor":20,"gold_loss":0},{"damage_healed":0,"gold_gain":0,"player_choice":"Opened","damage_taken":0,"relics_obtained":["Art of War"],"max_hp_gain":0,"max_hp_loss":0,"event_name":"The Mausoleum","floor":22,"gold_loss":0,"cards_obtained":["Writhe"]}],"is_beta":false,"boss_relics":[{"not_picked":["SlaversCollar","SacredBark"],"picked":"Sozu"}],"items_purged_floors":[2],"is_endless":false,"potions_floor_spawned":[1,4,12],"killed_by":"Book of Stabbing","ascension_level":4}}