{"host":"cyei475933pvpemq","time":1608042696,"event":{"mods":["Act Like it!","Aspiration","BaseMod","Better Third Choice","BetterRewards","Colored Map","Colored Powertips","Downfall","Energized Spire","Highlight Path","Hubris","Hyrulean Relics","Lobotomy","Mimic Mod","Minty Spire (QoL Compilation)","Replay The Spire","Spicy Shops","Spikes Relics","StSLib","Uncapped"],"gold_per_floor":[112,112,122,141,141,141,316,351,377,387,404,12,12,40,52,162,174,206,218,230,95,105,125,125,125,125,400,420,430,465,479,553,652,652,669,683,683,683,702,730,730,730,770,801,815,346,357,36,36,36,36,36,36,61,61],"floor_reached":56,"playtime":2988,"items_purged":["Doubt","Regret"],"score":2062,"play_id":"e0d5e101-bb5d-4e58-88d2-28ddc8973a75","local_time":"20201215153136","is_ascension_mode":false,"campfire_choices":[{"floor":6,"key":"RECALL"},{"floor":13,"key":"REST"},{"floor":15,"key":"REST"},{"data":"Electrodynamics","floor":24,"key":"SMITH"},{"floor":41,"key":"REST"},{"data":"Creative AI","floor":49,"key":"SMITH"},{"data":"FIFO Queue","floor":52,"key":"SMITH"}],"circlet_count":0,"master_deck":["Strike_B","Strike_B","Strike_B","Strike_B","Defend_B","Defend_B","Defend_B","Defend_B","Zap","Dualcast","Static Discharge+1","White Noise+1","Melter","Coolheaded","Leap","Chill","Reboot","Static Discharge","Electrodynamics+1","hubris:PowerSurge+1","hubris:PowerSurge","Glacier","Ball Lightning","Storm","Coolheaded","Conserve Battery","Conserve Battery","FIFO Queue+1","Glacier","Conserve Battery","Creative AI+1","Consume+1","Pain","Consume+1","ReplayTheSpireMod:Calculation Training+1","Coolheaded","aspiration:Polymerization+1","Consume","Parasite"],"relics":["FrozenCore","Torii","aspiration:EnhancedActuators","Nunchaku","Oddly Smooth Stone","HyperAlloy","Happy Flower","DataDisk","Prayer Wheel","Replay:Antivirus Software","Sundial","MawBank","hubris:Icosahedron","MutagenicStrength","ClockworkSouvenir","hubris:RGBLights","Gremlin Food","ChewingGum","hubris:Towel","WarpedTongs","Potion Belt","ReplayTheSpireMod:Ring of Collecting","ReplayTheSpireMod:Ring of Addiction","hubris:EmptyBottle","White Beast Statue","Pet Ghost","Ring of Peace","Bronze Scales","Replay:Ringing Soul","TungstenRod","aspiration:Nostalgia","Burning Blood","Anchor","Toy Ornithopter","SnailShell"],"acts_visited":["Exordium","TheCity","TheBeyond","TheEnding"],"potions_floor_usage":[50],"damage_taken":[{"damage":1,"enemies":"Jaw Worm","floor":1,"turns":4},{"damage":1,"enemies":"2 Louse","floor":3,"turns":5},{"damage":0,"enemies":"Small Slimes","floor":4,"turns":3},{"damage":8,"enemies":"3 Sentries","floor":8,"turns":6},{"damage":8,"enemies":"Exordium Thugs","floor":10,"turns":4},{"damage":0,"enemies":"Large Slime","floor":11,"turns":6},{"damage":0,"enemies":"Lagavulin","floor":14,"turns":8},{"damage":1,"enemies":"Fading Forest","floor":16,"turns":11},{"damage":2,"enemies":"2 Thieves","floor":18,"turns":3},{"damage":0,"enemies":"Chosen","floor":22,"turns":4},{"damage":0,"enemies":"Snecko","floor":23,"turns":5},{"damage":2,"enemies":"Snake Plant","floor":28,"turns":4},{"damage":1,"enemies":"Shelled Parasite and Fungi","floor":29,"turns":3},{"damage":0,"enemies":"Slavers","floor":30,"turns":2},{"damage":7,"enemies":"Centurion and Healer","floor":31,"turns":5},{"damage":9,"enemies":"Pondfish","floor":33,"turns":6},{"damage":0,"enemies":"3 Darklings","floor":35,"turns":3},{"damage":11,"enemies":"3 Shapes","floor":36,"turns":1},{"damage":5,"enemies":"Maw","floor":39,"turns":7},{"damage":3,"enemies":"Reptomancer","floor":40,"turns":5},{"damage":10,"enemies":"3 Darklings","floor":43,"turns":7},{"damage":0,"enemies":"Giant Head","floor":44,"turns":7},{"damage":4,"enemies":"3 Darklings","floor":45,"turns":5},{"damage":0,"enemies":"Writhing Mass","floor":47,"turns":3},{"damage":25,"enemies":"hubris:GrandSnecko","floor":50,"turns":6},{"damage":6,"enemies":"Shield and Spear","floor":54,"turns":4},{"damage":1,"enemies":"The Heart","floor":55,"turns":8}],"seed_played":"-2114976874392290861","potions_obtained":[{"floor":3,"key":"SpeedPotion"},{"floor":11,"key":"DuplicationPotion"},{"floor":18,"key":"Regen Potion"},{"floor":40,"key":"Block Potion"},{"floor":42,"key":"FocusPotion"},{"floor":42,"key":"Explosive Potion"},{"floor":54,"key":"Guardian:BlockOnCardUsePotion"}],"is_trial":false,"path_per_floor":["M","?","M","M","?","R","?","E","T","M","M","$","R","E","R","B",null,"M","?","?","$","M","M","R","?","T","?","M","M","E","M","R_BF","B",null,"M","M","?","?","M","E","R","?","MIM","E","M","$","M","$","R","B",null,"R","$","E","B",null],"character_chosen":"DEFECT","items_purchased":["Torii","aspiration:EnhancedActuators","Nunchaku","Oddly Smooth Stone","Static Discharge","Replay:Antivirus Software","Sundial","ClockworkSouvenir","TungstenRod","aspiration:Nostalgia","Anchor","Consume","Toy Ornithopter"],"campfire_rested":3,"item_purchase_floors":[0,0,0,0,0,12,12,21,46,46,46,46,48],"current_hp_per_floor":[50,43,42,42,42,42,42,34,34,26,26,26,48,48,70,69,75,73,73,73,73,73,73,73,73,73,73,71,70,70,63,63,54,75,75,64,64,64,59,56,75,75,65,65,64,67,76,76,76,67,80,80,80,78,78],"gold":61,"neow_bonus":"","is_daily":false,"chose_seed":false,"campfire_upgraded":3,"win_rate":0.0,"timestamp":1608042696,"path_taken":["M","?","M","M","?","R","?","E","T","M","M","$","R","E","R","BOSS","M","?","?","$","M","M","R","?","T","?","M","?","E","M","R_BF","BOSS","M","M","?","?","?","E","R","?","MIM","E","M","$","M","$","R","BOSS","R","$","E","BOSS"],"items_purchased_type":["Relic","Relic","Relic","Relic","Card","Relic","Relic","Relic","Relic","Relic","Relic","Card","Relic"],"build_version":"2020-12-13","purchased_purges":2,"victory":true,"max_hp_per_floor":[75,75,75,75,75,75,75,75,75,75,75,75,75,75,75,75,75,75,75,75,75,75,75,75,75,75,75,75,75,75,75,75,75,75,75,75,75,75,75,75,75,75,75,75,78,79,82,82,80,80,80,80,80,78,78],"card_choices":[{"not_picked":["ReplaySort","Redo"],"picked":"White Noise","floor":1},{"not_picked":["ReplaySort","Force Field","Redo"],"picked":"SKIP","floor":3},{"not_picked":["Stack","Time Bomb"],"picked":"Melter","floor":4},{"not_picked":["Hello World","DiskWipe"],"picked":"ReplayTheSpireMod:Fabricate Wheel","floor":8},{"not_picked":["Rebound","Beam Cell"],"picked":"Coolheaded","floor":10},{"not_picked":["Rebound","Streamline"],"picked":"Leap","floor":10},{"not_picked":["hubris:PowerSurge","Hologram"],"picked":"Chill","floor":11},{"not_picked":["Melter","Hologram"],"picked":"Reboot","floor":11},{"not_picked":["Compile Driver","ReplayTheSpireMod:Repulse"],"picked":"Static Discharge","floor":14},{"not_picked":["Hyperbeam","hubris:SpecializedCircuitry"],"picked":"Electrodynamics","floor":16},{"not_picked":["Beam Cell","Barrage"],"picked":"hubris:PowerSurge+1","floor":18},{"not_picked":["Barrage+1","Compile Driver"],"picked":"hubris:PowerSurge","floor":18},{"not_picked":["Steam","Stack"],"picked":"Glacier","floor":22},{"not_picked":["Crystallizer","Melter","Compile Driver+1"],"picked":"SKIP","floor":22},{"not_picked":["Doom and Gloom","ReplaySort"],"picked":"Ball Lightning","floor":23},{"not_picked":["Auto Shields","Reboot"],"picked":"Storm","floor":23},{"not_picked":["Beam Cell","Barrage"],"picked":"Coolheaded","floor":28},{"not_picked":["BasicCrystalCard","Doom and Gloom"],"picked":"Conserve Battery","floor":28},{"not_picked":["Barrage","ReplayTheSpireMod:Repulse+1"],"picked":"Conserve Battery","floor":29},{"not_picked":["hubris:Ukulele","Hello World+1"],"picked":"FIFO Queue","floor":29},{"not_picked":["All For One","Stack","Turbo"],"picked":"SKIP","floor":30},{"not_picked":["Turbo","Chill"],"picked":"Glacier","floor":31},{"not_picked":["Panic Button+1","Steam"],"picked":"Conserve Battery","floor":31},{"not_picked":["Amplify","Machine Learning"],"picked":"Creative AI","floor":33},{"not_picked":["ReplaySort","Sweeping Beam+1","Hologram"],"picked":"SKIP","floor":35},{"not_picked":["Genetic Algorithm+1","ReplayTheSpireMod:GoodbyeWorld+1","Turbo"],"picked":"SKIP","floor":35},{"not_picked":["Conserve Battery+1","Steam+1"],"picked":"Consume+1","floor":36},{"not_picked":["Stack","Turbo","Panic Button"],"picked":"SKIP","floor":36},{"not_picked":["Ball Lightning","ReplaySort+1"],"picked":"Consume+1","floor":39},{"not_picked":["Loop+1","Melter+1","DiskWipe"],"picked":"SKIP","floor":39},{"not_picked":["Leap+1","Force Field+1"],"picked":"ReplayTheSpireMod:Calculation Training+1","floor":40},{"not_picked":["ReplaySort","Auto Shields+1"],"picked":"Coolheaded","floor":43},{"not_picked":["Conserve Battery+1","Ball Lightning","ReplayTheSpireMod:GoodbyeWorld+1"],"picked":"SKIP","floor":44},{"not_picked":["RefreshScreen","BasicCrystalCard+1"],"picked":"aspiration:Polymerization+1","floor":45},{"not_picked":["Go for the Eyes","Beam Cell+1","Streamline+1"],"picked":"SKIP","floor":45},{"not_picked":["Gash","hubris:DoWhile","Lockon+1"],"picked":"SKIP","floor":47},{"not_picked":["Doom and Gloom","Turbo+1","Fusion"],"picked":"SKIP","floor":47},{"not_picked":["ReplayTheSpireMod:GoodbyeWorld+1","Gash+1","FTL"],"picked":"SKIP","floor":54}],"player_experience":311832,"relics_obtained":[{"floor":8,"key":"Happy Flower"},{"floor":9,"key":"DataDisk"},{"floor":14,"key":"MawBank"},{"floor":26,"key":"hubris:RGBLights"},{"floor":30,"key":"Gremlin Food"},{"floor":40,"key":"Potion Belt"},{"floor":42,"key":"ReplayTheSpireMod:Ring of Collecting"},{"floor":42,"key":"ReplayTheSpireMod:Ring of Addiction"},{"floor":42,"key":"hubris:EmptyBottle"},{"floor":42,"key":"White Beast Statue"},{"floor":43,"key":"Pet Ghost"},{"floor":43,"key":"Ring of Peace"},{"floor":43,"key":"Bronze Scales"},{"floor":44,"key":"Replay:Ringing Soul"},{"floor":54,"key":"SnailShell"}],"event_choices":[{"damage_healed":0,"gold_gain":0,"player_choice":"Relic ","damage_taken":7,"max_hp_gain":0,"max_hp_loss":0,"event_name":"betterThird:BetterScrap","floor":2,"gold_loss":0,"cards_obtained":["Exhume"]},{"damage_healed":0,"gold_gain":0,"player_choice":"Grow","damage_taken":0,"max_hp_gain":0,"max_hp_loss":0,"event_name":"Living Wall","floor":5,"gold_loss":0,"cards_upgraded":["Static Discharge"]},{"damage_healed":0,"gold_gain":175,"player_choice":"AGREE","damage_taken":141,"max_hp_gain":0,"max_hp_loss":0,"event_name":"betterThird:BetterSerpent","floor":7,"gold_loss":0},{"damage_healed":0,"gold_gain":0,"player_choice":"Inject Mutagens","damage_taken":0,"relics_obtained":["MutagenicStrength"],"max_hp_gain":0,"max_hp_loss":0,"event_name":"Drug Dealer","floor":20,"gold_loss":0},{"damage_healed":0,"gold_gain":0,"player_choice":"Ignored","damage_taken":0,"max_hp_gain":0,"max_hp_loss":0,"event_name":"Ghosts","floor":25,"gold_loss":0},{"damage_healed":0,"gold_gain":275,"player_choice":"Desecrate","damage_taken":0,"max_hp_gain":0,"max_hp_loss":0,"event_name":"Golden Shrine","floor":27,"gold_loss":0,"cards_obtained":["Regret"]},{"damage_healed":0,"gold_gain":0,"player_choice":"Rummage","damage_taken":0,"relics_obtained":["WarpedTongs"],"max_hp_gain":0,"max_hp_loss":0,"event_name":"Accursed Blacksmith","floor":38,"gold_loss":0,"cards_obtained":["Pain"]}],"is_beta":false,"boss_relics":[{"not_picked":["Coffee Dripper","ReplayTheSpireMod:DimensionalGlitch"],"picked":"FrozenCore"},{"not_picked":["Snecko Eye","SlaversCollar"],"picked":"ChewingGum"}],"items_purged_floors":[48,48],"is_endless":false,"potions_floor_spawned":[3,11,18,23,29,31,35,40,44,45,47,54],"ascension_level":0}}