{"host":"y76clbnovzmw9ubx","time":1608040634,"event":{"mods":["AchievementEnabler","BaseMod","Minty Spire (QoL Compilation)","Permanent Neow","Relic Stats"],"gold_per_floor":[119,133,133,150,161,196,196,196,243,262,272,300,300,326,326,398,398,418,418,428,478,478,478],"floor_reached":22,"playtime":1044,"items_purged":[],"score":392,"play_id":"1c992611-12e6-401e-901e-f56c9188e8d8","local_time":"20201215085714","is_ascension_mode":true,"campfire_choices":[{"floor":7,"key":"REST"},{"floor":13,"key":"REST"},{"data":"Noxious Fumes","floor":15,"key":"SMITH"}],"circlet_count":0,"master_deck":["AscendersBane","Strike_G","Strike_G","Strike_G","Strike_G","Strike_G","Defend_G","Defend_G","Defend_G","Defend_G","Defend_G","Survivor","Neutralize","PiercingWail","Poisoned Stab","Footwork","Sucker Punch","Noxious Fumes+1","Flechettes","Dagger Spray","Bullet Time","Backflip","Footwork"],"relics":["Ring of the Snake","Matryoshka","Smiling Mask","Vajra","Thread and Needle","Anchor","Oddly Smooth Stone","Sozu","Enchiridion"],"acts_visited":["Exordium","TheCity"],"potions_floor_usage":[6,6,12,12],"damage_taken":[{"damage":2,"enemies":"Jaw Worm","floor":1,"turns":8},{"damage":17,"enemies":"Cultist","floor":2,"turns":7},{"damage":1,"enemies":"Small Slimes","floor":4,"turns":5},{"damage":6,"enemies":"Red Slaver","floor":5,"turns":5},{"damage":16,"enemies":"Lagavulin","floor":6,"turns":10},{"damage":16,"enemies":"Exordium Wildlife","floor":10,"turns":4},{"damage":2,"enemies":"Blue Slaver","floor":11,"turns":5},{"damage":9,"enemies":"3 Sentries","floor":12,"turns":5},{"damage":8,"enemies":"Hexaghost","floor":16,"turns":12},{"damage":20,"enemies":"Chosen","floor":18,"turns":6},{"damage":1,"enemies":"Shell Parasite","floor":20,"turns":5},{"damage":20,"enemies":"3 Cultists","floor":22,"turns":4}],"seed_played":"-1851352770065985246","potions_obtained":[{"floor":2,"key":"AttackPotion"},{"floor":4,"key":"DuplicationPotion"},{"floor":8,"key":"Poison Potion"},{"floor":8,"key":"DistilledChaos"}],"is_trial":false,"path_per_floor":["M","M","?","M","M","E","R","?","T","M","M","E","R","T","R","B",null,"M","?","M","?","M"],"character_chosen":"THE_SILENT","items_purchased":[],"campfire_rested":2,"item_purchase_floors":[],"current_hp_per_floor":[57,40,40,39,33,17,36,36,36,20,18,9,28,28,28,20,55,35,14,13,13,0,0],"gold":478,"neow_bonus":"THREE_CARDS","is_daily":false,"chose_seed":false,"campfire_upgraded":1,"win_rate":0.0,"timestamp":1608040634,"path_taken":["M","M","?","M","M","E","R","?","T","M","?","E","R","?","R","BOSS","M","?","M","?","M"],"items_purchased_type":[],"build_version":"2020-12-13","purchased_purges":0,"victory":false,"max_hp_per_floor":[66,66,66,66,66,66,66,66,66,66,66,66,66,66,66,66,66,66,66,66,66,66,66],"relic_stats":{"Sozu":1,"counters":[12,76],"Smiling Mask":0,"obtain_stats":[{"Sozu":17,"Anchor":14,"Matryoshka":6,"Vajra":9,"Oddly Smooth Stone":14,"Enchiridion":19,"Thread and Needle":12,"Smiling Mask":9,"Ring of the Snake":0},{"Sozu":9,"Anchor":8,"Matryoshka":5,"Vajra":5,"Oddly Smooth Stone":8,"Enchiridion":10,"Thread and Needle":8,"Smiling Mask":5,"Ring of the Snake":0},{"Sozu":61,"Anchor":49,"Matryoshka":35,"Vajra":35,"Oddly Smooth Stone":49,"Enchiridion":67,"Thread and Needle":49,"Smiling Mask":35,"Ring of the Snake":0}],"Ring of the Snake":[24]},"card_choices":[{"not_picked":["Endless Agony","Underhanded Strike"],"picked":"PiercingWail","floor":0},{"not_picked":["Acrobatics","Setup"],"picked":"Poisoned Stab","floor":1},{"not_picked":["Underhanded Strike","Predator"],"picked":"Footwork","floor":2},{"not_picked":["Cloak And Dagger","Expertise"],"picked":"Sucker Punch","floor":4},{"not_picked":["Blade Dance","Expertise","Tactician"],"picked":"SKIP","floor":5},{"not_picked":["Backflip","Quick Slash"],"picked":"Noxious Fumes","floor":6},{"not_picked":["Riddle With Holes","Heel Hook"],"picked":"Flechettes","floor":10},{"not_picked":["Dodge and Roll","Crippling Poison"],"picked":"Dagger Spray","floor":11},{"not_picked":["Tactician","Acrobatics","Dagger Spray"],"picked":"SKIP","floor":12},{"not_picked":["Tools of the Trade","A Thousand Cuts"],"picked":"Bullet Time","floor":16},{"not_picked":["Blur","Cloak And Dagger"],"picked":"Backflip","floor":18},{"not_picked":["Deflect","Dagger Spray"],"picked":"Footwork","floor":20}],"player_experience":2868501,"relics_obtained":[{"floor":6,"key":"Matryoshka"},{"floor":9,"key":"Smiling Mask"},{"floor":9,"key":"Vajra"},{"floor":12,"key":"Thread and Needle"},{"floor":14,"key":"Anchor"},{"floor":14,"key":"Oddly Smooth Stone"},{"floor":19,"key":"Enchiridion"}],"event_choices":[{"damage_healed":0,"gold_gain":0,"player_choice":"Ignored","damage_taken":0,"max_hp_gain":0,"max_hp_loss":0,"event_name":"Liars Game","floor":3,"gold_loss":0},{"damage_healed":0,"gold_gain":0,"player_choice":"Got Potions","damage_taken":0,"max_hp_gain":0,"max_hp_loss":0,"event_name":"Lab","floor":8,"gold_loss":0},{"damage_healed":0,"gold_gain":0,"player_choice":"Obtained Book","damage_taken":21,"max_hp_gain":0,"max_hp_loss":0,"event_name":"Cursed Tome","floor":19,"gold_loss":0},{"damage_healed":0,"gold_gain":50,"player_choice":"Pray","damage_taken":0,"max_hp_gain":0,"max_hp_loss":0,"event_name":"Golden Shrine","floor":21,"gold_loss":0}],"is_beta":false,"boss_relics":[{"not_picked":["Calling Bell","Ring of the Serpent"],"picked":"Sozu"}],"items_purged_floors":[],"is_endless":false,"potions_floor_spawned":[2,4,10,18],"killed_by":"3 Cultists","ascension_level":20}}