{"host":"svwqvw2il1zfkkg0","time":1608011927,"event":{"mods":["AchievementEnabler","BaseMod","BetterRewards","Colored Map","Colored Powertips","Custom Start","Downfall","GifTheSpireLib","Highlight Path","Hubris","Infinite Spire","Minty Spire (QoL Compilation)","Quick Restart","Replay The Spire","Shop Mod","StSLib","SuperFastMode"],"gold_per_floor":[216,12,24,39,39,72,72,103,153,167,167,198,36,50,50,151,151,169,169,169,183,183,183,201,231,231,63,63,63,63,78,110,121,121,225,225,242,242,255,275,292,292,292],"floor_reached":42,"playtime":2140,"items_purged":["Decay"],"score":508,"play_id":"80a1ea70-aefd-4144-92b9-e43cb94dcf9b","local_time":"20201214215847","is_ascension_mode":false,"campfire_choices":[{"floor":7,"key":"REST"},{"floor":11,"key":"REST"},{"data":"Blade Dance","floor":15,"key":"SMITH"},{"floor":26,"key":"REST"},{"floor":30,"key":"REST"}],"circlet_count":0,"master_deck":["Strike_G","Strike_G","Strike_G","Strike_G","Strike_G","Defend_G","Defend_G","Defend_G","Defend_G","Defend_G","Survivor","Neutralize","Cloak And Dagger+1","Endless Agony","Blade Dance+1","Hidden Blade","Choke","Prepared","Dagger Spray","Thinking Ahead","expansioncontent:DefensiveMode","hubris:Insight","Dagger Spray","Replay:Bag of Tricks","Blade Dance+1","Flying Knee","Bane+1","Bullet Time","All Out Attack","Blade Dance","Grand Finale","Adrenaline","Cloak And Dagger","All Out Attack","Choke+1","Parasite","Flying Knee+1"],"relics":["Ring of the Snake","Membership Card","Kunai","Regal Pillow","hubris:DisguiseKit","Strawberry","ReplayTheSpireMod:ShopPack","Honey Jar","hubris:AncientText","hubris:SlimyHat","Orichalcum","Replay:Rubber Ducky","hubris:Towel","Bronze Scales","Busted Crown"],"acts_visited":["Exordium","TheCity","TheBeyond"],"potions_floor_usage":[8,8,14,16,16,32,32,33,35,35,35,40,41,41,42],"damage_taken":[{"damage":2,"enemies":"2 Louse","floor":1,"turns":3},{"damage":3,"enemies":"Jaw Worm","floor":3,"turns":3},{"damage":0,"enemies":"Small Slimes","floor":4,"turns":2},{"damage":36,"enemies":"3 Sentries","floor":6,"turns":10},{"damage":16,"enemies":"Gremlin Nob","floor":8,"turns":3},{"damage":0,"enemies":"Exordium Wildlife","floor":10,"turns":3},{"damage":6,"enemies":"3 Sentries","floor":12,"turns":9},{"damage":0,"enemies":"Large Slime","floor":14,"turns":4},{"damage":20,"enemies":"Fading Forest","floor":16,"turns":11},{"damage":16,"enemies":"2 Thieves","floor":18,"turns":4},{"damage":8,"enemies":"Spheric Guardian","floor":21,"turns":4},{"damage":40,"enemies":"Centurion and Healer","floor":24,"turns":5},{"damage":0,"enemies":"Slavers","floor":25,"turns":1},{"damage":3,"enemies":"Shelled Parasite and Fungi","floor":31,"turns":3},{"damage":3,"enemies":"Book of Stabbing","floor":32,"turns":4},{"damage":9,"enemies":"Snake Plant","floor":33,"turns":3},{"damage":37,"enemies":"Collector","floor":35,"turns":9},{"damage":1,"enemies":"Orb Walker","floor":37,"turns":2},{"damage":19,"enemies":"3 Shapes","floor":39,"turns":3},{"damage":1,"enemies":"Sphere and 2 Shapes","floor":40,"turns":3},{"damage":16,"enemies":"Writhing Mass","floor":41,"turns":6},{"damage":56,"enemies":"Nemesis","floor":42,"turns":6}],"seed_played":"-8046819642883425355","potions_obtained":[{"floor":3,"key":"ColorlessPotion"},{"floor":6,"key":"CunningPotion"},{"floor":8,"key":"SkillPotion"},{"floor":12,"key":"Adrenaline Potion"},{"floor":18,"key":"SpeedPotion"},{"floor":25,"key":"champ:CounterPotion"},{"floor":32,"key":"CunningPotion"},{"floor":33,"key":"Flashbang"},{"floor":35,"key":"Adrenaline Potion"},{"floor":37,"key":"FearPotion"},{"floor":40,"key":"PowerPotion"},{"floor":41,"key":"sneckomod:MuddlingPotion"}],"is_trial":false,"path_per_floor":["M","$","M","M","?","E","R","E","T","M","R","E","$","M","R","B",null,"M","AVR","?","M","PTL","PTL","M","E","R","$","T","?","R","M","E","M","R_BF","B",null,"M","?","M","M","M","E"],"character_chosen":"THE_SILENT","items_purchased":["Membership Card","Cloak And Dagger+1","Endless Agony","Strawberry","ReplayTheSpireMod:ShopPack","SteroidPotion","Orichalcum","FearPotion","champ:CounterPotion"],"campfire_rested":4,"item_purchase_floors":[2,2,2,13,13,13,27,27,27],"current_hp_per_floor":[68,68,65,65,65,29,50,34,34,34,70,64,71,71,71,51,77,61,61,61,53,53,53,13,13,51,51,51,51,77,74,71,62,62,25,77,76,76,57,56,40,0,0],"gold":292,"neow_bonus":"HUNDRED_GOLD","is_daily":false,"chose_seed":false,"campfire_upgraded":1,"win_rate":0.0,"timestamp":1608011927,"path_taken":["M","$","M","M","?","E","R","E","T","M","R","E","$","M","R","BOSS","M","AVR","?","M","PTL","PTL","M","E","R","$","T","?","R","M","E","M","R_BF","BOSS","M","?","M","M","M","E"],"items_purchased_type":["Relic","Card","Card","Relic","Relic","Potion","Relic","Potion","Potion"],"build_version":"2020-12-13","purchased_purges":1,"victory":false,"max_hp_per_floor":[70,70,70,70,70,70,70,70,70,70,70,70,77,77,77,77,77,77,77,77,77,77,77,77,77,77,77,77,77,77,77,77,77,77,77,77,77,77,77,77,77,77,77],"card_choices":[{"not_picked":["Dodge and Roll","Escape Plan","hubris:SlightOfHand"],"picked":"SKIP","floor":1},{"not_picked":["Sucker Punch","ReplayTheSpireMod:Exploit Weakness"],"picked":"Blade Dance","floor":3},{"not_picked":["Poisoned Stab","Acrobatics","Terror"],"picked":"SKIP","floor":4},{"not_picked":["Backflip","Dagger Throw"],"picked":"Hidden Blade","floor":6},{"not_picked":["Burst","Dash"],"picked":"Choke","floor":8},{"not_picked":["Underhanded Strike","Well Laid Plans"],"picked":"Prepared","floor":10},{"not_picked":["Backflip","Escape Plan"],"picked":"Dagger Spray","floor":12},{"not_picked":["ReplayUltimateDefense","expansioncontent:QuickStudy","hubris:EnhanceAbility"],"picked":"Thinking Ahead","floor":13},{"not_picked":["Replay:Sssssssssstrike","Replay:SS_hec_4","Chrysalis"],"picked":"expansioncontent:DefensiveMode","floor":13},{"not_picked":["Chrysalis","ReplayTheSpireMod:Brewmster","expansioncontent:GoopSpray"],"picked":"hubris:Insight","floor":13},{"not_picked":["Slice","Flechettes","champ:DefensiveShout"],"picked":"Dagger Spray","floor":14},{"not_picked":["Doppelganger","ReplayTheSpireMod:From All Sides","champ:Improvising"],"picked":"Replay:Bag of Tricks","floor":16},{"not_picked":["ReplayTheSpireMod:Tripwire","Hidden Blade","Sucker Punch","champ:FlashCut"],"picked":"Blade Dance+1","floor":18},{"not_picked":["Crippling Poison","Outmaneuver","Envenom","champ:Backstep"],"picked":"Flying Knee","floor":21},{"not_picked":["Distraction","Dodge and Roll","Setup","champ:Lariat"],"picked":"Bane+1","floor":24},{"not_picked":["Sucker Punch","Outmaneuver","Underhanded Strike","champ:ShieldWall"],"picked":"Bullet Time","floor":25},{"not_picked":["Flying Knee","Hidden Blade+1","Slice+1","champ:HeartStrike"],"picked":"All Out Attack","floor":31},{"not_picked":["hubris:SlightOfHand","Bane","Expertise","Bouncing Flask+1"],"picked":"champ:DefensiveShout","floor":32},{"not_picked":["Leg Sweep","Finisher","Acrobatics","champ:ViciousMockery"],"picked":"Blade Dance","floor":33},{"not_picked":["Die Die Die","Replay:Bag of Tricks","Doppelganger","champ:SteelEdge"],"picked":"Adrenaline","floor":35},{"not_picked":["Flying Knee+1","champ:RecklessLeap"],"picked":"Cloak And Dagger","floor":37},{"not_picked":["Dagger Throw","champ:SkillfulDodge"],"picked":"All Out Attack","floor":39},{"not_picked":["Hidden Blade","champ:PreciseThrust"],"picked":"Choke+1","floor":40},{"not_picked":["Dagger Throw+1","champ:CalledShot"],"picked":"Flying Knee+1","floor":41}],"player_experience":377870,"relics_obtained":[{"floor":8,"key":"Kunai"},{"floor":9,"key":"Regal Pillow"},{"floor":12,"key":"hubris:DisguiseKit"},{"floor":25,"key":"hubris:SlimyHat"},{"floor":28,"key":"Replay:Rubber Ducky"},{"floor":32,"key":"Bronze Scales"}],"event_choices":[{"damage_healed":0,"gold_gain":0,"player_choice":"Leave","damage_taken":0,"max_hp_gain":0,"max_hp_loss":0,"event_name":"The Cleric","floor":5,"gold_loss":0},{"damage_healed":0,"gold_gain":0,"player_choice":"Smashed Altar","damage_taken":0,"max_hp_gain":0,"max_hp_loss":0,"event_name":"Forgotten Altar","floor":20,"gold_loss":0,"cards_obtained":["Decay"]}],"is_beta":false,"boss_relics":[{"not_picked":["hubris:Stopwatch","Coffee Dripper"],"picked":"Honey Jar"},{"not_picked":["ReplayTheSpireMod:SealedPack","hubris:VirtuousBlindfold"],"picked":"Busted Crown"}],"items_purged_floors":[27],"is_endless":false,"potions_floor_spawned":[3,6,8,12,18,25,32,33,35,37,40,41],"killed_by":"Nemesis","ascension_level":0}}