{"host":"951sez6ulsv0fw1i","time":1608057761,"event":{"mods":["2.2 Compatiblity","Aspiration","BaseMod","Better Third Choice","BetterRewards","CCEM","CapriCore","Conspire","Downfall","Googly Eyes","Hermit","Infinite Spire","JesterMod","Luminous","Mari Mod (Legacy)","Mari\u0027s V1 Patch","Marisa????????","Minty Spire (QoL Compilation)","Potionbrewer","Reimu??????","Shade Mod","StSLib","The Bug Knight","The Cursed","The Forsaken","The Immortal","The Mystic","The Poker Player","The Runesmith","The Servant 0.9.4","TheBandit","TheSwordswoman"],"gold_per_floor":[362,405,42,60,70,100,118,118,118,118,118,133,163,230,230,330,330,342,392,0,16,66,91,91,91],"floor_reached":24,"playtime":1595,"items_purged":[],"score":264,"play_id":"d0c74738-e27e-446c-a68c-372e3c6d3a33","local_time":"20201215194241","is_ascension_mode":true,"campfire_choices":[{"data":"HollowMod:ChannelNail","floor":8,"key":"SMITH"},{"data":"HollowMod:RecoilStrike","floor":11,"key":"SMITH"},{"data":"HollowMod:SiblingsSouls","floor":15,"key":"SMITH"}],"circlet_count":0,"master_deck":["HollowMod:NailStrikeStart","HollowMod:NailStrikeStart","HollowMod:NailStrikeStart","HollowMod:NailStrikeStart","HollowMod:QuickDashStart","HollowMod:QuickDashStart","HollowMod:QuickDashStart","HollowMod:QuickDashStart","HollowMod:FocusHealStart","HollowMod:PogoStrike","HollowMod:SiblingsSouls+1","HollowMod:DashSlash","HollowMod:HornetsHelp","HollowMod:CloakDash","HollowMod:ChannelNail+1","HollowMod:RecoilStrike+1","HollowMod:MantisMark","HollowMod:HowlingWraiths","HollowMod:NewLittleFool","HollowMod:Hiveblood","HollowMod:SoulSplash+1","theForsaken:PlagueCurse","HollowMod:CornifersMapStart","HollowMod:DreamGate"],"relics":["HollowMod:VesselMask","Lantern","StoneCalendar","White Beast Statue","Runesmith:Nanobots","SsserpentHead","conspire:Dentures","aspiration:RitualDagger","theForsaken:PlagueMask","Akabeko"],"acts_visited":["Exordium","TheCity"],"potions_floor_usage":[6,13],"damage_taken":[{"damage":10,"enemies":"Cultist","floor":1,"turns":4},{"damage":16,"enemies":"conspire:MimicChest","floor":2,"turns":6},{"damage":0,"enemies":"2 Louse","floor":4,"turns":3},{"damage":4,"enemies":"conspire:RoseBush","floor":5,"turns":3},{"damage":16,"enemies":"Gremlin Nob","floor":6,"turns":4},{"damage":4,"enemies":"Red Slaver","floor":7,"turns":3},{"damage":0,"enemies":"Looter","floor":12,"turns":2},{"damage":0,"enemies":"HollowMod:MossKnight","floor":13,"turns":7},{"damage":0,"enemies":"Large Slime","floor":14,"turns":5},{"damage":22,"enemies":"Hexaghost","floor":16,"turns":8},{"damage":49,"enemies":"Shell Parasite","floor":18,"turns":7},{"damage":24,"enemies":"3 Byrds","floor":21,"turns":7},{"damage":58,"enemies":"conspire:Head Lice","floor":23,"turns":8}],"seed_played":"-7858876316088805719","potions_obtained":[{"floor":2,"key":"ZuzhouPotion:ReiMu"},{"floor":4,"key":"LiquidMemories"},{"floor":5,"key":"potionbrewer:ToxicPotion"},{"floor":6,"key":"SkillPotion"},{"floor":7,"key":"PowerPotion"},{"floor":12,"key":"FairyPotion"},{"floor":13,"key":"Strength Potion"},{"floor":14,"key":"potionbrewer:NoxiousPotion"},{"floor":23,"key":"SpeedPotion"}],"is_trial":false,"path_per_floor":["M","?","$","M","M","E","M","R","T","?","R","M","E","M","R","B",null,"M","?","?","M","?","E","$"],"character_chosen":"THE_BUGKNIGHT","items_purchased":["StoneCalendar","HollowMod:HornetsHelp"],"campfire_rested":0,"item_purchase_floors":[3,3],"current_hp_per_floor":[54,48,48,48,44,34,36,36,36,36,36,36,46,46,46,30,75,51,51,51,33,33,20,20,20],"gold":91,"neow_bonus":"TWO_FIFTY_GOLD","is_daily":false,"chose_seed":false,"campfire_upgraded":3,"win_rate":0.0,"timestamp":1608057761,"path_taken":["M","?","$","M","?","E","M","R","T","?","R","M","E","?","R","BOSS","M","?","?","M","?","E","$"],"items_purchased_type":["Relic","Card"],"build_version":"2020-12-13","purchased_purges":0,"victory":false,"max_hp_per_floor":[75,75,75,75,75,75,75,75,75,75,75,75,75,75,75,75,75,75,75,75,75,75,75,75,75],"card_choices":[{"not_picked":["HollowMod:SharpenedShadows","HollowMod:TaintedHusks"],"picked":"HollowMod:SiblingsSouls","floor":1},{"not_picked":["HollowMod:DoubleDash","HollowMod:InfectedAttack"],"picked":"HollowMod:DashSlash","floor":2},{"not_picked":["HollowMod:QuirrelsAssistance","HollowMod:CornifersMapStart"],"picked":"HollowMod:CloakDash","floor":4},{"not_picked":["HollowMod:HowlingWraiths","HollowMod:FastStrike"],"picked":"HollowMod:ChannelNail","floor":5},{"not_picked":["HollowMod:Weaversong","HollowMod:MothsMistake"],"picked":"HollowMod:RecoilStrike","floor":6},{"not_picked":["HollowMod:SharpenedNail","HollowMod:SoulEater"],"picked":"HollowMod:MantisMark","floor":7},{"not_picked":["HollowMod:GrimmsGift","HollowMod:CoiledNail","HollowMod:TaintedHusks"],"picked":"SKIP","floor":12},{"not_picked":["HollowMod:NewJinnsSoul","HollowMod:NewLittleFool"],"picked":"HollowMod:HowlingWraiths","floor":13},{"not_picked":["HollowMod:GoodIntentions","HollowMod:FastStrike"],"picked":"HollowMod:NewLittleFool","floor":14},{"not_picked":["HollowMod:HornetsHelp","HollowMod:LifebloodCore"],"picked":"HollowMod:Hiveblood","floor":16},{"not_picked":["HollowMod:ChannelNail","HollowMod:CycloneSlash"],"picked":"HollowMod:SoulSplash+1","floor":18},{"not_picked":["HollowMod:InfectedAttack","HollowMod:CoiledNail","HollowMod:GrimmsGift"],"picked":"SKIP","floor":21},{"not_picked":["HollowMod:Grubsong","HollowMod:MonarchWings"],"picked":"HollowMod:DreamGate","floor":23}],"player_experience":506093,"relics_obtained":[{"floor":2,"key":"Lantern"},{"floor":6,"key":"White Beast Statue"},{"floor":9,"key":"Runesmith:Nanobots"},{"floor":13,"key":"conspire:Dentures"},{"floor":23,"key":"Akabeko"}],"event_choices":[{"damage_healed":0,"gold_gain":0,"player_choice":"Trade","damage_taken":0,"relics_obtained":["SsserpentHead"],"max_hp_gain":0,"max_hp_loss":0,"event_name":"FaceTrader","floor":10,"gold_loss":0},{"damage_healed":0,"gold_gain":0,"player_choice":"Obtain Plague Curse","damage_taken":0,"max_hp_gain":0,"max_hp_loss":0,"event_name":"Plague Doctor","floor":19,"gold_loss":0,"cards_obtained":["theForsaken:PlagueCurse"]},{"damage_healed":0,"gold_gain":0,"player_choice":"Paid Fearfully","damage_taken":0,"max_hp_gain":0,"max_hp_loss":0,"event_name":"Masked Bandits","floor":20,"gold_loss":442},{"damage_healed":0,"gold_gain":0,"player_choice":"Read","damage_taken":0,"max_hp_gain":0,"max_hp_loss":0,"event_name":"The Library","floor":22,"gold_loss":0,"cards_obtained":["HollowMod:CornifersMapStart"]}],"is_beta":false,"boss_relics":[{"not_picked":["Runic Pyramid","MariMod:MariFestivalBadge"],"picked":"aspiration:RitualDagger"}],"items_purged_floors":[],"is_endless":false,"potions_floor_spawned":[2,4,5,6,7,12,13,14,16,18,21,23],"ascension_level":1}}