{"host":"3a1ypf1irl30q4k8","time":1608057138,"event":{"mods":["AchievementEnabler","BaseMod","Bestiary","Colored Map","Minty Spire (QoL Compilation)","Relic Stats"],"gold_per_floor":[112,131,131,142,156,183,183,212,236,248,248,286,296,312,312,408,408,424,474,490,465,62,62,94,94,94,144,27,43,108,108,108],"floor_reached":31,"playtime":1394,"items_purged":["Strike_B"],"score":426,"play_id":"377a39e4-f297-4570-8e81-0cdc895e0c76","local_time":"20201215183218","is_ascension_mode":true,"campfire_choices":[{"data":"Chill","floor":7,"key":"SMITH"},{"data":"Auto Shields","floor":15,"key":"SMITH"},{"floor":23,"key":"REST"},{"data":"Defragment","floor":25,"key":"SMITH"}],"circlet_count":0,"master_deck":["Defend_B","Defend_B","Defend_B","Defend_B","Zap","Dualcast","Static Discharge+1","Chill+1","Melter","Auto Shields+1","Recycle","FTL","Chaos","Ball Lightning","Defragment+1","Undo","Echo Form","Ball Lightning","Static Discharge","Static Discharge+1","Beam Cell","Heatsinks","Lockon+1","Storm","Turbo","Ball Lightning+1"],"relics":["Cracked Core","Lizard Tail","MealTicket","Anchor","Toy Ornithopter","SsserpentHead","Nuclear Battery","Singing Bowl","DataDisk","InkBottle"],"acts_visited":["Exordium","TheCity"],"potions_floor_usage":[6,6,6,24,29,30],"damage_taken":[{"damage":1,"enemies":"Cultist","floor":1,"turns":3},{"damage":15,"enemies":"Small Slimes","floor":2,"turns":4},{"damage":0,"enemies":"2 Louse","floor":4,"turns":2},{"damage":5,"enemies":"Blue Slaver","floor":5,"turns":4},{"damage":0,"enemies":"Gremlin Nob","floor":6,"turns":2},{"damage":27,"enemies":"Lagavulin","floor":8,"turns":5},{"damage":9,"enemies":"Large Slime","floor":10,"turns":5},{"damage":12,"enemies":"Exordium Thugs","floor":12,"turns":4},{"damage":0,"enemies":"Looter","floor":13,"turns":2},{"damage":0,"enemies":"3 Louse","floor":14,"turns":3},{"damage":20,"enemies":"The Guardian","floor":16,"turns":10},{"damage":14,"enemies":"2 Thieves","floor":18,"turns":3},{"damage":14,"enemies":"Chosen","floor":20,"turns":4},{"damage":26,"enemies":"Book of Stabbing","floor":24,"turns":4},{"damage":22,"enemies":"Snecko","floor":29,"turns":5},{"damage":16,"enemies":"3 Cultists","floor":30,"turns":4},{"damage":32,"enemies":"Gremlin Leader","floor":31,"turns":5}],"seed_played":"2323860048189333185","potions_obtained":[{"floor":1,"key":"AttackPotion"},{"floor":4,"key":"SteroidPotion"},{"floor":5,"key":"FocusPotion"},{"floor":16,"key":"AttackPotion"},{"floor":24,"key":"BlessingOfTheForge"},{"floor":29,"key":"Block Potion"}],"is_trial":false,"path_per_floor":["M","M","?","M","M","E","R","E","T","M","?","M","M","M","R","B",null,"M","?","M","?","$","R","E","R","T","?","$","M","M","E"],"character_chosen":"DEFECT","items_purchased":["Heatsinks","Singing Bowl","Storm","FearPotion"],"campfire_rested":1,"item_purchase_floors":[22,22,28,28],"current_hp_per_floor":[67,52,52,52,47,47,47,20,20,11,11,34,34,34,34,14,55,41,41,27,27,42,62,41,41,41,41,56,39,28,0,0],"gold":108,"neow_bonus":"ONE_RARE_RELIC","is_daily":false,"chose_seed":false,"campfire_upgraded":3,"win_rate":0.0,"timestamp":1608057138,"path_taken":["M","M","?","M","M","E","R","E","T","M","?","?","M","M","R","BOSS","M","?","M","?","$","R","E","R","T","?","$","M","?","E"],"items_purchased_type":["Card","Relic","Card","Potion"],"build_version":"2020-12-13","purchased_purges":1,"victory":false,"max_hp_per_floor":[68,68,68,68,68,68,68,68,68,68,68,68,68,68,68,68,68,68,68,68,68,68,68,68,68,68,68,68,68,68,68,68],"relic_stats":{"SsserpentHead":250,"Lizard Tail":34,"Singing Bowl":0,"counters":[17,69],"MealTicket":30,"obtain_stats":[{"SsserpentHead":11,"Lizard Tail":0,"Anchor":8,"DataDisk":24,"Singing Bowl":22,"MealTicket":6,"Cracked Core":0,"Toy Ornithopter":9,"InkBottle":26,"Nuclear Battery":17},{"SsserpentHead":7,"Lizard Tail":0,"Anchor":6,"DataDisk":14,"Singing Bowl":13,"MealTicket":5,"Cracked Core":0,"Toy Ornithopter":6,"InkBottle":14,"Nuclear Battery":11},{"SsserpentHead":25,"Lizard Tail":0,"Anchor":20,"DataDisk":55,"Singing Bowl":51,"MealTicket":15,"Cracked Core":0,"Toy Ornithopter":20,"InkBottle":55,"Nuclear Battery":44}],"Toy Ornithopter":15,"InkBottle":[5]},"card_choices":[{"not_picked":["Storm","Force Field"],"picked":"Static Discharge","floor":1},{"not_picked":["Rebound","Gash"],"picked":"Chill","floor":2},{"not_picked":["Hologram","Rebound"],"picked":"Melter","floor":4},{"not_picked":["Streamline","Barrage"],"picked":"Auto Shields","floor":5},{"not_picked":["Blizzard","Stack"],"picked":"Recycle","floor":6},{"not_picked":["Double Energy","Stack"],"picked":"FTL","floor":8},{"not_picked":["Rebound","Hello World"],"picked":"Chaos","floor":10},{"not_picked":["Redo","Capacitor"],"picked":"Ball Lightning","floor":12},{"not_picked":["Scrape","White Noise"],"picked":"Defragment","floor":13},{"not_picked":["Thunder Strike","White Noise"],"picked":"Undo","floor":14},{"not_picked":["All For One","Creative AI"],"picked":"Echo Form","floor":16},{"not_picked":["Melter","Sunder+1"],"picked":"Ball Lightning","floor":18},{"not_picked":["Reprogram+1","Stack+1"],"picked":"Beam Cell","floor":20},{"not_picked":["Redo","Coolheaded+1"],"picked":"Lockon+1","floor":24},{"not_picked":["Melter","White Noise"],"picked":"Turbo","floor":29},{"not_picked":["Streamline","Rip and Tear"],"picked":"Ball Lightning+1","floor":30}],"player_experience":848198,"relics_obtained":[{"floor":6,"key":"MealTicket"},{"floor":8,"key":"Anchor"},{"floor":9,"key":"Toy Ornithopter"},{"floor":24,"key":"DataDisk"},{"floor":26,"key":"InkBottle"}],"event_choices":[{"damage_healed":0,"gold_gain":0,"player_choice":"Grow","damage_taken":0,"max_hp_gain":0,"max_hp_loss":0,"event_name":"Living Wall","floor":3,"gold_loss":0,"cards_upgraded":["Static Discharge"]},{"damage_healed":0,"gold_gain":0,"player_choice":"Trade","damage_taken":0,"relics_obtained":["SsserpentHead"],"max_hp_gain":0,"max_hp_loss":0,"event_name":"FaceTrader","floor":11,"gold_loss":0},{"damage_healed":0,"gold_gain":0,"cards_transformed":["Strike_B","Strike_B"],"player_choice":"Became Test Subject","damage_taken":0,"max_hp_gain":0,"max_hp_loss":0,"event_name":"Drug Dealer","floor":19,"gold_loss":0,"cards_obtained":["Static Discharge","Static Discharge"]},{"cards_removed":["Strike_B"],"damage_healed":0,"gold_gain":0,"player_choice":"Gave Gold","damage_taken":0,"max_hp_gain":0,"max_hp_loss":0,"event_name":"Beggar","floor":21,"gold_loss":75},{"damage_healed":0,"gold_gain":0,"player_choice":"Forge","damage_taken":0,"max_hp_gain":0,"max_hp_loss":0,"event_name":"Accursed Blacksmith","floor":27,"gold_loss":0,"cards_upgraded":["Static Discharge"]}],"is_beta":false,"boss_relics":[{"not_picked":["Ectoplasm","Pandora\u0027s Box"],"picked":"Nuclear Battery"}],"items_purged_floors":[22],"is_endless":false,"potions_floor_spawned":[1,4,5,16,24,29],"killed_by":"Gremlin Leader","ascension_level":9}}