{"host":"oy4pyvr762z5n0bb","time":1608074440,"event":{"mods":["AchievementEnabler","BaseMod","Colored Map","Colored Powertips","Googly Eyes","Key Reminder","Minty Spire (QoL Compilation)","Quick Restart","Relic Sorter","StSLib","SuperFastMode","Unceasing Turn Reminder","slay the spire mod where everything is the same but ironclad has a cowboy hat"],"gold_per_floor":[117,117,137,151,4,36,36,69,122,122,147,161,171,206,206,301,301,316,316,172,172,22,22,22,52,52,52,87,103,128,138,138,138,138],"floor_reached":33,"playtime":783,"items_purged":["Strike_R"],"score":422,"play_id":"c106fae3-6ff8-40a3-9613-e0a639ea08f0","local_time":"20201215152040","is_ascension_mode":true,"campfire_choices":[{"data":"Dual Wield","floor":7,"key":"SMITH"},{"data":"Inflame","floor":15,"key":"SMITH"},{"data":"Limit Break","floor":23,"key":"SMITH"},{"data":"Disarm","floor":27,"key":"SMITH"},{"data":"Ghostly Armor","floor":32,"key":"SMITH"}],"circlet_count":0,"master_deck":["Strike_R","Strike_R","Strike_R","Defend_R","Defend_R","Defend_R","Defend_R","Bash","Cleave","Seeing Red+1","Inflame+1","Dual Wield+1","Carnage","True Grit+1","Armaments","Disarm+1","Limit Break+1","Ghostly Armor+1","Battle Trance","Limit Break+1","Pommel Strike","Flex"],"relics":["Burning Blood","NeowsBlessing","Bag of Preparation","Singing Bowl","Orichalcum","Toy Ornithopter","Pear","PreservedInsect","keyreminder:keyreminder","Coffee Dripper","War Paint","Happy Flower","Dead Branch","Self Forming Clay","Smiling Mask","Pen Nib"],"acts_visited":["Exordium","TheCity"],"potions_floor_usage":[6,8,11,14,14,16,25,33,33,33],"damage_taken":[{"damage":0,"enemies":"2 Louse","floor":1,"turns":1},{"damage":0,"enemies":"Cultist","floor":3,"turns":1},{"damage":0,"enemies":"Small Slimes","floor":4,"turns":1},{"damage":8,"enemies":"Gremlin Nob","floor":6,"turns":3},{"damage":30,"enemies":"3 Sentries","floor":8,"turns":5},{"damage":14,"enemies":"Lagavulin","floor":11,"turns":4},{"damage":8,"enemies":"2 Fungi Beasts","floor":12,"turns":3},{"damage":18,"enemies":"Lots of Slimes","floor":13,"turns":3},{"damage":17,"enemies":"3 Sentries","floor":14,"turns":8},{"damage":21,"enemies":"Slime Boss","floor":16,"turns":9},{"damage":10,"enemies":"Shell Parasite","floor":18,"turns":5},{"damage":2,"enemies":"Gremlin Leader","floor":25,"turns":5},{"damage":28,"enemies":"Slavers","floor":28,"turns":5},{"damage":15,"enemies":"3 Byrds","floor":29,"turns":5},{"damage":38,"enemies":"Gremlin Leader","floor":30,"turns":6},{"damage":21,"enemies":"Centurion and Healer","floor":31,"turns":5},{"damage":55,"enemies":"Automaton","floor":33,"turns":6}],"seed_played":"1681302779657335667","potions_obtained":[{"floor":3,"key":"LiquidMemories"},{"floor":4,"key":"Energy Potion"},{"floor":8,"key":"ColorlessPotion"},{"floor":10,"key":"Fruit Juice"},{"floor":10,"key":"Dexterity Potion"},{"floor":12,"key":"Weak Potion"},{"floor":16,"key":"Block Potion"},{"floor":25,"key":"BlessingOfTheForge"},{"floor":28,"key":"FearPotion"},{"floor":31,"key":"SpeedPotion"}],"is_trial":false,"path_per_floor":["M","?","M","M","$","E","R","E","T","?","E","M","M","E","R","B",null,"M","T","$","?","$","R","?","E","T","R","E","M","E","M","R","B"],"character_chosen":"IRONCLAD","items_purchased":["Bag of Preparation","Battle Trance","Happy Flower"],"campfire_rested":0,"item_purchase_floors":[5,20,22],"current_hp_per_floor":[80,80,80,80,80,78,78,54,54,54,61,59,47,53,53,43,97,93,93,93,93,93,93,93,97,97,97,77,68,38,25,25,0,0],"gold":138,"neow_bonus":"THREE_ENEMY_KILL","is_daily":false,"chose_seed":false,"campfire_upgraded":5,"win_rate":0.0,"timestamp":1608074440,"path_taken":["M","?","?","M","$","E","R","E","T","?","E","M","M","E","R","BOSS","M","?","$","?","$","R","?","E","T","R","E","M","E","?","R","BOSS"],"items_purchased_type":["Relic","Card","Relic"],"build_version":"2020-12-13","purchased_purges":1,"victory":false,"max_hp_per_floor":[80,80,80,80,80,80,80,80,80,80,90,90,90,97,97,97,97,97,97,97,97,97,97,97,97,97,97,99,99,101,103,103,103,103],"card_choices":[{"not_picked":["Thunderclap","Armaments"],"picked":"Cleave","floor":1},{"not_picked":["Havoc","Anger"],"picked":"Seeing Red","floor":3},{"not_picked":["Havoc","Whirlwind"],"picked":"Inflame","floor":4},{"not_picked":["Havoc","Blood for Blood"],"picked":"Dual Wield","floor":6},{"not_picked":["Dark Embrace","Corruption"],"picked":"Carnage","floor":8},{"not_picked":["Searing Blow","Dark Embrace"],"picked":"True Grit","floor":11},{"not_picked":["Dual Wield","Sentinel"],"picked":"Armaments","floor":12},{"not_picked":["Cleave","Perfected Strike"],"picked":"Disarm","floor":13},{"not_picked":["Clash","Entrench","Flex"],"picked":"Singing Bowl","floor":14},{"not_picked":["Immolate","Impervious"],"picked":"Limit Break","floor":16},{"not_picked":["Flex","Warcry"],"picked":"Ghostly Armor","floor":18},{"not_picked":["Iron Wave","Ghostly Armor"],"picked":"Pommel Strike","floor":25},{"not_picked":["Iron Wave+1","Bludgeon","Rupture+1"],"picked":"Singing Bowl","floor":28},{"not_picked":["Clothesline","Carnage"],"picked":"Flex","floor":29},{"not_picked":["Armaments","Thunderclap","Uppercut"],"picked":"Singing Bowl","floor":30},{"not_picked":["Blood for Blood","Twin Strike","Dropkick"],"picked":"Singing Bowl","floor":31}],"player_experience":541592,"relics_obtained":[{"floor":6,"key":"Singing Bowl"},{"floor":8,"key":"Orichalcum"},{"floor":9,"key":"Toy Ornithopter"},{"floor":11,"key":"Pear"},{"floor":14,"key":"PreservedInsect"},{"floor":19,"key":"War Paint"},{"floor":25,"key":"Dead Branch"},{"floor":26,"key":"Self Forming Clay"},{"floor":28,"key":"Smiling Mask"},{"floor":30,"key":"Pen Nib"}],"event_choices":[{"cards_removed":["Strike_R"],"damage_healed":0,"gold_gain":0,"player_choice":"Purged","damage_taken":0,"max_hp_gain":0,"max_hp_loss":0,"event_name":"Purifier","floor":2,"gold_loss":0},{"damage_healed":0,"gold_gain":0,"player_choice":"Got Potions","damage_taken":0,"max_hp_gain":0,"max_hp_loss":0,"event_name":"Lab","floor":10,"gold_loss":0},{"damage_healed":0,"gold_gain":0,"player_choice":"Ignored","damage_taken":0,"max_hp_gain":0,"max_hp_loss":0,"event_name":"Ghosts","floor":21,"gold_loss":0},{"damage_healed":0,"gold_gain":0,"player_choice":"Copied","damage_taken":0,"max_hp_gain":0,"max_hp_loss":0,"event_name":"Duplicator","floor":24,"gold_loss":0,"cards_obtained":["Limit Break"]}],"is_beta":false,"boss_relics":[{"not_picked":["Astrolabe","SacredBark"],"picked":"Coffee Dripper"}],"items_purged_floors":[20],"is_endless":false,"potions_floor_spawned":[3,4,8,12,16,25,28,31],"killed_by":"Automaton","ascension_level":4}}