{"host":"yciysiy0jlorh0h5","time":1608007239,"event":{"mods":["2.2 Compatiblity","Act Like it!","BaseMod","Bestiary","Better Match","BetterRewards","Curses Come First","Elementarium","Hallownest","Hermit","Hubris","Infinite Spire","Minty Spire (QoL Compilation)","Rare Cards Sparkle","Replay The Spire","Shade Mod","StSLib","The Alterego","The Construct","The Cursed","The Hierophant","The Judge","The Mystic","The Runesmith","The Servant 0.9.4","Wandering Minibosses","vexMod"],"gold_per_floor":[119,12,29,29,44,78,78,96,145,75,75,94,109,34,34,138,138,152,163,163,163,182,182,182,192,192,192,92,105,119,152,152,256,922,936,1096,1096,1096],"floor_reached":37,"playtime":4626,"items_purged":["Hallownest:curseDreamersLament","TimeWarp"],"score":541,"play_id":"46ef3bf4-e7ea-492c-a9dc-a8f63772aa91","local_time":"20201214224039","is_ascension_mode":false,"campfire_choices":[{"data":"BestPractice","floor":7.0,"key":"SMITH"},{"data":"PendulumOfEternity","floor":11.0,"key":"SMITH"},{"floor":23.0,"key":"REST"},{"floor":27.0,"key":"REST"},{"floor":32.0,"key":"REST"}],"circlet_count":0,"master_deck":["Rearm","Strike_S+1","Strike_S","Strike_S","Strike_S","Defend_S","Defend_S","Defend_S","Defend_S+1","KidneyShot","Exchange","Luminosity","Sabotage+1","Defy","Moondial","BestPractice+1","PendulumOfEternity+1","Ricochet","KillingDoll","Embodiment","Misdirection","Unruled","Duplication","Revamp","Rewind","Sunlight","Pride","Pride","Pride","DoubleEdge+1"],"relics":["Uniform","NeowsBlessing","Hallownest:TeacherSealRelic","Replay:Kaleidoscope","Simple Rune","Hallownest:StagBellRelic1","vexMod:MysteryBossChallenge","Fusion Hammer","hubris:ScarierMask","Red Mask","Replay:Ringing Soul","hubris:MysteriousPyramids","vexMod:RockOfEvil","Hallownest:GodTamersBeastRelic"],"acts_visited":["Hallownest:Greenpath","Hallownest:CityofTears","Hallownest:KingdomsEdge"],"potions_floor_usage":[36],"damage_taken":[{"damage":0.0,"enemies":"Hallownest:2_Baldur","floor":1.0,"turns":1.0},{"damage":0.0,"enemies":"Hallownest:monsterHuskWarrior","floor":3.0,"turns":1.0},{"damage":1.0,"enemies":"Hallownest:2_Tiktiks_and_1_Crawlid","floor":5.0,"turns":3.0},{"damage":0.0,"enemies":"Hallownest:eliteMossKnight","floor":6.0,"turns":6.0},{"damage":0.0,"enemies":"Hallownest:Wandering_and_Horned","floor":8.0,"turns":5.0},{"damage":5.0,"enemies":"Hallownest:MossCreep_and_Mosskin","floor":12.0,"turns":3.0},{"damage":0.0,"enemies":"Hallownest:1_Baldur_1_Crawlid_1_Warrior","floor":13.0,"turns":5.0},{"damage":0.0,"enemies":"Hallownest:BossBrokenVessel","floor":16.0,"turns":7.0},{"damage":39.0,"enemies":"Hallownest:3_Youths","floor":18.0,"turns":8.0},{"damage":17.0,"enemies":"Hallownest:Guard_and_Sentry","floor":19.0,"turns":4.0},{"damage":4.0,"enemies":"Hallownest:2_Flukemon","floor":22.0,"turns":4.0},{"damage":0.0,"enemies":"Hallownest:Warrior_and_Youth","floor":25.0,"turns":3.0},{"damage":4.0,"enemies":"Hallownest:Master_and_Novice","floor":29.0,"turns":3.0},{"damage":6.0,"enemies":"Hallownest:2_Husk_Sentries","floor":30.0,"turns":4.0},{"damage":26.0,"enemies":"Nightmare","floor":31.0,"turns":9.0},{"damage":25.0,"enemies":"Hallownest:BossSoulMaster","floor":33.0,"turns":14.0},{"damage":22,"enemies":"Hallownest:2_Littles","floor":35,"turns":6},{"damage":0,"enemies":"Hallownest:2_Littles","floor":36,"turns":3},{"damage":6,"enemies":"Hallownest:2_Littles","floor":36,"turns":3},{"damage":51,"enemies":"Hallownest:2_Littles","floor":36,"turns":8},{"damage":0,"enemies":"Hallownest:2_Littles","floor":36,"turns":2},{"damage":4,"enemies":"Hallownest:3_Siblings","floor":37,"turns":3}],"seed_played":"-6513154844799081148","potions_obtained":[{"floor":1.0,"key":"Weak Potion"},{"floor":5.0,"key":"BlessingOfTheForge"},{"floor":8.0,"key":"SkillPotion"},{"floor":13.0,"key":"FearPotion"},{"floor":16.0,"key":"Dexterity Potion"},{"floor":22.0,"key":"Block Potion"},{"floor":30.0,"key":"Weak Potion"},{"floor":33.0,"key":"SpeedPotion"}],"is_trial":false,"path_per_floor":["M","$","M","?","M","E","R","M","T","?","R","M","M","$","R","B",null,"M","M","AVR","?","M","R","?","M","T","R","$","M","M","NM","R","B",null,"M","?","M"],"character_chosen":"THE_SERVANT","items_purchased":["Sabotage+1","Defy"],"campfire_rested":3,"item_purchase_floors":[2,2],"current_hp_per_floor":[65,65,65,65,64,64,64,64,64,64,64,59,59,59,50,50,65,26,9,9,15,11,30,30,30,30,49,49,48,45,19,40,18,77,58,1,0,0],"gold":1096,"neow_bonus":"THREE_ENEMY_KILL","is_daily":false,"chose_seed":false,"campfire_upgraded":2,"win_rate":0.0,"timestamp":1608007239,"path_taken":["M","$","M","?","M","E","R","M","T","?","R","M","M","?","R","BOSS","M","M","AVR","?","M","R","?","M","T","R","?","M","M","NM","R","BOSS","M","?","M"],"items_purchased_type":["Card","Card"],"build_version":"2020-12-13","purchased_purges":2,"victory":false,"max_hp_per_floor":[65,65,65,65,65,65,65,65,65,65,65,65,65,65,65,65,65,65,65,65,65,65,65,65,65,65,65,65,68,71,71,71,74,77,80,80,80,80],"card_choices":[{"not_picked":["Rewind","WasteNot"],"picked":"Luminosity","floor":1.0},{"not_picked":["ShiftingGears","DoubleEdge"],"picked":"Moondial","floor":3.0},{"not_picked":["ShiftingGears","Alleviate"],"picked":"TimeWarp","floor":5.0},{"not_picked":["DoubleEdge","Read"],"picked":"BestPractice","floor":6.0},{"not_picked":["Ricochet","ShatteredReality"],"picked":"PendulumOfEternity","floor":8.0},{"not_picked":["Spin","Alleviate"],"picked":"Ricochet","floor":12.0},{"not_picked":["Rearm","Moonlight"],"picked":"KillingDoll","floor":13.0},{"not_picked":["ForgedInTime","FloweringNight"],"picked":"Embodiment","floor":16.0},{"not_picked":["Replace","TimeWarp"],"picked":"Misdirection","floor":18.0},{"not_picked":["Ricochet","Misdirection","Replace"],"picked":"SKIP","floor":19.0},{"not_picked":["Potential","Alleviate"],"picked":"Unruled","floor":22.0},{"not_picked":["Alleviate","WasteNot"],"picked":"Duplication","floor":25.0},{"not_picked":["FastForward+1","Rearm"],"picked":"Revamp","floor":29.0},{"not_picked":["Rearm","Advance"],"picked":"Rewind","floor":30.0},{"not_picked":["WasteNot","Replace","FastForward"],"picked":"SKIP","floor":31.0},{"not_picked":["FlawlessForm","Dilation"],"picked":"Sunlight","floor":33.0},{"not_picked":["Manipulate","MoonPhase"],"picked":"DoubleEdge+1","floor":35}],"player_experience":282755,"relics_obtained":[{"floor":6.0,"key":"Replay:Kaleidoscope"},{"floor":9.0,"key":"Simple Rune"},{"floor":26.0,"key":"Replay:Ringing Soul"},{"floor":31.0,"key":"hubris:MysteriousPyramids"}],"event_choices":[],"is_beta":false,"boss_relics":[{"not_picked":["Painkiller Herb","Runesmith:UraniumAnvil"],"picked":"vexMod:MysteryBossChallenge"},{"not_picked":["Tiny House","Replay:Ancient Bell"],"picked":"vexMod:RockOfEvil"}],"items_purged_floors":[14,28],"is_endless":true,"potions_floor_spawned":[1,5,8,13,16,22,30,33,36,36],"killed_by":"Hallownest:3_Siblings","ascension_level":0}}