{"host":"bsqaowxr2lcqjse6","time":1608036027,"event":{"mods":["Act Like it!","Aspiration","BaseMod","Beaked The Cultist","Better Altar","Better Match","Better Note","Better Third Choice","BetterRewards","Block Reminder","Colored Map","Colored Powertips","Conspire","DeckTracker","Downfall","Elementarium","Energized Spire","GifTheSpireLib","GungeonMod","Hubris","Hunter ??","Infinite Spire","Jorbs\u0027s Wanderer Trilogy","Minty Spire (QoL Compilation)","Rare Cards Sparkle","Relic Stats","Replay The Spire","Shade Mod","Shop Mod","Spicy Shops","StSLib","Stuff the Spire","Td1madao Mod","Transform Curses","Wandering Minibosses"],"gold_per_floor":[109,121,121,140,157,190,190,225,225,225,225],"floor_reached":10,"playtime":396,"items_purged":[],"score":98,"play_id":"c6a7608d-91e4-4d86-9cdb-65905c611ba9","local_time":"20201215234027","is_ascension_mode":true,"campfire_choices":[{"data":"Bash","floor":7,"key":"SMITH"}],"circlet_count":0,"master_deck":["Strike_R","Strike_R","Strike_R","Strike_R","Strike_R","Defend_R","Defend_R","Defend_R","Defend_R","Bash+1","Pommel Strike","StuffTheSpire:Resist","Feed"],"relics":["Burning Blood","Nunchaku","infinitespire:Lucky Rock","Shuriken"],"acts_visited":["Exordium"],"potions_floor_usage":[10,10],"damage_taken":[{"damage":5,"enemies":"Small Slimes","floor":1,"turns":4},{"damage":14,"enemies":"Jaw Worm","floor":2,"turns":3},{"damage":9,"enemies":"infinitespire:Voidling","floor":4,"turns":3},{"damage":5,"enemies":"2 Fungi Beasts","floor":5,"turns":4},{"damage":40,"enemies":"Lagavulin","floor":6,"turns":7},{"damage":36,"enemies":"3 Sentries","floor":8,"turns":10},{"damage":18,"enemies":"Lagavulin","floor":10,"turns":3}],"seed_played":"-1900517181195066524","potions_obtained":[{"floor":2,"key":"ColorlessPotion"},{"floor":4,"key":"Dexterity Potion"},{"floor":5,"key":"Reflective Coating"}],"is_trial":false,"path_per_floor":["M","M","?","M","M","E","R","E","T","E"],"character_chosen":"IRONCLAD","items_purchased":[],"campfire_rested":0,"item_purchase_floors":[],"current_hp_per_floor":[88,80,80,77,78,44,44,17,17,0,0],"gold":225,"neow_bonus":"TEN_PERCENT_HP_BONUS","is_daily":false,"chose_seed":false,"campfire_upgraded":1,"win_rate":0.0,"timestamp":1608036027,"path_taken":["M","M","?","M","M","E","R","E","T","E"],"items_purchased_type":[],"build_version":"2020-12-13","purchased_purges":0,"victory":false,"max_hp_per_floor":[88,88,88,88,88,88,88,91,91,91,91],"relic_stats":{"Nunchaku":[2],"counters":[7,34],"Shuriken":[0],"obtain_stats":[{"Nunchaku":6,"Shuriken":9,"DemoMod:GlassGuonStoneRelic":2,"infinitespire:Lucky Rock":8,"Burning Blood":0},{"Nunchaku":5,"Shuriken":6,"DemoMod:GlassGuonStoneRelic":2,"infinitespire:Lucky Rock":6,"Burning Blood":0},{"Nunchaku":21,"Shuriken":31,"DemoMod:GlassGuonStoneRelic":7,"infinitespire:Lucky Rock":31,"Burning Blood":0}],"Burning Blood":35},"card_choices":[{"not_picked":["Armaments","Twin Strike"],"picked":"Pommel Strike","floor":1},{"not_picked":["Burning Pact","Headbutt"],"picked":"StuffTheSpire:Resist","floor":2},{"not_picked":["Clash","Hemogenesis","Body Slam"],"picked":"SKIP","floor":4},{"not_picked":["Ghostly Armor","Clothesline","Run Through"],"picked":"SKIP","floor":5},{"not_picked":["Rampage","Blood for Blood"],"picked":"Feed","floor":6},{"not_picked":["Corruption","Replay:Undeath\u0027s Touch","Havoc"],"picked":"SKIP","floor":8}],"player_experience":584356,"relics_obtained":[{"floor":6,"key":"Nunchaku"},{"floor":8,"key":"infinitespire:Lucky Rock"},{"floor":9,"key":"Shuriken"}],"event_choices":[{"damage_healed":0,"gold_gain":0,"player_choice":"Ignored","damage_taken":0,"max_hp_gain":0,"max_hp_loss":0,"event_name":"Golden Wing","floor":3,"gold_loss":0}],"is_beta":false,"boss_relics":[],"items_purged_floors":[],"is_endless":false,"potions_floor_spawned":[2,4,5,6],"killed_by":"Lagavulin","ascension_level":5}}