{"host":"s5i48q09v0un9rqc","time":1608033713,"event":{"mods":["BaseMod","BetterRewards","Highlight Path","Minty Spire (QoL Compilation)","Rare Cards Sparkle","Shop Mod"],"gold_per_floor":[119,138,152,167,181,206,206,306,306,306,332,332,343,368,368,466,466,482,407,421,441,441,467,481,120,189,224,224,239,267,284,284,388,388,399,399,120,139,152,187,187,214,214,214,230,260,210,236,248,260,272,284,194,222,222],"floor_reached":56,"playtime":13337,"items_purged":["Strike_G","Strike_G","Strike_G","Strike_G","Defend_G"],"score":1736,"play_id":"0ebb48ab-e9dd-4081-84b5-be153b839ef0","local_time":"20201215200153","is_ascension_mode":true,"campfire_choices":[{"data":"Noxious Fumes","floor":7.0,"key":"SMITH"},{"data":"Neutralize","floor":10.0,"key":"SMITH"},{"data":"Tactician","floor":12.0,"key":"SMITH"},{"data":"Blade Dance","floor":15.0,"key":"SMITH"},{"data":"Phantasmal Killer","floor":28.0,"key":"SMITH"},{"data":"Acrobatics","floor":32.0,"key":"SMITH"},{"data":"Footwork","floor":41,"key":"SMITH"},{"data":"Accuracy","floor":44,"key":"SMITH"},{"floor":49,"key":"RECALL"},{"data":"After Image","floor":52,"key":"SMITH"}],"circlet_count":0,"master_deck":["Defend_G","Defend_G","Defend_G","Defend_G","Survivor","Neutralize+1","Noxious Fumes+1","Footwork+1","Tactician+1","Blade Dance+1","Phantasmal Killer+1","Calculated Gamble+1","Accuracy+1","Acrobatics+1","After Image+1"],"relics":["Ring of the Snake","Orichalcum","Prayer Wheel","Singing Bowl","Bag of Marbles","Kunai","InkBottle","MealTicket","Runic Pyramid","Anchor","Shuriken","Question Card","Nunchaku","Boot","Busted Crown","ClockworkSouvenir","Smiling Mask","Eternal Feather","Vajra","MawBank","Paper Crane"],"acts_visited":["Exordium","TheCity","TheBeyond","TheEnding"],"potions_floor_usage":[48,55,55],"damage_taken":[{"damage":0.0,"enemies":"2 Louse","floor":1.0,"turns":4.0},{"damage":0.0,"enemies":"Cultist","floor":2.0,"turns":4.0},{"damage":2.0,"enemies":"Small Slimes","floor":3.0,"turns":4.0},{"damage":3.0,"enemies":"Blue Slaver","floor":4.0,"turns":5.0},{"damage":1.0,"enemies":"Red Slaver","floor":5.0,"turns":5.0},{"damage":16.0,"enemies":"Gremlin Nob","floor":6.0,"turns":6.0},{"damage":5.0,"enemies":"3 Sentries","floor":11.0,"turns":8.0},{"damage":1.0,"enemies":"2 Fungi Beasts","floor":13.0,"turns":4.0},{"damage":6.0,"enemies":"Gremlin Nob","floor":14.0,"turns":4.0},{"damage":0.0,"enemies":"The Guardian","floor":16.0,"turns":11.0},{"damage":1.0,"enemies":"Shell Parasite","floor":18.0,"turns":4.0},{"damage":4.0,"enemies":"Spheric Guardian","floor":20.0,"turns":4.0},{"damage":7.0,"enemies":"Centurion and Healer","floor":21.0,"turns":5.0},{"damage":0.0,"enemies":"Book of Stabbing","floor":23.0,"turns":6.0},{"damage":2.0,"enemies":"Snake Plant","floor":24.0,"turns":4.0},{"damage":0.0,"enemies":"Gremlin Leader","floor":27.0,"turns":5.0},{"damage":0.0,"enemies":"Cultist and Chosen","floor":29.0,"turns":2.0},{"damage":1.0,"enemies":"Book of Stabbing","floor":30.0,"turns":3.0},{"damage":6.0,"enemies":"Snecko","floor":31.0,"turns":5.0},{"damage":0.0,"enemies":"Automaton","floor":33.0,"turns":5.0},{"damage":1,"enemies":"3 Darklings","floor":35,"turns":4},{"damage":1,"enemies":"Orb Walker","floor":38,"turns":2},{"damage":9,"enemies":"Jaw Worm Horde","floor":39,"turns":3},{"damage":0,"enemies":"Nemesis","floor":40,"turns":5},{"damage":0,"enemies":"Giant Head","floor":42,"turns":4},{"damage":0,"enemies":"Transient","floor":45,"turns":5},{"damage":1,"enemies":"Nemesis","floor":46,"turns":6},{"damage":0,"enemies":"Reptomancer","floor":48,"turns":4},{"damage":9,"enemies":"Donu and Deca","floor":50,"turns":6},{"damage":6,"enemies":"Shield and Spear","floor":54,"turns":4},{"damage":8,"enemies":"The Heart","floor":55,"turns":6}],"seed_played":"-6508911200677614556","potions_obtained":[{"floor":3.0,"key":"PowerPotion"},{"floor":4.0,"key":"Weak Potion"},{"floor":13.0,"key":"EssenceOfSteel"},{"floor":18.0,"key":"Swift Potion"},{"floor":27.0,"key":"DistilledChaos"},{"floor":42,"key":"CultistPotion"}],"is_trial":false,"path_per_floor":["M","M","M","M","M","E","R","?","T","R","E","R","M","E","R","B",null,"M","?","M","M","?","E","M","$","T","E","R","M","E","M","R","B",null,"M","?","$","M","M","E","R","E","T","R","M","E","$","E","R","B",null,"R","$","E","B",null],"character_chosen":"THE_SILENT","items_purchased":["Orichalcum","Noxious Fumes","Prayer Wheel","Singing Bowl","Shuriken","ClockworkSouvenir","Energy Potion"],"campfire_rested":0,"item_purchase_floors":[0,0,0,0,25,37,53],"current_hp_per_floor":[42,46,44,45,48,34,34,34,34,34,29,29,32,28,28,28,94,97,97,95,92,92,92,92,106,106,108,108,112,113,109,109,111,118,121,121,122,125,120,122,122,124,124,133,137,138,140,142,142,133,142,142,142,138,130],"gold":222,"neow_bonus":"","is_daily":false,"chose_seed":false,"campfire_upgraded":9,"win_rate":0.0,"timestamp":1608033713,"path_taken":["M","M","M","M","M","E","R","?","T","R","E","R","?","E","R","BOSS","M","?","M","M","?","E","M","$","T","E","R","?","E","M","R","BOSS","M","?","?","M","M","E","R","E","T","R","?","E","$","E","R","BOSS","R","$","E","BOSS"],"items_purchased_type":["Relic","Card","Relic","Relic","Relic","Relic","Potion"],"build_version":"2020-12-13","purchased_purges":5,"victory":true,"max_hp_per_floor":[74,78,78,82,86,88,88,88,88,88,88,88,92,94,94,94,94,98,98,100,104,104,104,106,106,106,108,108,112,114,116,116,118,118,122,122,122,126,130,132,132,134,134,134,138,140,140,142,142,142,142,142,142,144,144],"card_choices":[{"not_picked":["Concentrate","PiercingWail","Deadly Poison"],"picked":"Singing Bowl","floor":1.0},{"not_picked":["Outmaneuver","Escape Plan","Endless Agony"],"picked":"Singing Bowl","floor":1.0},{"not_picked":["Acrobatics","Dodge and Roll","Quick Slash"],"picked":"Singing Bowl","floor":2.0},{"not_picked":["Quick Slash","Backflip","PiercingWail"],"picked":"Singing Bowl","floor":2.0},{"not_picked":["Bane","Quick Slash"],"picked":"Footwork","floor":3.0},{"not_picked":["Backstab","Cloak And Dagger"],"picked":"Tactician","floor":3.0},{"not_picked":["Cloak And Dagger","Accuracy","Calculated Gamble"],"picked":"Singing Bowl","floor":4.0},{"not_picked":["Riddle With Holes","Envenom","Outmaneuver"],"picked":"Singing Bowl","floor":4.0},{"not_picked":["Blade Dance","Backflip","Dagger Throw"],"picked":"Singing Bowl","floor":5.0},{"not_picked":["Bane","Blade Dance","Crippling Poison"],"picked":"Singing Bowl","floor":5.0},{"not_picked":["Choke","Tactician","Backflip"],"picked":"Singing Bowl","floor":6.0},{"not_picked":["Crippling Poison","Backflip"],"picked":"Blade Dance","floor":11.0},{"not_picked":["Dagger Spray","Venomology","Riddle With Holes"],"picked":"Singing Bowl","floor":13.0},{"not_picked":["Blade Dance","Deadly Poison","Concentrate"],"picked":"Singing Bowl","floor":13.0},{"not_picked":["Endless Agony","Sucker Punch","Dash"],"picked":"Singing Bowl","floor":14.0},{"not_picked":["Unload","Envenom"],"picked":"Phantasmal Killer","floor":16.0},{"not_picked":["Prepared","Deadly Poison","Slice+1"],"picked":"Singing Bowl","floor":18.0},{"not_picked":["Reflex","Outmaneuver","Dagger Throw"],"picked":"Singing Bowl","floor":18.0},{"not_picked":["Cloak And Dagger","Prepared"],"picked":"Calculated Gamble+1","floor":20.0},{"not_picked":["Outmaneuver","PiercingWail+1","Escape Plan"],"picked":"Singing Bowl","floor":20.0},{"not_picked":["Outmaneuver","Distraction+1","Blade Dance+1"],"picked":"Singing Bowl","floor":21.0},{"not_picked":["Deadly Poison","Slice","A Thousand Cuts"],"picked":"Singing Bowl","floor":21.0},{"not_picked":["Doppelganger","Blade Dance"],"picked":"Accuracy","floor":23.0},{"not_picked":["Dagger Throw+1","Blade Dance"],"picked":"Acrobatics","floor":24.0},{"not_picked":["Dagger Throw","Riddle With Holes","Predator+1"],"picked":"Singing Bowl","floor":24.0},{"not_picked":["Flying Knee","Slice","Prepared","Outmaneuver"],"picked":"Singing Bowl","floor":27.0},{"not_picked":["Prepared","Acrobatics","Flechettes+1","Deadly Poison"],"picked":"Singing Bowl","floor":29.0},{"not_picked":["PiercingWail+1","Outmaneuver","Dagger Spray","Cloak And Dagger"],"picked":"Singing Bowl","floor":29.0},{"not_picked":["Prepared","Outmaneuver","Catalyst","Distraction"],"picked":"Singing Bowl","floor":30.0},{"not_picked":["Quick Slash+1","Infinite Blades","PiercingWail+1"],"picked":"After Image","floor":31.0},{"not_picked":["Dagger Spray","Prepared+1","Dagger Throw","Acrobatics"],"picked":"Singing Bowl","floor":31.0},{"not_picked":["Envenom","Burst","Grand Finale","Die Die Die"],"picked":"Singing Bowl","floor":33.0},{"not_picked":["Backflip+1","Sucker Punch"],"picked":"Singing Bowl","floor":35},{"not_picked":["Setup","Dagger Spray"],"picked":"Singing Bowl","floor":35},{"not_picked":["Backstab+1","Heel Hook"],"picked":"Singing Bowl","floor":38},{"not_picked":["Acrobatics+1","Deadly Poison"],"picked":"Singing Bowl","floor":38},{"not_picked":["Underhanded Strike","Dodge and Roll+1"],"picked":"Singing Bowl","floor":39},{"not_picked":["Blade Dance+1","Masterful Stab+1"],"picked":"Singing Bowl","floor":39},{"not_picked":["Prepared","Distraction+1"],"picked":"Singing Bowl","floor":40},{"not_picked":["Backstab","Dash+1"],"picked":"Singing Bowl","floor":42},{"not_picked":["Reflex+1","Dagger Throw"],"picked":"Singing Bowl","floor":45},{"not_picked":["Flechettes","Escape Plan"],"picked":"Singing Bowl","floor":45},{"not_picked":["Venomology","Backstab+1"],"picked":"Singing Bowl","floor":46},{"not_picked":["Blur+1","Poisoned Stab"],"picked":"Singing Bowl","floor":48},{"not_picked":["Escape Plan+1","Calculated Gamble+1"],"picked":"Singing Bowl","floor":54}],"player_experience":644652,"relics_obtained":[{"floor":6.0,"key":"Bag of Marbles"},{"floor":9.0,"key":"Kunai"},{"floor":11.0,"key":"InkBottle"},{"floor":14.0,"key":"MealTicket"},{"floor":23.0,"key":"Anchor"},{"floor":26.0,"key":"Question Card"},{"floor":27.0,"key":"Nunchaku"},{"floor":30.0,"key":"Boot"},{"floor":40,"key":"Smiling Mask"},{"floor":42,"key":"Eternal Feather"},{"floor":46,"key":"Vajra"},{"floor":48,"key":"MawBank"},{"floor":54,"key":"Paper Crane"}],"event_choices":[{"damage_healed":0.0,"max_hp_gain":0.0,"max_hp_loss":0.0,"gold_gain":100.0,"event_name":"Wheel of Change","player_choice":"Gold","floor":8.0,"gold_loss":0.0,"damage_taken":0.0},{"cards_removed":["Strike_G"],"damage_healed":0.0,"max_hp_gain":0.0,"max_hp_loss":0.0,"gold_gain":0.0,"event_name":"Beggar","player_choice":"Gave Gold","floor":19.0,"gold_loss":75.0,"damage_taken":0.0},{"damage_healed":0.0,"max_hp_gain":0.0,"max_hp_loss":0.0,"gold_gain":0.0,"event_name":"Match and Keep!","player_choice":"0 cards matched","floor":22.0,"gold_loss":0.0,"damage_taken":0.0,"cards_obtained":[]},{"damage_healed":0,"gold_gain":0,"player_choice":"Ignored","damage_taken":0,"max_hp_gain":0,"max_hp_loss":0,"event_name":"Tomb of Lord Red Mask","floor":36,"gold_loss":0}],"is_beta":false,"boss_relics":[{"not_picked":["Pandora\u0027s Box","Ectoplasm"],"picked":"Runic Pyramid"},{"not_picked":["Philosopher\u0027s Stone","Calling Bell"],"picked":"Busted Crown"}],"items_purged_floors":[0,25,37,47,53],"is_endless":false,"potions_floor_spawned":[3,4,13,18,20,27,29,30,38,39,42],"ascension_level":1}}