{"host":"121m0oxswv9tg9hk","time":1608000497,"event":{"mods":["AchievementEnabler","BaseMod","Better Third Choice","Downfall","Hermit","Hubris","Infinite Spire","MarisaÅiñ∂âJÅ@ñÇóùçπÅj","Minty Spire (QoL Compilation)","Replay The Spire","Shade Mod","StSLib","The Construct","The Cursed","The Gatherer","The Hierophant","The Mystic"],"gold_per_floor":[114,105,105,116,66,36,36,42,42,42,42,42,64,72,72,169,169,184,377,405,405,405],"floor_reached":21,"playtime":1801,"items_purged":[],"score":224,"play_id":"1928cbc7-f9b1-4391-8815-46dd7767a2b8","local_time":"20201215034817","is_ascension_mode":true,"campfire_choices":[{"data":"hierophant:Repentance","floor":7,"key":"SMITH"},{"floor":10,"key":"REST"},{"floor":12,"key":"DIG"},{"data":"hierophant:Strike_Hierophant","floor":15,"key":"PURGE"}],"circlet_count":0,"master_deck":["hierophant:Strike_Hierophant","hierophant:Punish","hierophant:Defend_Hierophant","hierophant:Defend_Hierophant","hierophant:ChurchCoffers","hierophant:Shelter","hierophant:TollTheBells","hierophant:Repentance+1","hierophant:Blessing","hierophant:Doubloon","hierophant:Flagellation","hierophant:PassingBell","hierophant:LocustPlague","CurseOfTheBell","hierophant:PassingBell","ReplayTheSpireMod:Splinters","hierophant:PassingBell+1"],"relics":["Empty Cage","hubris:64BitClover","Shovel","Replay:Ringing Soul","Calling Bell","Ice Cream","Ancient Tea Set","infinitespire:Broken Mirror"],"acts_visited":["Exordium","TheCity"],"potions_floor_usage":[14,21],"damage_taken":[{"damage":6,"enemies":"Cultist","floor":1,"turns":4},{"damage":0,"enemies":"Jaw Worm","floor":2,"turns":3},{"damage":0,"enemies":"2 Louse","floor":4,"turns":1},{"damage":52,"enemies":"Lagavulin","floor":6,"turns":12},{"damage":0,"enemies":"2 Fungi Beasts","floor":8,"turns":3},{"damage":12,"enemies":"Large Slime","floor":13,"turns":6},{"damage":8,"enemies":"Exordium Wildlife","floor":14,"turns":4},{"damage":26,"enemies":"Fading Forest","floor":16,"turns":11},{"damage":23,"enemies":"3 Byrds","floor":18,"turns":3},{"damage":13,"enemies":"Spheric Guardian","floor":20,"turns":3},{"damage":84,"enemies":"Centurion and Healer","floor":21,"turns":7}],"seed_played":"-3244426439529430584","potions_obtained":[{"floor":2,"key":"Energy Potion"},{"floor":4,"key":"Reflective Coating"},{"floor":20,"key":"Fire Potion"}],"is_trial":false,"path_per_floor":["M","M","?","M","?","E","R","M","T","R","?","R","M","M","R","B",null,"M","?","M","M"],"character_chosen":"HIEROPHANT","items_purchased":[],"campfire_rested":1,"item_purchase_floors":[],"current_hp_per_floor":[69,69,74,74,74,22,22,29,29,53,46,46,44,46,46,40,92,72,75,69,0,0],"gold":405,"neow_bonus":"BOSS_RELIC","is_daily":false,"chose_seed":false,"campfire_upgraded":1,"win_rate":0.0,"timestamp":1608000497,"path_taken":["M","?","?","M","?","E","R","M","T","R","?","R","M","M","R","BOSS","M","?","M","?"],"items_purchased_type":[],"build_version":"2020-12-13","purchased_purges":0,"victory":false,"max_hp_per_floor":[75,75,80,80,80,80,80,80,80,80,80,80,83,86,86,89,92,95,98,98,98,98],"card_choices":[{"not_picked":["hierophant:Alms","hierophant:HammerAndAnvil"],"picked":"hierophant:Shelter","floor":1},{"not_picked":["hierophant:ThreeLashes","hierophant:Charity"],"picked":"hierophant:TollTheBells","floor":2},{"not_picked":["hierophant:RepressedViolence","hierophant:CoinFling"],"picked":"hierophant:Repentance","floor":4},{"not_picked":["hierophant:Chorus","hierophant:Sermon"],"picked":"hierophant:Blessing","floor":6},{"not_picked":["hierophant:Alms","hierophant:Martyrdom"],"picked":"hierophant:Doubloon","floor":8},{"not_picked":["hierophant:DisplayOfPower","hierophant:FlamingChariot"],"picked":"hierophant:Flagellation","floor":13},{"not_picked":["hierophant:SolarFlare","hierophant:Doomsaying"],"picked":"hierophant:PassingBell","floor":14},{"not_picked":["hierophant:Invocation","hierophant:Generosity"],"picked":"hierophant:LocustPlague","floor":16},{"not_picked":["hierophant:Alms+1","hierophant:Exaltation"],"picked":"hierophant:PassingBell","floor":18},{"not_picked":["hierophant:Remorse+1","hierophant:FlamingChariot+1"],"picked":"hierophant:PassingBell+1","floor":19},{"not_picked":["hierophant:Prophecy","hierophant:Purify","hierophant:AuricForm"],"picked":"SKIP","floor":20}],"player_experience":2841861,"relics_obtained":[{"floor":6,"key":"hubris:64BitClover"},{"floor":9,"key":"Shovel"},{"floor":12,"key":"Replay:Ringing Soul"},{"floor":17,"key":"Ice Cream"},{"floor":17,"key":"Ancient Tea Set"},{"floor":17,"key":"infinitespire:Broken Mirror"}],"event_choices":[{"damage_healed":0,"gold_gain":0,"player_choice":"Donut","damage_taken":0,"max_hp_gain":5,"max_hp_loss":0,"event_name":"Big Fish","floor":3,"gold_loss":0},{"cards_removed":["hierophant:Defend_Hierophant"],"damage_healed":0,"gold_gain":0,"player_choice":"Card Removal","damage_taken":0,"max_hp_gain":0,"max_hp_loss":0,"event_name":"The Cleric","floor":5,"gold_loss":50},{"cards_removed":["hierophant:Strike_Hierophant"],"damage_healed":0,"gold_gain":0,"player_choice":"Card Removal","damage_taken":7,"max_hp_gain":0,"max_hp_loss":0,"event_name":"Golden Wing","floor":11,"gold_loss":0}],"is_beta":false,"boss_relics":[{"not_picked":["Velvet Choker","Replay:Wanted Poster"],"picked":"Calling Bell"}],"items_purged_floors":[],"is_endless":false,"potions_floor_spawned":[2,4,20],"killed_by":"Centurion and Healer","ascension_level":2}}