{"host":"hlo0wt5fjlilsn9r","time":1608053304,"event":{"mods":["AchievementEnabler","Aspiration","Bard","BaseMod","Beaked The Cultist","Better Altar","Better Match","Better Note","Better Sensory Stone","Better Skull","Better Third Choice","BetterRewards","CCEM","Colored Map","Conspire","Downfall","Friendly Minions","GifTheSpireLib","Halation","Hermit","Highlight Path","Hubris","Hunter ?人","Jedi Mod","Jorbs\u0027s Wanderer Trilogy","Kiyohime（清?）","Mad Scientist","Marisa（霧雨　魔理沙）","Mimic Mod","Minty Spire (QoL Compilation)","Permanent Neow","Replay The Spire","Shade Mod","Spicy Shops","StSLib","Stuff the Spire","Td1madao Mod","The Administrix","The Blackbeard","The Bug Knight","The Construct","The Cursed","The Disciple","The Gatherer","The Hierophant","The Mystic","The Necromancer","The Runesmith","The Servant 0.9.4","The Spell Scribe","The Witch","Unceasing Turn Reminder"],"gold_per_floor":[114,125,142,0,12,39,56,90,127,127,162,162,134,134,134,237,237,248,266,266,20,31,31,49,77,130,130,148,148,148,148],"floor_reached":30,"playtime":4823,"items_purged":["AdministrixMod:Strike_Administrix"],"score":295,"play_id":"96dbd882-a239-4ce6-9070-31f4a4b75bb7","local_time":"20201215092824","is_ascension_mode":false,"campfire_choices":[{"floor":10.0,"key":"REST"},{"data":"AdministrixMod:WifeLightning","floor":12.0,"key":"SMITH"},{"floor":15.0,"key":"REST"},{"data":"AdministrixMod:ImmortalGrace","floor":23,"key":"SMITH"},{"floor":27,"key":"REST"},{"floor":29,"key":"REST"}],"circlet_count":0,"master_deck":["AdministrixMod:Strike_Administrix","AdministrixMod:Strike_Administrix","AdministrixMod:Strike_Administrix","AdministrixMod:RedCloak","AdministrixMod:Defend_Administrix","AdministrixMod:Defend_Administrix","AdministrixMod:Defend_Administrix","AdministrixMod:Defend_Administrix","AdministrixMod:BlueCloak","AdministrixMod:WifeLightning+1","AdministrixMod:LightOfYourLife","AdministrixMod:ExtolVirtue","AdministrixMod:ChooseYourEnd","Enlightenment","AdministrixMod:RebukeDesires","AdministrixMod:Untouchable","AdministrixMod:ImmortalGrace","AdministrixMod:MixOfMercury","AdministrixMod:ImmortalGrace+1","AdministrixMod:SipOfSparks","AdministrixMod:Mastermind","AdministrixMod:TouchOfCinnabar+1","AdministrixMod:CenturiesAscent+1","AdministrixMod:XianArts+1","AdministrixMod:ImmortalGrace","AdministrixMod:NewbornDivinity","AdministrixMod:ImmortalGrace","AdministrixMod:LightOfYourLife+1"],"relics":["AdministrixMod:ConductorRitualBaton","jedi:bottledfury","Runesmith:AutoHammer","StuffTheSpire:GrapeVine","Ornamental Fan","hubris:Towel","Philosopher\u0027s Stone","StuffTheSpire:Barrel","Centennial Puzzle"],"acts_visited":["Exordium","TheCity"],"potions_floor_usage":[25],"damage_taken":[{"damage":0.0,"enemies":"Cultist","floor":1.0,"turns":4.0},{"damage":5.0,"enemies":"Small Slimes","floor":2.0,"turns":3.0},{"damage":0.0,"enemies":"conspire:RoseBush","floor":3.0,"turns":3.0},{"damage":0.0,"enemies":"3 Louse","floor":5.0,"turns":2.0},{"damage":16.0,"enemies":"HollowMod:MossKnight","floor":6.0,"turns":20.0},{"damage":7.0,"enemies":"Looter","floor":7.0,"turns":3.0},{"damage":9.0,"enemies":"Lagavulin","floor":8.0,"turns":5.0},{"damage":1.0,"enemies":"Blue Slaver","floor":9.0,"turns":8.0},{"damage":15.0,"enemies":"3 Sentries","floor":11.0,"turns":5.0},{"damage":3.0,"enemies":"Fading Forest","floor":16.0,"turns":11.0},{"damage":10,"enemies":"3 Byrds","floor":18,"turns":4},{"damage":12,"enemies":"Chosen","floor":19,"turns":6},{"damage":9,"enemies":"Centurion and Healer","floor":22,"turns":8},{"damage":0,"enemies":"3 Cultists","floor":24,"turns":4},{"damage":13,"enemies":"conspire:Head Lice","floor":25,"turns":6},{"damage":21,"enemies":"Snake Plant","floor":28,"turns":4},{"damage":55,"enemies":"Slavers","floor":30,"turns":4}],"seed_played":"3977498007301750686","potions_obtained":[{"floor":2.0,"key":"Dexterity Potion"},{"floor":3.0,"key":"Venom Potion"},{"floor":6.0,"key":"SteroidPotion"},{"floor":8.0,"key":"Regen Potion"},{"floor":16.0,"key":"EssenceOfSteel"},{"floor":22,"key":"AdministrixMod:AttunementTonic"},{"floor":25,"key":"SteroidPotion"}],"is_trial":false,"path_per_floor":["M","M","M","?","M","E","M","E","MIM","R","E","R","?","?","R","B",null,"M","M","?","$","M","R","M","E","T","R","M","R","E"],"character_chosen":"TheAdministrix","items_purchased":["AdministrixMod:XianArts+1"],"campfire_rested":4,"item_purchase_floors":[21],"current_hp_per_floor":[65,60,60,66,66,50,43,34,45,66,51,51,51,51,71,68,71,61,49,49,49,40,40,40,27,27,48,27,48,0,0],"gold":148,"neow_bonus":"ONE_RANDOM_RARE_CARD","is_daily":false,"chose_seed":false,"campfire_upgraded":2,"win_rate":0.0,"timestamp":1608053304,"path_taken":["M","?","M","?","M","E","M","E","MIM","R","E","R","?","?","R","BOSS","M","M","?","$","M","R","M","E","T","R","M","R","E"],"items_purchased_type":["Card"],"build_version":"2020-12-13","purchased_purges":1,"victory":false,"max_hp_per_floor":[65,65,65,71,71,71,71,71,71,71,71,71,71,71,71,71,71,71,71,71,71,71,71,71,71,71,71,71,71,71,71],"card_choices":[{"not_picked":["AdministrixMod:ShadowPlay","AdministrixMod:TrickOfTheLight"],"picked":"AdministrixMod:LightOfYourLife","floor":1.0},{"not_picked":["AdministrixMod:BloodlessSapphire","AdministrixMod:FiendishCrimson"],"picked":"AdministrixMod:ExtolVirtue","floor":2.0},{"not_picked":["AdministrixMod:Transition","AdministrixMod:ShadowPlay"],"picked":"AdministrixMod:ChooseYourEnd","floor":3.0},{"not_picked":["AdministrixMod:XianArts","AdministrixMod:Transition"],"picked":"AdministrixMod:RebukeDesires","floor":5.0},{"not_picked":["AdministrixMod:GuanyinBlessing","AdministrixMod:SeventeenArticleLaser"],"picked":"AdministrixMod:Untouchable","floor":6.0},{"not_picked":["AdministrixMod:GuanyinBlessing","AdministrixMod:Untouchable"],"picked":"AdministrixMod:ImmortalGrace","floor":7.0},{"not_picked":["AdministrixMod:CastOffRegrets","AdministrixMod:Metempsychosis"],"picked":"AdministrixMod:MixOfMercury","floor":8.0},{"not_picked":["AdministrixMod:RisingSunPrince","AdministrixMod:RebukeDesires"],"picked":"AdministrixMod:ImmortalGrace","floor":9.0},{"not_picked":["AdministrixMod:BattleforgedBonds","AdministrixMod:CenturiesAscent"],"picked":"AdministrixMod:SipOfSparks","floor":11.0},{"not_picked":["AdministrixMod:DeathByGlamour","AdministrixMod:BrewingCloister"],"picked":"AdministrixMod:Mastermind","floor":16.0},{"not_picked":["AdministrixMod:CastOffRegrets+1","AdministrixMod:TrickOfTheLight"],"picked":"AdministrixMod:TouchOfCinnabar+1","floor":18},{"not_picked":["AdministrixMod:UnstableVigor","AdministrixMod:RebukeDesires"],"picked":"AdministrixMod:CenturiesAscent+1","floor":19},{"not_picked":["AdministrixMod:UnstableVigor+1","AdministrixMod:ShadowPlay"],"picked":"AdministrixMod:ImmortalGrace","floor":22},{"not_picked":["AdministrixMod:RisingSunPrince","AdministrixMod:TrickOfTheLight"],"picked":"AdministrixMod:NewbornDivinity","floor":24},{"not_picked":["AdministrixMod:ShadowPlay","AdministrixMod:BloodBargain"],"picked":"AdministrixMod:ImmortalGrace","floor":25},{"not_picked":["AdministrixMod:FeastOfDew","AdministrixMod:PlateOfAntiquity"],"picked":"AdministrixMod:LightOfYourLife+1","floor":28}],"player_experience":204115,"relics_obtained":[{"floor":6.0,"key":"jedi:bottledfury"},{"floor":8.0,"key":"Runesmith:AutoHammer"},{"floor":9.0,"key":"StuffTheSpire:GrapeVine"},{"floor":11.0,"key":"Ornamental Fan"},{"floor":25,"key":"StuffTheSpire:Barrel"},{"floor":26,"key":"Centennial Puzzle"}],"event_choices":[{"damage_healed":0.0,"max_hp_gain":0.0,"max_hp_loss":0.0,"gold_gain":0.0,"event_name":"betterThird:BetterSerpent","player_choice":"RENOUNCE","floor":4.0,"gold_loss":142.0,"damage_taken":142.0,"cards_obtained":["Enlightenment"]},{"damage_healed":0.0,"max_hp_gain":0.0,"max_hp_loss":0.0,"gold_gain":0.0,"event_name":"betterThird:BetterGoop","player_choice":"Left","floor":13.0,"gold_loss":28.0,"damage_taken":0.0},{"cards_removed":["Enlightenment"],"damage_healed":0,"gold_gain":0,"player_choice":"Give","damage_taken":0,"max_hp_gain":0,"max_hp_loss":0,"event_name":"betterNote:BetterNote","floor":20,"gold_loss":0,"cards_obtained":["AdministrixMod:Strike_Administrix"]}],"is_beta":false,"boss_relics":[{"not_picked":["Honey Jar","aspiration:RunicSpoon"],"picked":"Philosopher\u0027s Stone"}],"items_purged_floors":[21],"is_endless":false,"potions_floor_spawned":[2,3,6,8,16,22,25,28],"killed_by":"Slavers","ascension_level":0}}