{"host":"t61y2h917t9s2x5y","time":1608067554,"event":{"mods":["AchievementEnabler","BaseMod","Colored Map","Colored Powertips","DeckTracker","Minty Spire (QoL Compilation)","Rare Cards Sparkle"],"gold_per_floor":[113,63,63,79,1,36,36,0,0,100,100,114,129,142,142,245,245,262,272,283,299,27,59,70,70,70],"floor_reached":25,"playtime":1211,"items_purged":["Strike_G"],"score":300,"play_id":"1a78616a-9819-48c7-9f3c-609e9b1eca9a","local_time":"20201215162554","is_ascension_mode":false,"campfire_choices":[{"data":"Bouncing Flask","floor":7,"key":"SMITH"},{"data":"Bouncing Flask","floor":11,"key":"SMITH"},{"data":"Noxious Fumes","floor":15,"key":"SMITH"}],"circlet_count":0,"master_deck":["Strike_G","Strike_G","Strike_G","Strike_G","Defend_G","Defend_G","Defend_G","Survivor","Neutralize","Bouncing Flask+1","Predator","Bouncing Flask+1","Deadly Poison","Calculated Gamble","Masterful Stab","Noxious Fumes+1","Night Terror","Poisoned Stab","Tactician","Flying Knee","PiercingWail","PiercingWail"],"relics":["Ring of the Snake","NeowsBlessing","Oddly Smooth Stone","InkBottle","Sozu","Lee\u0027s Waffle","Pantograph"],"acts_visited":["Exordium","TheCity"],"potions_floor_usage":[14,23],"damage_taken":[{"damage":0,"enemies":"Cultist","floor":1,"turns":1},{"damage":0,"enemies":"2 Louse","floor":4,"turns":1},{"damage":0,"enemies":"Lagavulin","floor":6,"turns":1},{"damage":11,"enemies":"Jaw Worm","floor":12,"turns":2},{"damage":0,"enemies":"Large Slime","floor":13,"turns":2},{"damage":16,"enemies":"Lots of Slimes","floor":14,"turns":3},{"damage":0,"enemies":"Slime Boss","floor":16,"turns":6},{"damage":11,"enemies":"Shell Parasite","floor":18,"turns":4},{"damage":7,"enemies":"Spheric Guardian","floor":19,"turns":3},{"damage":27,"enemies":"Snake Plant","floor":20,"turns":3},{"damage":18,"enemies":"Sentry and Sphere","floor":21,"turns":4},{"damage":41,"enemies":"Book of Stabbing","floor":23,"turns":5},{"damage":40,"enemies":"Centurion and Healer","floor":24,"turns":5},{"damage":9,"enemies":"Snecko","floor":25,"turns":2}],"seed_played":"-1116304991952921276","potions_obtained":[{"floor":12,"key":"SpeedPotion"},{"floor":14,"key":"Fruit Juice"}],"is_trial":false,"path_per_floor":["M","?","?","M","$","E","R","$","T","?","R","M","M","M","R","B",null,"M","M","M","M","$","E","M","M"],"character_chosen":"THE_SILENT","items_purchased":["Bouncing Flask","Calculated Gamble","Lee\u0027s Waffle","Flying Knee"],"campfire_rested":0,"item_purchase_floors":[5,8,22,22],"current_hp_per_floor":[70,70,63,63,63,63,63,63,63,63,63,52,52,41,41,41,75,64,57,30,12,82,41,1,0,0],"gold":70,"neow_bonus":"THREE_ENEMY_KILL","is_daily":false,"chose_seed":false,"campfire_upgraded":3,"win_rate":0.0,"timestamp":1608067554,"path_taken":["M","?","?","M","$","E","R","?","T","?","R","M","M","M","R","BOSS","M","M","M","M","$","E","?","M"],"items_purchased_type":["Card","Card","Relic","Card"],"build_version":"2020-12-13","purchased_purges":1,"victory":false,"max_hp_per_floor":[70,70,70,70,70,70,70,70,70,70,70,70,70,75,75,75,75,75,75,75,75,82,82,82,82,82],"card_choices":[{"not_picked":["Quick Slash","PiercingWail"],"picked":"Bouncing Flask","floor":1},{"not_picked":["Quick Slash","Dagger Throw"],"picked":"Predator","floor":4},{"not_picked":["Dagger Throw","Tactician"],"picked":"Deadly Poison","floor":6},{"not_picked":["Expertise","Eviscerate"],"picked":"Masterful Stab","floor":12},{"not_picked":["Slice","Blade Dance","Flying Knee"],"picked":"SKIP","floor":13},{"not_picked":["Expertise","Deflect"],"picked":"Noxious Fumes","floor":14},{"not_picked":["Unload","After Image"],"picked":"Night Terror","floor":16},{"not_picked":["Well Laid Plans+1","Backflip","Acrobatics"],"picked":"SKIP","floor":18},{"not_picked":["Dagger Spray","Blur"],"picked":"Poisoned Stab","floor":19},{"not_picked":["Calculated Gamble","Skewer"],"picked":"Tactician","floor":20},{"not_picked":["Footwork","Sucker Punch","Blade Dance+1"],"picked":"SKIP","floor":21},{"not_picked":["Glass Knife","Blur"],"picked":"PiercingWail","floor":23},{"not_picked":["Masterful Stab","Underhanded Strike"],"picked":"PiercingWail","floor":24}],"player_experience":26319,"relics_obtained":[{"floor":6,"key":"Oddly Smooth Stone"},{"floor":9,"key":"InkBottle"},{"floor":23,"key":"Pantograph"}],"event_choices":[{"cards_removed":["Defend_G"],"damage_healed":0,"gold_gain":0,"player_choice":"Card Removal","damage_taken":0,"max_hp_gain":0,"max_hp_loss":0,"event_name":"The Cleric","floor":2,"gold_loss":50},{"cards_removed":["Defend_G"],"damage_healed":0,"gold_gain":0,"player_choice":"Card Removal","damage_taken":7,"max_hp_gain":0,"max_hp_loss":0,"event_name":"Golden Wing","floor":3,"gold_loss":0},{"damage_healed":0,"gold_gain":100,"player_choice":"Pray","damage_taken":0,"max_hp_gain":0,"max_hp_loss":0,"event_name":"Golden Shrine","floor":10,"gold_loss":0}],"is_beta":false,"boss_relics":[{"not_picked":["Coffee Dripper","Ring of the Serpent"],"picked":"Sozu"}],"items_purged_floors":[22],"is_endless":false,"potions_floor_spawned":[12,14,19,21,23,24],"killed_by":"Snecko","ascension_level":0}}