{"host":"bjzqjr1ycgj8gt55","time":1608002501,"event":{"mods":["BaseMod","Better Altar","Better Match","Better Sensory Stone","Better Skull","Better Third Choice","Better Vampires","Block Reminder","Colored Map","Colored Powertips","Downfall","GifTheSpireLib","Minty Spire (QoL Compilation)","Shop Mod","StSLib","Waifu the Spire"],"gold_per_floor":[99,48,48,8,20,195,247,247,84,9,24,24,35,35,48,144,144,144,155,61,81,81,81],"floor_reached":22,"playtime":1088,"items_purged":[],"score":172,"play_id":"7401563b-38d3-48db-840a-fa7522c24ff7","local_time":"20201214212141","is_ascension_mode":false,"campfire_choices":[{"floor":1,"key":"RECALL"},{"data":"Guardian:TwinSlam","floor":3,"key":"SMITH"},{"data":"Guardian:Suspension","floor":10,"key":"SMITH"},{"data":"Guardian:Recover","floor":18,"key":"SMITH"}],"circlet_count":0,"master_deck":["Guardian:CurlUp","Guardian:TwinSlam+1","Guardian:TimeCapacitor","Guardian:Suspension+1","Guardian:TemporalStrike","Guardian:ShieldCharger","Doubt","Guardian:TimeBomb","Guardian:EvasiveProtocol","Guardian:FierceBash","Parasite","Guardian:Clone","Guardian:Clone","Guardian:SphericShield","Guardian:Recover+1","Guardian:Preprogram","Guardian:CrystalBeam","Guardian:BronzeArmor","Guardian:ShieldSpikes","Guardian:Suspension","Guardian:ChargeUp","Guardian:PiercingHide","Guardian:ShieldCharger","Guardian:FloatingOrbs","Guardian:Gem_Orange"],"relics":["Sozu","Bag of Marbles","downfall:HeartBlessingRed","Pandora\u0027s Box"],"acts_visited":["Exordium","TheCity"],"potions_floor_usage":[],"damage_taken":[{"damage":0,"enemies":"downfall:FleeingMerchant","floor":2,"turns":4},{"damage":10,"enemies":"downfall:FleeingMerchant","floor":4,"turns":4},{"damage":0,"enemies":"Jaw Worm","floor":5,"turns":3},{"damage":10,"enemies":"downfall:FleeingMerchant","floor":9,"turns":4},{"damage":6,"enemies":"Small Slimes","floor":11,"turns":4},{"damage":3,"enemies":"2 Louse","floor":13,"turns":3},{"damage":12,"enemies":"Large Slime","floor":15,"turns":5},{"damage":26,"enemies":"downfall:Watcher","floor":16,"turns":9},{"damage":15,"enemies":"Spheric Guardian","floor":19,"turns":6},{"damage":5,"enemies":"downfall:FleeingMerchant","floor":20,"turns":4},{"damage":8,"enemies":"3 Byrds","floor":21,"turns":4},{"damage":54,"enemies":"3 Cultists","floor":22,"turns":5}],"seed_played":"-3899043350924965954","potions_obtained":[],"is_trial":false,"path_per_floor":["R","$","R","$","M","?","T","?","$","R","M","?","M","?","M","B",null,"R","M","$","M","M"],"character_chosen":"GUARDIAN","items_purchased":["Guardian:TimeCapacitor","Guardian:TemporalStrike","Guardian:TimeBomb","Guardian:EvasiveProtocol","Guardian:FloatingOrbs"],"campfire_rested":0,"item_purchase_floors":[2,4,9,9,20],"current_hp_per_floor":[80,80,80,70,70,70,70,70,60,60,54,74,71,75,63,37,80,80,65,60,52,0,0],"gold":81,"neow_bonus":"BOSS_RELIC","is_daily":false,"chose_seed":false,"campfire_upgraded":3,"win_rate":0.0,"timestamp":1608002501,"path_taken":["R","$","R","$","M","?","T","?","?","R","M","?","M","?","M","BOSS","R","M","$","M","M"],"items_purchased_type":["Card","Card","Card","Card","Card"],"build_version":"2020-12-13","purchased_purges":0,"victory":false,"max_hp_per_floor":[80,80,80,80,80,80,80,80,80,80,80,80,80,80,80,80,80,80,80,80,80,80,80],"card_choices":[{"not_picked":["Guardian:TemporalShield","Guardian:Gem_White"],"picked":"Guardian:Gem_Lightblue","floor":2},{"not_picked":["Guardian:ShieldSpikes","Guardian:Emergency"],"picked":"Guardian:Suspension","floor":4},{"not_picked":["Guardian:Suspension","Guardian:TemporalStrike"],"picked":"Guardian:ShieldCharger","floor":5},{"not_picked":["Guardian:CrystalBeam","Guardian:Repulse"],"picked":"Guardian:Gem_Crimson","floor":9},{"not_picked":["Guardian:ChargeUp","Guardian:VentSteam"],"picked":"Guardian:FierceBash","floor":11},{"not_picked":["Guardian:Emergency","Guardian:Gem_Green"],"picked":"Guardian:Clone","floor":13},{"not_picked":["Guardian:PrimingBeam","Guardian:WalkerClaw"],"picked":"Guardian:Clone","floor":15},{"not_picked":["Guardian:ConstructionForm","Guardian:GemFire"],"picked":"Guardian:SphericShield","floor":16},{"not_picked":["Guardian:TemporalShield","Guardian:SentryBeam"],"picked":"Guardian:PiercingHide","floor":19},{"not_picked":["Guardian:BronzeOrb","Guardian:Recover"],"picked":"Guardian:ShieldCharger","floor":20},{"not_picked":["Guardian:Gem_Fragmented","Guardian:Planning"],"picked":"Guardian:Gem_Orange","floor":21}],"player_experience":93990,"relics_obtained":[{"floor":7,"key":"Bag of Marbles"}],"event_choices":[{"damage_healed":20,"gold_gain":0,"player_choice":"Healed and dodged fight","damage_taken":0,"max_hp_gain":0,"max_hp_loss":0,"event_name":"Mushrooms","floor":12,"gold_loss":0,"cards_obtained":["Parasite"]},{"damage_healed":4,"gold_gain":0,"player_choice":"LEAVE ","damage_taken":0,"relics_obtained":[],"max_hp_gain":0,"max_hp_loss":0,"event_name":"betterSkull:BetterSkull","floor":14,"gold_loss":0,"cards_upgraded":[]}],"is_beta":false,"boss_relics":[{"not_picked":["Astrolabe","Snecko Eye"],"picked":"Pandora\u0027s Box"}],"items_purged_floors":[],"is_endless":false,"potions_floor_spawned":[5,13,15,16,19,21],"killed_by":"3 Cultists","ascension_level":0}}