{"host":"cr9rpoy6dx9riis3","time":1608073354,"event":{"mods":["AchievementEnabler","BaseMod","Better Altar","Better Note","Better Sensory Stone","Better Skull","Better Third Choice","Better-Laid Plans","BetterRewards","Block Reminder","Curses Come First","Displayed Cursed Tome","Emptier Cage","Marked Mod","Minty Spire (QoL Compilation)","Permanent Neow","Relic Sorter","StSLib","The Blue Laboratory","Transform Curses"],"gold_per_floor":[115,130,130,145,165,192,192,223,276,293,293,321,340,359,359,359,359],"floor_reached":16,"playtime":588,"items_purged":[],"score":200,"play_id":"453e959e-7ecc-451c-95ef-1cb13e2871c2","local_time":"20201216000234","is_ascension_mode":true,"campfire_choices":[{"data":"Offering","floor":7,"key":"SMITH"},{"data":"Seeing Red","floor":11,"key":"SMITH"},{"data":"Metallicize","floor":15,"key":"SMITH"}],"circlet_count":0,"master_deck":["Strike_R","Strike_R","Strike_R","Strike_R","Defend_R","Defend_R","Defend_R","Defend_R","Bash","Shockwave","Offering+1","Rage","Seeing Red+1","Carnage","Metallicize+1","Berserk"],"relics":["Burning Blood","Meat on the Bone","MealTicket","Bag of Marbles","Mercury Hourglass"],"acts_visited":["Exordium"],"potions_floor_usage":[6,6,8,16,16],"damage_taken":[{"damage":12,"enemies":"Small Slimes","floor":1,"turns":3},{"damage":0,"enemies":"2 Louse","floor":2,"turns":3},{"damage":4,"enemies":"Jaw Worm","floor":4,"turns":3},{"damage":11,"enemies":"2 Fungi Beasts","floor":5,"turns":3},{"damage":41,"enemies":"3 Sentries","floor":6,"turns":7},{"damage":30,"enemies":"Gremlin Nob","floor":8,"turns":4},{"damage":9,"enemies":"Blue Slaver","floor":10,"turns":3},{"damage":23,"enemies":"3 Sentries","floor":12,"turns":6},{"damage":12,"enemies":"Large Slime","floor":13,"turns":4},{"damage":12,"enemies":"Exordium Wildlife","floor":14,"turns":4},{"damage":46,"enemies":"Slime Boss","floor":16,"turns":7}],"seed_played":"6627579509320188923","potions_obtained":[{"floor":1,"key":"LiquidMemories"},{"floor":5,"key":"blueLaboratory:TrueEctoplasm"},{"floor":6,"key":"Fruit Juice"},{"floor":12,"key":"Energy Potion"}],"is_trial":false,"path_per_floor":["M","M","?","M","M","E","R","E","T","M","R","E","M","M","R","B"],"character_chosen":"IRONCLAD","items_purchased":["Mercury Hourglass","BloodPotion"],"campfire_rested":0,"item_purchase_floors":[0,0],"current_hp_per_floor":[58,64,57,59,54,24,24,29,29,38,38,33,39,45,45,0,0],"gold":359,"neow_bonus":"","is_daily":false,"chose_seed":false,"campfire_upgraded":3,"win_rate":0.0,"timestamp":1608073354,"path_taken":["M","M","?","M","M","E","R","E","T","M","R","E","M","M","R","BOSS"],"items_purchased_type":["Relic","Potion"],"build_version":"2020-12-13","purchased_purges":0,"victory":false,"max_hp_per_floor":[80,80,80,80,80,85,85,85,85,85,85,85,85,85,85,85,85],"card_choices":[{"not_picked":["Havoc","Pummel","Headbutt"],"picked":"SKIP","floor":1},{"not_picked":["Iron Wave","Thunderclap"],"picked":"Shockwave","floor":2},{"not_picked":["Dual Wield","Wild Strike","Cleave"],"picked":"SKIP","floor":4},{"not_picked":["Power Through","Shrug It Off"],"picked":"Offering","floor":5},{"not_picked":["Sword Boomerang","Searing Blow"],"picked":"Rage","floor":6},{"not_picked":["Body Slam","Wild Strike"],"picked":"Seeing Red","floor":8},{"not_picked":["Twin Strike","Dual Wield"],"picked":"Carnage","floor":10},{"not_picked":["True Grit","Whirlwind"],"picked":"Metallicize","floor":12},{"not_picked":["Thunderclap","Perfected Strike","Inflame"],"picked":"SKIP","floor":13},{"not_picked":["Burning Pact","True Grit"],"picked":"Berserk","floor":14}],"player_experience":708218,"relics_obtained":[{"floor":6,"key":"Meat on the Bone"},{"floor":9,"key":"MealTicket"},{"floor":12,"key":"Bag of Marbles"}],"event_choices":[{"cards_removed":["Strike_R"],"damage_healed":0,"gold_gain":0,"player_choice":"Card Removal","damage_taken":7,"max_hp_gain":0,"max_hp_loss":0,"event_name":"Golden Wing","floor":3,"gold_loss":0}],"is_beta":false,"boss_relics":[],"items_purged_floors":[],"is_endless":false,"potions_floor_spawned":[1,5,6,12],"killed_by":"Slime Boss","ascension_level":3}}