{"host":"jm9833yuloeli2yd","time":1608075248,"event":{"mods":["AchievementEnabler","BaseMod","Better Altar","Better Match","Better Note","Better Sensory Stone","Better Skull","Better Vampires","Colored Map","Colored Powertips","DeckTracker","Minty Spire (QoL Compilation)","Permanent Neow","Quick Restart","Replay The Spire","StSLib","SuperFastMode"],"gold_per_floor":[20,20,39,39,39,73,73,73,121,134,150,181,200,224,224,322,322,337,1,1,36,36,96,96,96,96],"floor_reached":25,"playtime":900,"items_purged":["Strike_B"],"score":558,"play_id":"487c1539-d62f-4808-a1a6-dfba69375a71","local_time":"20201215183408","is_ascension_mode":true,"campfire_choices":[{"floor":7,"key":"REST"},{"data":"Panic Button","floor":15,"key":"SMITH"}],"circlet_count":0,"master_deck":["AscendersBane","Strike_B+1","Strike_B+1","Strike_B+1","Defend_B","Defend_B+2","Defend_B","Defend_B","Zap","Dualcast","Apotheosis","Sweeping Beam","Panic Button+1","Turbo","Rip and Tear","Rip and Tear","FIFO Queue","Self Repair","Chill","Electrodynamics","Genetic Algorithm","Master of Strategy","Tempest","HandOfGreed","Jack Of All Trades","FTL+1","Ball Lightning","Panic Button+1"],"relics":["Cracked Core","Gremlin Horn","Golden Idol","Simple Rune","Whetstone","StrikeDummy","Snecko Eye","Red Mask","ReplayTheSpireMod:Shallot"],"acts_visited":["Exordium","TheCity"],"potions_floor_usage":[6,12,16,16,21,23],"damage_taken":[{"damage":10,"enemies":"Small Slimes","floor":1,"turns":3},{"damage":7,"enemies":"Jaw Worm","floor":3,"turns":3},{"damage":20,"enemies":"3 Sentries","floor":6,"turns":9},{"damage":0,"enemies":"2 Louse","floor":10,"turns":2},{"damage":4,"enemies":"2 Fungi Beasts","floor":11,"turns":3},{"damage":8,"enemies":"Gremlin Nob","floor":12,"turns":3},{"damage":4,"enemies":"Exordium Wildlife","floor":13,"turns":3},{"damage":0,"enemies":"Large Slime","floor":14,"turns":4},{"damage":0,"enemies":"Slime Boss","floor":16,"turns":5},{"damage":0,"enemies":"3 Byrds","floor":18,"turns":2},{"damage":12,"enemies":"Masked Bandits","floor":21,"turns":2},{"damage":33,"enemies":"Gremlin Leader","floor":23,"turns":4},{"damage":19,"enemies":"Shell Parasite","floor":25,"turns":3}],"seed_played":"-7671148221206622657","potions_obtained":[{"floor":1,"key":"Swift Potion"},{"floor":10,"key":"Energy Potion"},{"floor":12,"key":"ColorlessPotion"},{"floor":13,"key":"Toxic Potion"},{"floor":16,"key":"FocusPotion"},{"floor":21,"key":"AttackPotion"},{"floor":23,"key":"Ancient Potion"}],"is_trial":false,"path_per_floor":["M","?","M","$","?","E","R","?","T","M","M","E","M","M","R","B",null,"M","$","?","?","$","E","?","M"],"character_chosen":"DEFECT","items_purchased":["Master of Strategy","Tempest"],"campfire_rested":1,"item_purchase_floors":[19,19],"current_hp_per_floor":[54,43,36,36,36,16,35,35,35,35,31,23,19,19,19,19,53,63,63,63,51,51,18,18,0,0],"gold":96,"neow_bonus":"RANDOM_COLORLESS_2","is_daily":false,"chose_seed":false,"campfire_upgraded":1,"win_rate":0.0,"timestamp":1608075248,"path_taken":["M","?","M","$","?","E","R","?","T","M","M","E","M","M","R","BOSS","M","$","?","?","?","E","?","?"],"items_purchased_type":["Card","Card"],"build_version":"2020-12-13","purchased_purges":1,"victory":false,"max_hp_per_floor":[71,71,71,71,64,64,64,64,64,64,64,64,64,64,64,64,64,64,64,64,64,64,64,64,64,64],"card_choices":[{"not_picked":["The Bomb","Midas Touch"],"picked":"Apotheosis","floor":0},{"not_picked":["Gash","Compile Driver"],"picked":"Sweeping Beam","floor":1},{"not_picked":["Force Field","Go for the Eyes"],"picked":"Panic Button","floor":3},{"not_picked":["Go for the Eyes","Chaos"],"picked":"Turbo","floor":6},{"not_picked":["Hologram","Beam Cell"],"picked":"Rip and Tear","floor":10},{"not_picked":["ReplayTheSpireMod:Reroute Power","Cold Snap"],"picked":"Rip and Tear","floor":11},{"not_picked":["Rebound","Heatsinks"],"picked":"FIFO Queue","floor":12},{"not_picked":["Time Bomb","Undo"],"picked":"Self Repair","floor":13},{"not_picked":["Beam Cell","Darkness"],"picked":"Chill","floor":14},{"not_picked":["Creative AI","Meteor Strike"],"picked":"Electrodynamics","floor":16},{"not_picked":["Steam","Gash"],"picked":"Genetic Algorithm","floor":18},{"not_picked":["Replay:Sssssssssshield","Secret Weapon"],"picked":"HandOfGreed","floor":20},{"not_picked":["Replay:Parry","PanicButton"],"picked":"Jack Of All Trades","floor":20},{"not_picked":["BasicCrystalCard","Ball Lightning"],"picked":"FTL+1","floor":21},{"not_picked":["ReplayTheSpireMod:Reroute Power","Gash"],"picked":"Ball Lightning","floor":23}],"player_experience":1088051,"relics_obtained":[{"floor":6,"key":"Simple Rune"},{"floor":9,"key":"Whetstone"},{"floor":12,"key":"StrikeDummy"},{"floor":21,"key":"Red Mask"},{"floor":23,"key":"ReplayTheSpireMod:Shallot"}],"event_choices":[{"damage_healed":0,"gold_gain":0,"player_choice":"Success","damage_taken":11,"relics_obtained":["Gremlin Horn"],"max_hp_gain":0,"max_hp_loss":0,"event_name":"Scrap Ooze","floor":2,"gold_loss":0},{"damage_healed":0,"gold_gain":0,"player_choice":"Lose Max HP","damage_taken":0,"relics_obtained":["Golden Idol"],"max_hp_gain":0,"max_hp_loss":7,"event_name":"Golden Idol","floor":5,"gold_loss":0},{"damage_healed":0,"gold_gain":0,"player_choice":"Grow","damage_taken":0,"max_hp_gain":0,"max_hp_loss":0,"event_name":"Living Wall","floor":8,"gold_loss":0,"cards_upgraded":["Defend_B"]},{"damage_healed":0,"gold_gain":2,"player_choice":"1","damage_taken":0,"max_hp_gain":0,"max_hp_loss":0,"event_name":"betterStone:BetterStone","floor":20,"gold_loss":0},{"damage_healed":0,"gold_gain":0,"player_choice":"Fought Bandits","damage_taken":0,"max_hp_gain":0,"max_hp_loss":0,"event_name":"Masked Bandits","floor":21,"gold_loss":0},{"damage_healed":0,"gold_gain":0,"player_choice":"Copied","damage_taken":0,"max_hp_gain":0,"max_hp_loss":0,"event_name":"Duplicator","floor":24,"gold_loss":0,"cards_obtained":["Panic Button"]}],"is_beta":false,"boss_relics":[{"not_picked":["Sozu","Ectoplasm"],"picked":"Snecko Eye"}],"items_purged_floors":[19],"is_endless":false,"potions_floor_spawned":[1,10,12,13,16,21,23],"killed_by":"Shell Parasite","ascension_level":20}}