{"host":"tjjuwi3liievx0vu","time":1608047128,"event":{"mods":["BaseMod","Colored Map","Downfall","Minty Spire (QoL Compilation)","StSLib"],"gold_per_floor":[99,125,125,125,32,32,106,106,7,7,22,42,58,58,78,181,181,181,196,196,196,60,60,60,60,88,13,80,97,114,114,129,233,233,233,233,261,236,256,275,275,275,293,322,332,343,354,194,213,213],"floor_reached":51,"playtime":4137,"items_purged":["Regret","champ:Defend","Parasite"],"score":850,"play_id":"7fcb0559-e4c1-4ab9-a986-cd244233b8eb","local_time":"20201215164528","is_ascension_mode":false,"campfire_choices":[{"data":"champ:Taunt","floor":1,"key":"SMITH"},{"data":"champ:IronFortress","floor":6,"key":"SMITH"},{"data":"champ:Backstep","floor":8,"key":"SMITH"},{"data":"champ:DeathBlow","floor":10,"key":"SMITH"},{"data":"champ:StrikeOfGenius","floor":18,"key":"SMITH"},{"data":"champ:SteelEdge","floor":21,"key":"SMITH"},{"data":"champ:Improvising","floor":25,"key":"SMITH"},{"data":"champ:Encircle","floor":27,"key":"SMITH"},{"data":"champ:StanceDance","floor":35,"key":"SMITH"},{"data":"champ:StanceDance","floor":42,"key":"SMITH"}],"circlet_count":0,"master_deck":["champ:Strike+1","champ:Strike+1","champ:Defend+1","champ:Defend","champ:Execute","champ:Taunt+1","champ:ArenaPreparation","champ:Backstep+1","champ:AdrenalArmor","champ:IronFortress+1","champ:PreciseThrust","champ:GladiatorsShout","champ:DeathBlow+1","champ:Encircle+1","champ:FaceSlap+1","champ:BringItOn+1","champ:StrikeOfGenius+1","champ:BerserkersShout+1","champ:SteelEdge+1","champ:SkillfulDodge","champ:Improvising+1","champ:StanceDance+1","champ:FaceSlap","champ:SteelEdge","champ:StanceDance+1","champ:Haymaker+1","champ:IgnorePain","champ:Taunt","champ:FanOfKnives","champ:BringItOn","champ:FocusedBerserking+1","champ:RapidStrikes+1","champ:IgnorePain","champ:Duel","champ:GutPunch+1"],"relics":["champ:ChampionCrown","downfall:HeartsMalice","Toy Ornithopter","Letter Opener","Cursed Key","Whetstone","downfall:HeartBlessingGreen","Membership Card","Busted Crown","Ancient Tea Set","CaptainsWheel","Pantograph"],"acts_visited":["Exordium","TheCity","TheBeyond"],"potions_floor_usage":[16,26,26,44,45,50,50,50],"damage_taken":[{"damage":0,"enemies":"3 Sentries","floor":2,"turns":1},{"damage":0,"enemies":"Cultist","floor":3,"turns":1},{"damage":0,"enemies":"2 Louse","floor":4,"turns":1},{"damage":25,"enemies":"downfall:FleeingMerchant","floor":5,"turns":4},{"damage":19,"enemies":"downfall:FleeingMerchant","floor":9,"turns":4},{"damage":36,"enemies":"Jaw Worm","floor":11,"turns":3},{"damage":12,"enemies":"Blue Slaver","floor":12,"turns":4},{"damage":10,"enemies":"Exordium Wildlife","floor":13,"turns":5},{"damage":44,"enemies":"3 Louse","floor":15,"turns":4},{"damage":37,"enemies":"downfall:Ironclad","floor":16,"turns":9},{"damage":18,"enemies":"Spheric Guardian","floor":19,"turns":4},{"damage":48,"enemies":"downfall:FleeingMerchant","floor":22,"turns":4},{"damage":52,"enemies":"Slavers","floor":26,"turns":4},{"damage":32,"enemies":"downfall:FleeingMerchant","floor":28,"turns":4},{"damage":16,"enemies":"Shell Parasite","floor":29,"turns":3},{"damage":50,"enemies":"Cultist and Chosen","floor":30,"turns":3},{"damage":66,"enemies":"Snake Plant","floor":32,"turns":4},{"damage":51,"enemies":"downfall:Watcher","floor":33,"turns":6},{"damage":87,"enemies":"Giant Head","floor":37,"turns":7},{"damage":28,"enemies":"3 Shapes","floor":39,"turns":2},{"damage":16,"enemies":"3 Darklings","floor":40,"turns":4},{"damage":46,"enemies":"Sphere and 2 Shapes","floor":43,"turns":3},{"damage":49,"enemies":"Reptomancer","floor":44,"turns":4},{"damage":46,"enemies":"Writhing Mass","floor":45,"turns":5},{"damage":37,"enemies":"Maw","floor":46,"turns":5},{"damage":33,"enemies":"Transient","floor":47,"turns":5},{"damage":35,"enemies":"3 Darklings","floor":49,"turns":4},{"damage":71,"enemies":"downfall:Silent","floor":50,"turns":8}],"seed_played":"1710555542405396147","potions_obtained":[{"floor":2,"key":"DistilledChaos"},{"floor":11,"key":"Fire Potion"},{"floor":13,"key":"PowerPotion"},{"floor":16,"key":"SpeedPotion"},{"floor":29,"key":"Swift Potion"},{"floor":30,"key":"Swift Potion"},{"floor":37,"key":"Block Potion"},{"floor":46,"key":"SneckoOil"},{"floor":49,"key":"champ:OpenerPotion"}],"is_trial":false,"path_per_floor":["R","E","M","M","$","R","T","R","$","R","M","M","M","?","M","B",null,"R","M","?","R","$","?","T","R","E","R","$","M","M","?","M","B",null,"R","?","E","$","M","M","T","R","M","E","M","M","M","$","M","B",null],"character_chosen":"THE_CHAMP","items_purchased":["champ:IronFortress","champ:GladiatorsShout","champ:DeathBlow","champ:StanceDance","Membership Card","champ:SteelEdge","champ:FanOfKnives","SteroidPotion","champ:IgnorePain","champ:Duel"],"campfire_rested":0,"item_purchase_floors":[5,9,9,22,28,28,38,48,48,48],"current_hp_per_floor":[90,90,90,90,90,90,90,90,90,90,84,84,84,84,72,76,90,90,88,88,88,85,85,85,85,81,81,81,81,71,71,71,71,90,90,90,67,67,67,65,65,65,61,64,63,69,90,87,87,72],"gold":213,"neow_bonus":"THREE_ENEMY_KILL","is_daily":false,"chose_seed":false,"campfire_upgraded":10,"win_rate":0.0,"timestamp":1608047128,"path_taken":["R","E","M","M","$","R","T","R","$","R","M","?","M","?","M","BOSS","R","M","?","R","$","?","T","R","E","R","?","?","M","?","M","BOSS","R","?","E","$","M","M","T","R","M","E","M","M","M","$","M","BOSS"],"items_purchased_type":["Card","Card","Card","Card","Relic","Card","Card","Potion","Card","Card"],"build_version":"2020-12-13","purchased_purges":3,"victory":true,"max_hp_per_floor":[90,90,90,90,90,90,90,90,90,90,90,90,90,90,90,90,90,90,90,90,90,90,90,90,90,90,90,90,90,90,90,90,90,90,90,90,90,90,90,90,90,90,90,90,90,90,90,87,87,87],"card_choices":[{"not_picked":["champ:ViciousMockery","champ:Circumvent"],"picked":"champ:ArenaPreparation","floor":2},{"not_picked":["champ:CalledShot","champ:Circumvent"],"picked":"champ:Backstep","floor":3},{"not_picked":["champ:PerfectedStrike","champ:Circumvent"],"picked":"champ:AdrenalArmor","floor":4},{"not_picked":["champ:PreciseThrust","champ:AdrenalArmor","champ:DefensiveShout"],"picked":"SKIP","floor":5},{"not_picked":["champ:DancingMaster","champ:HoldFirm"],"picked":"champ:PreciseThrust","floor":9},{"not_picked":["champ:FocusedDefense","champ:GladiatorsShout"],"picked":"champ:Encircle","floor":11},{"not_picked":["champ:FlashCut","champ:BladeFlurry"],"picked":"champ:FaceSlap","floor":12},{"not_picked":["champ:Backstep","champ:AdrenalArmor"],"picked":"champ:BringItOn","floor":13},{"not_picked":["champ:CrookedStrike","champ:IronFortress","champ:RisingSlash"],"picked":"SKIP","floor":15},{"not_picked":["champ:ShieldThrow","champ:HoldFirm"],"picked":"champ:StrikeOfGenius","floor":16},{"not_picked":["champ:Encircle","champ:FocusedGladiator+1"],"picked":"champ:BerserkersShout+1","floor":19},{"not_picked":["champ:StanceDance","champ:CalledShot"],"picked":"champ:Improvising","floor":22},{"not_picked":["champ:FocusedDefense+1","champ:SwordThrow"],"picked":"champ:FaceSlap","floor":26},{"not_picked":["champ:FlashCut","champ:Circumvent","champ:GladiatorStyle"],"picked":"SKIP","floor":28},{"not_picked":["champ:FanOfKnives","champ:Backstep"],"picked":"champ:StanceDance","floor":29},{"not_picked":["champ:EnGarde","champ:IronFortress+1","champ:FocusedDefense"],"picked":"SKIP","floor":30},{"not_picked":["champ:BerserkersShout","champ:CrookedStrike"],"picked":"champ:Haymaker+1","floor":32},{"not_picked":["champ:CheapShot","champ:SteelEdge"],"picked":"champ:IgnorePain","floor":33},{"not_picked":["champ:SkillfulDodge"],"picked":"SKIP","floor":37},{"not_picked":[],"picked":"champ:BringItOn","floor":39},{"not_picked":["champ:ArenaPreparation+1"],"picked":"SKIP","floor":40},{"not_picked":["champ:ViciousMockery"],"picked":"SKIP","floor":43},{"not_picked":[],"picked":"champ:FocusedBerserking+1","floor":44},{"not_picked":["champ:Encircle+1"],"picked":"SKIP","floor":45},{"not_picked":[],"picked":"champ:RapidStrikes+1","floor":46},{"not_picked":["champ:FocusedBerserking+1"],"picked":"SKIP","floor":47},{"not_picked":[],"picked":"champ:GutPunch+1","floor":49}],"player_experience":800143,"relics_obtained":[{"floor":2,"key":"Toy Ornithopter"},{"floor":7,"key":"Letter Opener"},{"floor":26,"key":"Whetstone"},{"floor":37,"key":"Ancient Tea Set"},{"floor":41,"key":"CaptainsWheel"},{"floor":44,"key":"Pantograph"}],"event_choices":[{"damage_healed":0,"gold_gain":0,"cards_transformed":["champ:Strike","champ:Defend"],"player_choice":"Became Test Subject","damage_taken":0,"max_hp_gain":0,"max_hp_loss":0,"event_name":"Drug Dealer","floor":20,"gold_loss":0,"cards_obtained":["champ:SteelEdge","champ:SkillfulDodge"]},{"cards_removed":["champ:Strike"],"damage_healed":0,"gold_gain":0,"player_choice":"Elegance","damage_taken":0,"max_hp_gain":0,"max_hp_loss":0,"event_name":"Back to Basics","floor":23,"gold_loss":0},{"damage_healed":0,"gold_gain":0,"player_choice":"Ignored","damage_taken":0,"max_hp_gain":0,"max_hp_loss":0,"event_name":"Vampires","floor":31,"gold_loss":0}],"is_beta":false,"boss_relics":[{"not_picked":["SlaversCollar","Black Star"],"picked":"Cursed Key"},{"not_picked":["Fusion Hammer","Runic Pyramid"],"picked":"Busted Crown"}],"items_purged_floors":[22,28,48],"is_endless":false,"potions_floor_spawned":[2,11,13,15,16,29,30,33,37,39,43,46,49],"ascension_level":0}}