{"host":"6qohxdms6n72zb21","time":1608062530,"event":{"mods":["2.2 Compatiblity","Act Like it!","Ascension Reborn","BaseMod","Better Synergies","Downfall","Energized Spire","Hubris","Minty Spire (QoL Compilation)","Quick Restart","Replay The Spire","Spicy Shops","StSLib"],"gold_per_floor":[99,99,127,144,174,99,99,110,140,65,137,137,137,122,140,238,238,238,238,238,78,178,178,178],"floor_reached":23,"playtime":975,"items_purged":[],"score":237,"play_id":"aadd4d2d-3298-41a1-90e2-b00761145a02","local_time":"20201215150210","is_ascension_mode":true,"campfire_choices":[{"floor":1,"key":"RECALL"},{"data":"Slimebound:Split","floor":6,"key":"SMITH"},{"data":"Slimebound:AcidTongue","floor":10,"key":"SMITH"},{"data":"Slimebound:PrepareCrush","floor":18,"key":"SMITH"},{"data":"Slimebound:CorrosiveSpit","floor":20,"key":"SMITH"}],"circlet_count":0,"master_deck":["Slimebound:Strike_Slimebound+1","Slimebound:Strike_Slimebound+1","Slimebound:Strike_Slimebound+1","Slimebound:Defend_Slimebound+1","Slimebound:Defend_Slimebound+1","Slimebound:Defend_Slimebound+1","Slimebound:Defend_Slimebound+1","Slimebound:Split+1","Slimebound:CorrosiveSpit+1","Slimebound:GrowthPunch","Slimebound:SplitBruiser","Slimebound:RainOfGoop+1","Slimebound:AcidTongue+1","Slimebound:PressTheAttack","Regret","Slimebound:Schlurp","Slimebound:RollThrough","Slimebound:PrepareCrush+1","Slimebound:SamplingLick","Slimebound:ProtectTheBoss"],"relics":["Slimebound:AbsorbEndCombat","PreservedInsect","Tiny Chest","Bag of Marbles","downfall:HeartBlessingRed","Blood Vial","downfall:HeartBlessingBlue","Matryoshka","Nunchaku","Slimebound:MaxSlimesRelic","Ring of Chaos","Gremlin Food","Thread and Needle","Replay:Bottled Flurry"],"acts_visited":["Exordium","TheCity"],"potions_floor_usage":[16,21,22,23],"damage_taken":[{"damage":31,"enemies":"Gremlin Nob","floor":3,"turns":4},{"damage":6,"enemies":"2 Louse","floor":4,"turns":3},{"damage":8,"enemies":"Replay:BlueRogue","floor":5,"turns":5},{"damage":12,"enemies":"Cultist","floor":8,"turns":2},{"damage":20,"enemies":"Gremlin Nob","floor":9,"turns":3},{"damage":20,"enemies":"downfall:FleeingMerchant","floor":14,"turns":4},{"damage":19,"enemies":"Jaw Worm","floor":15,"turns":3},{"damage":52,"enemies":"downfall:Silent","floor":16,"turns":6},{"damage":20,"enemies":"downfall:FleeingMerchant","floor":21,"turns":4},{"damage":54,"enemies":"Colosseum Nobs","floor":22,"turns":4},{"damage":40,"enemies":"3 Byrds","floor":23,"turns":2}],"seed_played":"-7504697789492359681","potions_obtained":[{"floor":3,"key":"Toxic Potion"},{"floor":8,"key":"Reflective Coating"},{"floor":9,"key":"AttackPotion"},{"floor":16,"key":"AttackPotion"},{"floor":22,"key":"Guardian:BlockOnCardUsePotion"}],"is_trial":false,"path_per_floor":["R","?","E","M","E","R","T","M","E","R","T","?","T","$","M","B",null,"R","?","R","$","?","M"],"character_chosen":"SLIMEBOUND","items_purchased":["Gremlin Food"],"campfire_rested":0,"item_purchase_floors":[21],"current_hp_per_floor":[60,60,37,39,51,51,51,59,52,62,62,62,62,66,70,50,70,70,70,70,69,33,0,0],"gold":178,"neow_bonus":"RANDOM_COMMON_RELIC","is_daily":false,"chose_seed":false,"campfire_upgraded":4,"win_rate":0.0,"timestamp":1608062530,"path_taken":["R","?","E","?","E","R","T","M","E","R","?","?","?","$","M","BOSS","R","?","R","$","?","M"],"items_purchased_type":["Relic"],"build_version":"2020-12-13","purchased_purges":0,"victory":false,"max_hp_per_floor":[60,60,60,60,60,60,60,60,60,70,70,70,70,70,70,70,70,70,70,70,70,70,70,70],"card_choices":[{"not_picked":["Slimebound:Chomp","Slimebound:SlimeSpikes"],"picked":"Slimebound:GrowthPunch","floor":3},{"not_picked":["Slimebound:RollThrough","Slimebound:Schlurp"],"picked":"Slimebound:SplitBruiser","floor":4},{"not_picked":["Slimebound:Teamwork","Slimebound:SlimeSpikes"],"picked":"Slimebound:RainOfGoop","floor":5},{"not_picked":["Slimebound:ViciousTackle","Slimebound:Repurpose"],"picked":"Slimebound:AcidTongue","floor":8},{"not_picked":["Slimebound:SlimeSpikes","Slimebound:Chomp"],"picked":"Slimebound:PressTheAttack","floor":9},{"not_picked":["Slimebound:Dissolve","Slimebound:SplitAcid"],"picked":"Slimebound:Schlurp","floor":14},{"not_picked":["Slimebound:Repurpose","Slimebound:GrowthPunch"],"picked":"Slimebound:RollThrough","floor":15},{"not_picked":["Slimebound:RallyTheTroops","Slimebound:OozeBath"],"picked":"Slimebound:PrepareCrush","floor":16},{"not_picked":["Slimebound:GrowthPunch+1","Slimebound:SplitLeeching"],"picked":"Slimebound:SamplingLick","floor":21},{"not_picked":["Slimebound:SlimeBrawl","Slimebound:FormOfPuddle"],"picked":"Slimebound:ProtectTheBoss","floor":22}],"player_experience":165563,"relics_obtained":[{"floor":3,"key":"Tiny Chest"},{"floor":5,"key":"Bag of Marbles"},{"floor":9,"key":"Blood Vial"},{"floor":11,"key":"Matryoshka"},{"floor":13,"key":"Nunchaku"},{"floor":13,"key":"Slimebound:MaxSlimesRelic"},{"floor":22,"key":"Thread and Needle"},{"floor":22,"key":"Replay:Bottled Flurry"}],"event_choices":[{"cards_removed":["Slimebound:Tackle"],"damage_healed":0,"gold_gain":0,"player_choice":"Offered Basic","damage_taken":0,"max_hp_gain":0,"max_hp_loss":0,"event_name":"Bonfire Elementals","floor":2,"gold_loss":0},{"damage_healed":0,"gold_gain":0,"player_choice":"Simplicity","damage_taken":0,"max_hp_gain":0,"max_hp_loss":0,"event_name":"Back to Basics","floor":19,"gold_loss":0,"cards_upgraded":["Slimebound:Strike_Slimebound","Slimebound:Strike_Slimebound","Slimebound:Defend_Slimebound","Slimebound:Defend_Slimebound","Slimebound:Defend_Slimebound"]}],"is_beta":false,"boss_relics":[{"not_picked":["Fusion Hammer","hubris:ScarierMask"],"picked":"Ring of Chaos"}],"items_purged_floors":[],"is_endless":false,"potions_floor_spawned":[3,8,9,16,22],"killed_by":"3 Byrds","ascension_level":1}}