{"host":"g1wmg2w41xhsnw8g","time":1608050860,"event":{"mods":["2.2 Compatiblity","Act Like it!","BaseMod","Better Altar","Better Match","Better Note","Better Sensory Stone","Better Skull","Better Third Choice","BetterRewards","Booster Modes","CapriCore","ChefMod","Colored Map","Colored Powertips","Curses Come First","Defuse TimeMaze Blight","Displayed Cursed Tome","Friendly Minions","GifTheSpireLib","Googly Eyes","Hubris","Infinite Spire","Minty Spire (QoL Compilation)","Red Circlet Mod","Relic Sorter","SCP261 Mod","Shop Mod","Spicy Shops","StSLib","The Poker Player","The Sage","TheLocksmith","Transform Curses","Wandering Minibosses","????"],"gold_per_floor":[116,135,135,135,150,150,178,178,178,206,221,35,35,35,35,138,138,154,154,165,165,165,165,165,165],"floor_reached":23,"playtime":1140,"items_purged":[],"score":221,"play_id":"be014040-e932-49ec-a16d-6a0887221574","local_time":"20201215114739","daily_mods":["SealedDeck","Specialized","Heirloom","Elite Swarm"],"is_ascension_mode":true,"campfire_choices":[{"data":"PokerPlayerMod:CardPrinter+3","floor":6,"key":"SMITH"},{"data":"PokerPlayerMod:Club2","floor":8,"key":"SMITH"},{"data":"locksmith:Absorb","floor":15,"key":"SMITH"}],"circlet_count":0,"master_deck":["PokerPlayerMod:CardPrinter+4","locksmith:Grab","locksmith:Grab","locksmith:Grab","locksmith:Grab","locksmith:CursedKey","locksmith:Keysmack","locksmith:PuppetGuard","chefmod:Granita","locksmith:WaveOfRudeness","chefmod:Mince","locksmith:Tsundere","chefmod:IcePick","PokerPlayerMod:Club3","PokerPlayerMod:Club3","PokerPlayerMod:Club4","PokerPlayerMod:Club5","PokerPlayerMod:Club6","locksmith:ExplodingDummy","chefmod:FreezeSolid","locksmith:Absorb+1","chefmod:TonkotsuRamen+1","locksmith:FeelNoFeign+1","locksmith:KeychainRain+1","chefmod:HotSoup"],"relics":["locksmith:FreeKey","Calipers","Odd Mushroom","hubris:GlazedTorus","PreservedInsect","Membership Card","MerchantsRug","Astrolabe"],"acts_visited":["Exordium","TheCity"],"potions_floor_usage":[2,10,18,22,23],"damage_taken":[{"damage":0,"enemies":"2 Louse","floor":1,"turns":2},{"damage":12,"enemies":"Jaw Worm","floor":2,"turns":3},{"damage":4,"enemies":"Small Slimes","floor":5,"turns":2},{"damage":9,"enemies":"The Mushroom Lair","floor":7,"turns":3},{"damage":14,"enemies":"Gremlin Nob","floor":10,"turns":3},{"damage":23,"enemies":"3 Louse","floor":11,"turns":5},{"damage":11,"enemies":"Hexaghost","floor":16,"turns":6},{"damage":28,"enemies":"2 Thieves","floor":18,"turns":3},{"damage":47,"enemies":"Chosen","floor":20,"turns":6},{"damage":18,"enemies":"Book of Stabbing","floor":23,"turns":2}],"seed_played":"5078368767328813715","potions_obtained":[{"floor":1,"key":"SkillPotion"},{"floor":7,"key":"Swift Potion"},{"floor":16,"key":"ColorlessPotion"},{"floor":22,"key":"Fruit Juice"},{"floor":22,"key":"SCP261:BarrettColaPotion"},{"floor":22,"key":"Ancient Potion"}],"is_trial":true,"path_per_floor":["M","M","?","?","M","R","?","R","T","E","M","R","$","?","R","B",null,"M","?","M","?","?","E"],"character_chosen":"THE_LOCKSMITH","items_purchased":["Membership Card","MerchantsRug","locksmith:Absorb"],"campfire_rested":0,"item_purchase_floors":[12,12,12],"current_hp_per_floor":[79,67,72,72,68,68,59,59,59,45,22,22,22,22,22,11,84,56,56,9,9,14,0,0,0],"gold":165,"neow_bonus":"","is_daily":false,"chose_seed":false,"campfire_upgraded":3,"win_rate":0.0,"timestamp":1608050859,"path_taken":["M","M","?","?","M","R","?","R","T","E","?","R","$","?","R","BOSS","M","?","M","?","?","E"],"items_purchased_type":["Relic","Relic","Card"],"build_version":"2020-12-13","purchased_purges":0,"victory":false,"max_hp_per_floor":[79,79,84,84,84,84,84,84,84,84,84,84,84,84,84,84,84,84,84,84,84,89,89,89,89],"card_choices":[{"not_picked":["locksmith:BlockAndKey","locksmith:Tsundere"],"picked":"chefmod:IcePick","floor":1},{"not_picked":["locksmith:Capitalize","locksmith:LockBlock","chefmod:Puree"],"picked":"SKIP","floor":2},{"not_picked":["chefmod:TonkotsuRamen","chefmod:HotSoup","locksmith:Keysmack"],"picked":"SKIP","floor":5},{"not_picked":["chefmod:AlooGobi","chefmod:BaoBuns"],"picked":"locksmith:ExplodingDummy","floor":7},{"not_picked":["chefmod:SushiPlatter","chefmod:BananaSplit","chefmod:Mince"],"picked":"SKIP","floor":10},{"not_picked":["chefmod:IcePick","chefmod:Leftovers"],"picked":"chefmod:FreezeSolid","floor":11},{"not_picked":["locksmith:WaveOfRudeness+1","locksmith:Curse","locksmith:PuppetGuard"],"picked":"SKIP","floor":18},{"not_picked":["locksmith:SmackSmackBurn+1","locksmith:SoulSucker","locksmith:HiddenPower"],"picked":"SKIP","floor":20}],"player_experience":1172617,"relics_obtained":[{"floor":7,"key":"Odd Mushroom"},{"floor":9,"key":"hubris:GlazedTorus"},{"floor":10,"key":"PreservedInsect"}],"event_choices":[{"damage_healed":0,"gold_gain":0,"player_choice":"Donut","damage_taken":0,"max_hp_gain":5,"max_hp_loss":0,"event_name":"Big Fish","floor":3,"gold_loss":0},{"damage_healed":0,"gold_gain":0,"player_choice":"Jackpot","damage_taken":0,"max_hp_gain":0,"max_hp_loss":0,"event_name":"PokerPlayerMod:ExordiumClub","floor":4,"gold_loss":0,"cards_obtained":["PokerPlayerMod:Club2","PokerPlayerMod:Club3","PokerPlayerMod:Club4","PokerPlayerMod:Club5","PokerPlayerMod:Club6"]},{"damage_healed":0,"gold_gain":0,"player_choice":"Jackpot","damage_taken":0,"max_hp_gain":0,"max_hp_loss":0,"event_name":"PokerPlayerMod:ExordiumClub","floor":4,"gold_loss":0,"cards_obtained":["PokerPlayerMod:Club2","PokerPlayerMod:Club3","PokerPlayerMod:Club4","PokerPlayerMod:Club5","PokerPlayerMod:Club6"]},{"damage_healed":0,"gold_gain":0,"player_choice":"Jackpot","damage_taken":0,"max_hp_gain":0,"max_hp_loss":0,"event_name":"PokerPlayerMod:ExordiumClub","floor":4,"gold_loss":0,"cards_obtained":["PokerPlayerMod:Club2","PokerPlayerMod:Club3","PokerPlayerMod:Club4","PokerPlayerMod:Club5","PokerPlayerMod:Club6"]},{"damage_healed":0,"gold_gain":0,"player_choice":"Jackpot","damage_taken":0,"max_hp_gain":0,"max_hp_loss":0,"event_name":"PokerPlayerMod:ExordiumClub","floor":4,"gold_loss":0,"cards_obtained":["PokerPlayerMod:Club2","PokerPlayerMod:Club3","PokerPlayerMod:Club4","PokerPlayerMod:Club5","PokerPlayerMod:Club6"]},{"damage_healed":0,"gold_gain":0,"player_choice":"Jackpot","damage_taken":0,"max_hp_gain":0,"max_hp_loss":0,"event_name":"PokerPlayerMod:ExordiumClub","floor":4,"gold_loss":0,"cards_obtained":["PokerPlayerMod:Club2","PokerPlayerMod:Club3","PokerPlayerMod:Club4","PokerPlayerMod:Club5","PokerPlayerMod:Club6"]},{"damage_healed":0,"gold_gain":0,"player_choice":"Fought Mushrooms","damage_taken":0,"max_hp_gain":0,"max_hp_loss":0,"event_name":"Mushrooms","floor":7,"gold_loss":0},{"damage_healed":0,"gold_gain":0,"cards_transformed":["locksmith:Grab"],"player_choice":"Transformed","damage_taken":0,"max_hp_gain":0,"max_hp_loss":0,"event_name":"Transmorgrifier","floor":19,"gold_loss":0,"cards_obtained":["chefmod:HotSoup"]},{"damage_healed":0,"gold_gain":0,"player_choice":"Bought 0 Potions","damage_taken":0,"max_hp_gain":0,"max_hp_loss":0,"event_name":"The Woman in Blue","floor":21,"gold_loss":0},{"damage_healed":0,"gold_gain":0,"player_choice":"Got Potions","damage_taken":0,"max_hp_gain":0,"max_hp_loss":0,"event_name":"Lab","floor":22,"gold_loss":0}],"is_beta":false,"boss_relics":[{"not_picked":["locksmith:AntiKey","hubris:BlackHole"],"picked":"Astrolabe"}],"items_purged_floors":[],"is_endless":false,"potions_floor_spawned":[1,7,16],"killed_by":"Book of Stabbing","ascension_level":1}}