{"host":"3z9xbwjeimmg738z","time":1608075868,"event":{"mods":["2.2 Compatiblity","Act Like it!","AlwaysNeverKeys","Bard","BaseMod","Beaked The Cultist","Better Altar","Better Match","Better Note","Better Sensory Stone","Better Skull","Better Synergies","Better Third Choice","CapriCore","Colored Powertips","Defuse TimeMaze Blight","Displayed Cursed Tome","Emptier Cage","Faster Ascension Climbing","GifTheSpireLib","Minty Spire (QoL Compilation)","Pale of the Ancients","Permanent Neow","Replay The Spire","StSLib","The Showman","TheBandit","Uncapped","Wandering Minibosses"],"gold_per_floor":[116,67,67,67,81,81,81],"floor_reached":6,"playtime":1238,"items_purged":[],"score":36,"play_id":"3a326aa4-5a42-4c5b-a5ac-5375faa0f497","local_time":"20201215154428","daily_mods":["ControlledChaos"],"is_ascension_mode":true,"campfire_choices":[],"circlet_count":0,"master_deck":["beaked:Strike_Y","beaked:Strike_Y","beaked:Strike_Y","beaked:Strike_Y","beaked:Strike_Y","beaked:Defend_Y","beaked:Defend_Y","beaked:Defend_Y","beaked:Defend_Y","beaked:Ceremony","beaked:Ceremony","beaked:Ceremony","beaked:Insight+1","beaked:BounceBack"],"relics":["beaked:MendingPlumage","Frozen Eye"],"acts_visited":["Exordium"],"potions_floor_usage":[6],"damage_taken":[{"damage":2,"enemies":"Small Slimes","floor":1,"turns":4},{"damage":16,"enemies":"Cultist","floor":5,"turns":5},{"damage":28,"enemies":"Gremlin Nob","floor":6,"turns":5}],"seed_played":"8175185516087838","potions_obtained":[{"floor":5,"key":"SkillPotion"}],"is_trial":true,"path_per_floor":["M","$","?","?","M","E"],"character_chosen":"BEAKED_THE_CULTIST","items_purchased":["beaked:Insight"],"campfire_rested":0,"item_purchase_floors":[2],"current_hp_per_floor":[50,50,50,50,43,23,23],"gold":81,"neow_bonus":"","is_daily":false,"chose_seed":false,"campfire_upgraded":0,"win_rate":0.0,"timestamp":1608075868,"path_taken":["M","$","?","?","?","E"],"items_purchased_type":["Card"],"build_version":"2020-12-13","purchased_purges":0,"victory":false,"max_hp_per_floor":[50,50,50,50,52,52,52],"card_choices":[{"not_picked":["beaked:TuckingFeathers","beaked:HuntressEssence","beaked:DigDeeper"],"picked":"SKIP","floor":1},{"not_picked":["beaked:DesperateSwing","beaked:Foresight","beaked:MaddeningMurmurs"],"picked":"SKIP","floor":5}],"player_experience":69330,"relics_obtained":[],"event_choices":[{"damage_healed":0,"gold_gain":0,"player_choice":"Grow","damage_taken":0,"max_hp_gain":0,"max_hp_loss":0,"event_name":"Living Wall","floor":3,"gold_loss":0,"cards_upgraded":["beaked:Insight"]},{"damage_healed":0,"gold_gain":0,"cards_transformed":["beaked:Strike_Y"],"player_choice":"Transformed","damage_taken":0,"max_hp_gain":0,"max_hp_loss":0,"event_name":"Transmorgrifier","floor":4,"gold_loss":0,"cards_obtained":["beaked:BounceBack"]}],"is_beta":false,"boss_relics":[],"items_purged_floors":[],"is_endless":false,"potions_floor_spawned":[5],"killed_by":"Gremlin Nob","ascension_level":1}}