{"host":"3jpwrwmmgyabjceh","time":1608051748,"event":{"mods":["BaseMod","Minty Spire (QoL Compilation)","StSLib"],"gold_per_floor":[112,131,141,151,166,166,185,185,185,197,209,221,38,56,56,155,155,171,96,113,131,131,131,131,166,166,196,209,223,223,242,242,347,347,361,361,375,388,406,406,419,419,444,475,522,288,308,326,326,326,326,326,27,54,54,54],"floor_reached":55,"playtime":3258,"items_purged":["Strike_B","Strike_B"],"score":865,"play_id":"5b64bdea-cdd3-498b-98b2-6a42e95e9d56","local_time":"20201215200228","is_ascension_mode":true,"campfire_choices":[{"data":"Zap","floor":6.0,"key":"SMITH"},{"data":"Steam","floor":8.0,"key":"SMITH"},{"data":"Scrape","floor":15.0,"key":"SMITH"},{"floor":23.0,"key":"REST"},{"floor":30.0,"key":"REST"},{"data":"Hologram","floor":32.0,"key":"SMITH"},{"data":"Double Energy","floor":40.0,"key":"SMITH"},{"floor":42.0,"key":"RECALL"},{"data":"Steam","floor":49.0,"key":"SMITH"},{"data":"Buffer","floor":52.0,"key":"SMITH"}],"circlet_count":0,"master_deck":["Strike_B+1","Defend_B","Defend_B","Defend_B","Defend_B+1","Zap+1","Dualcast","Gash","Go for the Eyes+1","Go for the Eyes","Gash","Double Energy+1","Steam+1","Chill","Gash","Streamline","Scrape+1","Self Repair","BootSequence+1","Gash","Electrodynamics","Beam Cell+1","Steam+1","Conserve Battery","Mind Blast+1","Hologram+1","Auto Shields","Conserve Battery","FTL+1","Beam Cell+1","Buffer+1","Hologram+1","Steam Power+1","Gash+1","Steam+1","Go for the Eyes+1","BootSequence+1","Self Repair","White Noise+1","FTL+1","Stack+1","Defragment+1"],"relics":["Cracked Core","FossilizedHelix","Bag of Preparation","Black Star","Molten Egg 2","Kunai","Art of War","Pantograph","Blood Vial","Nuclear Battery","War Paint","StrikeDummy","Toxic Egg 2","CaptainsWheel","Whetstone","Symbiotic Virus"],"acts_visited":["Exordium","TheCity","TheBeyond","TheEnding"],"potions_floor_usage":[55,55],"damage_taken":[{"damage":0.0,"enemies":"Cultist","floor":1.0,"turns":3.0},{"damage":2.0,"enemies":"Jaw Worm","floor":2.0,"turns":4.0},{"damage":7.0,"enemies":"2 Louse","floor":3.0,"turns":2.0},{"damage":0.0,"enemies":"Exordium Thugs","floor":4.0,"turns":4.0},{"damage":0.0,"enemies":"Gremlin Gang","floor":5.0,"turns":4.0},{"damage":0.0,"enemies":"Exordium Wildlife","floor":7.0,"turns":3.0},{"damage":0.0,"enemies":"Exordium Thugs","floor":10.0,"turns":5.0},{"damage":0.0,"enemies":"Blue Slaver","floor":11.0,"turns":3.0},{"damage":0.0,"enemies":"Red Slaver","floor":12.0,"turns":4.0},{"damage":0.0,"enemies":"Exordium Wildlife","floor":14.0,"turns":5.0},{"damage":0.0,"enemies":"Slime Boss","floor":16.0,"turns":8.0},{"damage":0.0,"enemies":"Spheric Guardian","floor":18.0,"turns":3.0},{"damage":22.0,"enemies":"2 Thieves","floor":20.0,"turns":4.0},{"damage":18.0,"enemies":"Snecko","floor":21.0,"turns":5.0},{"damage":9.0,"enemies":"Gremlin Leader","floor":25.0,"turns":6.0},{"damage":25.0,"enemies":"Slavers","floor":27.0,"turns":7.0},{"damage":14.0,"enemies":"Cultist and Chosen","floor":28.0,"turns":6.0},{"damage":8.0,"enemies":"Snake Plant","floor":29.0,"turns":3.0},{"damage":0.0,"enemies":"Snecko","floor":31.0,"turns":4.0},{"damage":38.0,"enemies":"Collector","floor":33.0,"turns":14.0},{"damage":0.0,"enemies":"Orb Walker","floor":35.0,"turns":3.0},{"damage":0.0,"enemies":"3 Shapes","floor":37.0,"turns":2.0},{"damage":15.0,"enemies":"Maw","floor":38.0,"turns":7.0},{"damage":24.0,"enemies":"Transient","floor":39.0,"turns":5.0},{"damage":0.0,"enemies":"Jaw Worm Horde","floor":41.0,"turns":6.0},{"damage":13.0,"enemies":"Reptomancer","floor":44.0,"turns":9.0},{"damage":0.0,"enemies":"2 Orb Walkers","floor":45.0,"turns":5.0},{"damage":12.0,"enemies":"4 Shapes","floor":47.0,"turns":6.0},{"damage":21.0,"enemies":"Transient","floor":48.0,"turns":5.0},{"damage":36.0,"enemies":"Awakened One","floor":50.0,"turns":14.0},{"damage":20.0,"enemies":"Shield and Spear","floor":54.0,"turns":6.0},{"damage":106,"enemies":"The Heart","floor":55,"turns":8}],"seed_played":"7854046869296588460","potions_obtained":[{"floor":1.0,"key":"FocusPotion"},{"floor":2.0,"key":"DuplicationPotion"},{"floor":5.0,"key":"SteroidPotion"},{"floor":11.0,"key":"Swift Potion"},{"floor":21.0,"key":"Strength Potion"},{"floor":25.0,"key":"BlessingOfTheForge"},{"floor":28.0,"key":"PowerPotion"},{"floor":31.0,"key":"FearPotion"},{"floor":35.0,"key":"Regen Potion"},{"floor":39.0,"key":"CultistPotion"},{"floor":45.0,"key":"ColorlessPotion"},{"floor":47.0,"key":"FocusPotion"},{"floor":48.0,"key":"ColorlessPotion"},{"floor":54.0,"key":"DuplicationPotion"}],"is_trial":false,"path_per_floor":["M","M","M","M","M","R","M","R","T","M","M","M","$","M","R","B",null,"M","?","M","M","T","R","?","E","T","E","M","M","R","M","R","B",null,"M","?","M","M","M","R","M","R","T","E","?","$","M","M","R","B",null,"R","$","E","B"],"character_chosen":"DEFECT","items_purchased":["Scrape","Self Repair","BootSequence","BootSequence+1","Self Repair","FTL+1","Stack+1","Regen Potion"],"campfire_rested":2,"item_purchase_floors":[13,13,13,46,46,53,53,53],"current_hp_per_floor":[68,66,59,59,59,59,59,59,59,59,59,59,59,59,59,66,68,68,68,53,42,42,62,50,48,48,33,28,29,49,58,58,37,68,68,68,68,60,57,57,66,66,66,62,68,68,63,44,44,46,68,68,68,62,0,0],"gold":54,"neow_bonus":"ONE_RARE_RELIC","is_daily":false,"chose_seed":false,"campfire_upgraded":7,"win_rate":0.0,"timestamp":1608051748,"path_taken":["M","?","M","M","M","R","M","R","T","M","M","M","$","M","R","BOSS","M","?","M","M","?","R","?","E","T","E","M","M","R","?","R","BOSS","M","?","M","M","M","R","?","R","T","E","?","?","M","M","R","BOSS","R","$","E","BOSS"],"items_purchased_type":["Card","Card","Card","Card","Card","Card","Card","Potion"],"build_version":"2020-12-13","purchased_purges":2,"victory":false,"max_hp_per_floor":[68,68,68,68,68,68,68,68,68,68,68,68,68,68,68,68,68,68,68,68,68,68,68,68,68,68,68,68,68,68,68,68,68,68,68,68,68,68,68,68,68,68,68,68,68,68,68,68,68,68,68,68,68,68,68,68],"card_choices":[{"not_picked":["Beam Cell","Cold Snap"],"picked":"Gash","floor":1.0},{"not_picked":["Barrage","Tempest"],"picked":"Go for the Eyes","floor":2.0},{"not_picked":["Stack","Coolheaded"],"picked":"Go for the Eyes","floor":3.0},{"not_picked":["Machine Learning","Hologram"],"picked":"Gash","floor":4.0},{"not_picked":["Heatsinks","Rip and Tear"],"picked":"Double Energy","floor":5.0},{"not_picked":["Ball Lightning","Loop"],"picked":"Steam","floor":7.0},{"not_picked":["Compile Driver","Sweeping Beam"],"picked":"Chill","floor":10.0},{"not_picked":["Lockon","Cold Snap"],"picked":"Gash","floor":11.0},{"not_picked":["FTL","Redo"],"picked":"Streamline","floor":12.0},{"not_picked":["BootSequence","Cold Snap"],"picked":"Gash","floor":14.0},{"not_picked":["Buffer","Thunder Strike"],"picked":"Electrodynamics","floor":16.0},{"not_picked":["Steam","Recycle"],"picked":"Beam Cell+1","floor":18.0},{"not_picked":["Coolheaded","Compile Driver"],"picked":"Steam+1","floor":20.0},{"not_picked":["Biased Cognition","Ball Lightning"],"picked":"Conserve Battery","floor":21.0},{"not_picked":["Defragment","Sweeping Beam+1"],"picked":"Hologram","floor":25.0},{"not_picked":["Hyperbeam+1","Storm"],"picked":"Auto Shields","floor":27.0},{"not_picked":["White Noise","Redo+1"],"picked":"Conserve Battery","floor":28.0},{"not_picked":["Aggregate+1","Recycle+1"],"picked":"FTL+1","floor":29.0},{"not_picked":["Compile Driver+1","Streamline+1"],"picked":"Beam Cell+1","floor":31.0},{"not_picked":["Rainbow","Hyperbeam+1"],"picked":"Buffer","floor":33.0},{"not_picked":["Glacier","Leap"],"picked":"Hologram","floor":35.0},{"not_picked":["Coolheaded","Turbo"],"picked":"Steam Power+1","floor":37.0},{"not_picked":["Recycle+1","Sweeping Beam+1"],"picked":"Gash+1","floor":38.0},{"not_picked":["Hologram","Barrage+1"],"picked":"Steam","floor":39.0},{"not_picked":["Streamline+1","Coolheaded"],"picked":"Go for the Eyes+1","floor":41.0},{"not_picked":["Barrage+1","Reinforced Body+1","Lockon+1"],"picked":"SKIP","floor":44.0},{"not_picked":["Compile Driver+1","Fusion+1","Reinforced Body+1"],"picked":"SKIP","floor":47.0},{"not_picked":["Static Discharge","Redo+1"],"picked":"White Noise+1","floor":48.0},{"not_picked":["Force Field+1","Heatsinks+1"],"picked":"Defragment+1","floor":54.0}],"player_experience":197497,"relics_obtained":[{"floor":9.0,"key":"Bag of Preparation"},{"floor":22.0,"key":"Molten Egg 2"},{"floor":25.0,"key":"Kunai"},{"floor":25.0,"key":"Art of War"},{"floor":27.0,"key":"Pantograph"},{"floor":27.0,"key":"Blood Vial"},{"floor":43.0,"key":"War Paint"},{"floor":44.0,"key":"StrikeDummy"},{"floor":44.0,"key":"Toxic Egg 2"},{"floor":45.0,"key":"CaptainsWheel"},{"floor":54.0,"key":"Whetstone"},{"floor":54.0,"key":"Symbiotic Virus"}],"event_choices":[{"cards_removed":["Strike_B"],"damage_healed":0.0,"max_hp_gain":0.0,"max_hp_loss":0.0,"gold_gain":0.0,"event_name":"Beggar","player_choice":"Gave Gold","floor":19.0,"gold_loss":75.0,"damage_taken":0.0},{"damage_healed":0.0,"max_hp_gain":0.0,"max_hp_loss":0.0,"gold_gain":0.0,"event_name":"Knowing Skull","player_choice":"CARD ","floor":24.0,"potions_obtained":[],"gold_loss":0.0,"damage_taken":12.0,"cards_obtained":["Mind Blast"]},{"damage_healed":0.0,"max_hp_gain":0.0,"max_hp_loss":0.0,"gold_gain":0.0,"event_name":"Knowing Skull","player_choice":"CARD ","floor":24.0,"potions_obtained":[],"gold_loss":0.0,"damage_taken":12.0,"cards_obtained":["Mind Blast"]},{"damage_healed":0.0,"max_hp_gain":0.0,"max_hp_loss":0.0,"gold_gain":0.0,"event_name":"Upgrade Shrine","player_choice":"Upgraded","floor":36.0,"gold_loss":0.0,"damage_taken":0.0,"cards_upgraded":["Hologram"]},{"damage_healed":0.0,"max_hp_gain":0.0,"max_hp_loss":0.0,"gold_gain":0.0,"event_name":"Mysterious Sphere","player_choice":"Fight","floor":45.0,"gold_loss":0.0,"damage_taken":0.0}],"is_beta":false,"boss_relics":[{"not_picked":["Coffee Dripper","Inserter"],"picked":"Black Star"},{"not_picked":["Sozu","Runic Dome"],"picked":"Nuclear Battery"}],"items_purged_floors":[46,53],"is_endless":false,"potions_floor_spawned":[1,2,5,11,16,21,25,28,31,35,39,45,47,48,54],"killed_by":"The Heart","ascension_level":2}}