{"host":"at64dhdf9kc8hjax","time":1608053671,"event":{"mods":["Act Like it!","BaseMod","Dota2Spire","Friendly Minions","Gensokyo","Highlight Path","Minty Spire (QoL Compilation)","Quick Restart","RumiaBox-露米娅的神秘盒子","Spicy Shops","StSLib","SuperFastMode","【遗物卡牌】REMEMod"],"gold_per_floor":[111,129,129,14,14,14,30,30,107,107,107,107],"floor_reached":11,"playtime":623,"items_purged":["Strike_G"],"score":85,"play_id":"790c6aef-c652-4b3e-a6de-c142d21134b1","local_time":"20201216013431","is_ascension_mode":true,"campfire_choices":[{"data":"Terror","floor":6,"key":"SMITH"},{"data":"Neutralize","floor":8,"key":"SMITH"},{"data":"Concentrate","floor":10,"key":"SMITH"}],"circlet_count":0,"master_deck":["Strike_G","Strike_G","Strike_G","Strike_G","Defend_G","Defend_G","Defend_G","Defend_G","Defend_G","Survivor","Neutralize+1","Chrysalis+1","Heel Hook","Concentrate+1","Terror+1","Footwork"],"relics":["Ring of the Snake","REME_ComplimentaryCards","Juzu Bracelet","Sundial"],"acts_visited":["Exordium"],"potions_floor_usage":[7,11,11],"damage_taken":[{"damage":0,"enemies":"Small Slimes","floor":1,"turns":3},{"damage":0,"enemies":"Cultist","floor":2,"turns":4},{"damage":0,"enemies":"Jaw Worm","floor":7,"turns":4},{"damage":16,"enemies":"3 Sentries","floor":11,"turns":5}],"seed_played":"1437275048599718238","potions_obtained":[{"floor":3,"key":"Weak Potion"},{"floor":3,"key":"EssenceOfSteel"},{"floor":3,"key":"LiquidBronze"},{"floor":7,"key":"DuplicationPotion"}],"is_trial":false,"path_per_floor":["M","M","?","$","?","R","M","R","T","R","E"],"character_chosen":"THE_SILENT","items_purchased":["Terror"],"campfire_rested":0,"item_purchase_floors":[4],"current_hp_per_floor":[63,63,63,63,63,63,63,63,63,63,47,47],"gold":107,"neow_bonus":"RANDOM_COMMON_RELIC","is_daily":false,"chose_seed":false,"campfire_upgraded":3,"win_rate":0.0,"timestamp":1608053671,"path_taken":["M","M","?","?","?","R","M","R","T","R","E"],"items_purchased_type":["Card"],"build_version":"2020-12-13","purchased_purges":1,"victory":false,"max_hp_per_floor":[70,70,70,70,70,70,70,70,70,70,70,70],"card_choices":[{"not_picked":["Blade Dance","Calculated Gamble"],"picked":"Heel Hook","floor":1},{"not_picked":["Backflip","Leg Sweep"],"picked":"Concentrate","floor":2},{"not_picked":["Riddle With Holes","Deadly Poison"],"picked":"Footwork","floor":7}],"player_experience":200646,"relics_obtained":[{"floor":9,"key":"Sundial"}],"event_choices":[{"damage_healed":0,"gold_gain":0,"player_choice":"Got Potions","damage_taken":0,"max_hp_gain":0,"max_hp_loss":0,"event_name":"Lab","floor":3,"gold_loss":0},{"damage_healed":0,"gold_gain":0,"player_choice":"Forge","damage_taken":0,"max_hp_gain":0,"max_hp_loss":0,"event_name":"Accursed Blacksmith","floor":5,"gold_loss":0,"cards_upgraded":["Chrysalis"]}],"is_beta":false,"boss_relics":[],"items_purged_floors":[4],"is_endless":false,"potions_floor_spawned":[7],"killed_by":"3 Sentries","ascension_level":8}}