{"host":"6qohxdms6n72zb21","time":1608026397,"event":{"mods":["2.2 Compatiblity","Act Like it!","Ascension Reborn","BaseMod","Better Synergies","Downfall","Energized Spire","Hubris","Minty Spire (QoL Compilation)","Quick Restart","Replay The Spire","Spicy Shops","StSLib"],"gold_per_floor":[113,113,126,126,139,172,172,191,218,251,296,296,322,355,355,502,502,555,54,102,140,177,177,195,195],"floor_reached":24,"playtime":897,"items_purged":[],"score":252,"play_id":"1e387abc-f019-493e-85ab-5f2bcd40f3ef","local_time":"20201215045957","is_ascension_mode":true,"campfire_choices":[{"floor":12,"key":"REST"},{"floor":15,"key":"REST"},{"floor":23,"key":"REST"}],"circlet_count":0,"master_deck":["Berserk+1","Strike_R","Strike_R","Strike_R+1","Strike_R","Strike_R","Defend_R","Defend_R","Defend_R","Defend_R+1","Bash","Replay:Many Hands+1","Inflame","Spot Weakness","Sword Boomerang","Pummel","Replay:Undeath\u0027s Touch","Impervious","Cleave","Thunderclap","Berserk","hubris:Despair","Languid","hubris:Wrath","Seeing Red","Burning Pact","Hemogenesis","hubris:CleavingFinish","Demonic Infusion"],"relics":["Burning Blood","hubris:Icosahedron","Bronze Scales","Replay:Bandana","hubris:ToyBattleship","Replay:Ancient Bell","Oddly Smooth Stone","Replay:Bottled Snecko","Replay:PocketPolymizer","Membership Card","Regal Pillow","ClockworkSouvenir","hubris:GlazedTorus"],"acts_visited":["Exordium","TheCity"],"potions_floor_usage":[6,8,21,22,24],"damage_taken":[{"damage":16,"enemies":"Jaw Worm","floor":1,"turns":3},{"damage":12,"enemies":"2 Louse","floor":3,"turns":3},{"damage":19,"enemies":"Cultist","floor":5,"turns":4},{"damage":30,"enemies":"Lagavulin","floor":6,"turns":5},{"damage":7,"enemies":"3 Louse","floor":8,"turns":2},{"damage":0,"enemies":"Exordium Wildlife","floor":10,"turns":3},{"damage":4,"enemies":"Large Slime","floor":11,"turns":5},{"damage":10,"enemies":"Looter","floor":14,"turns":3},{"damage":0,"enemies":"Slime Boss","floor":16,"turns":6},{"damage":14,"enemies":"Chosen","floor":18,"turns":3},{"damage":17,"enemies":"3 Byrds","floor":20,"turns":3},{"damage":34,"enemies":"Snecko","floor":21,"turns":3},{"damage":14,"enemies":"Centurion and Healer","floor":22,"turns":4},{"damage":72,"enemies":"Gremlin Leader","floor":24,"turns":3}],"seed_played":"7606194358671816339","potions_obtained":[{"floor":3,"key":"Swift Potion"},{"floor":6,"key":"Weak Potion"},{"floor":16,"key":"Elixir"},{"floor":20,"key":"Death Potion"},{"floor":21,"key":"Guardian:BlockOnCardUsePotion"}],"is_trial":false,"path_per_floor":["M","?","M","?","M","E","?","M","T","M","M","R","T","M","R","B",null,"M","$","M","M","M","R","E"],"character_chosen":"IRONCLAD","items_purchased":["Membership Card","Regal Pillow","ClockworkSouvenir","hubris:GlazedTorus","Burning Pact"],"campfire_rested":3,"item_purchase_floors":[19,19,19,19,19],"current_hp_per_floor":[70,70,64,64,51,27,11,10,10,16,18,42,42,38,62,68,80,72,72,61,33,25,64,0,0],"gold":195,"neow_bonus":"ONE_RANDOM_RARE_CARD","is_daily":false,"chose_seed":false,"campfire_upgraded":0,"win_rate":0.0,"timestamp":1608026397,"path_taken":["M","?","M","?","M","E","?","M","T","?","M","R","?","M","R","BOSS","M","$","M","M","M","R","E"],"items_purchased_type":["Relic","Relic","Relic","Relic","Card"],"build_version":"2020-12-13","purchased_purges":0,"victory":false,"max_hp_per_floor":[80,80,80,80,80,80,80,80,80,80,80,80,80,80,80,80,80,80,80,80,80,80,80,80,80],"card_choices":[{"not_picked":["ReplayTheSpireMod:Strike From Hell","Twin Strike"],"picked":"Inflame","floor":1},{"not_picked":["Sword Boomerang","Flex"],"picked":"Spot Weakness","floor":3},{"not_picked":["Pommel Strike","Headbutt"],"picked":"Sword Boomerang","floor":5},{"not_picked":["Headbutt","Second Wind"],"picked":"Pummel","floor":6},{"not_picked":["Iron Wave","Run Through"],"picked":"Replay:Undeath\u0027s Touch","floor":8},{"not_picked":["Clash","Replay:Undeath\u0027s Touch"],"picked":"Impervious","floor":10},{"not_picked":["Sword Boomerang","Clothesline"],"picked":"Cleave","floor":11},{"not_picked":["Rampage","Massacre"],"picked":"Thunderclap","floor":14},{"not_picked":["Double Tap","Demonic Infusion"],"picked":"Berserk","floor":16},{"not_picked":["ReplayTheSpireMod:Splinters","hubris:Gluttony"],"picked":"hubris:Despair","floor":17},{"not_picked":["Doubt","hubris:Compulsion"],"picked":"Languid","floor":17},{"not_picked":["Decay","Amnesia"],"picked":"hubris:Wrath","floor":17},{"not_picked":["Cleave","Shrug It Off"],"picked":"Seeing Red","floor":18},{"not_picked":["Fire Breathing","Reckless Charge+1"],"picked":"Body Slam+1","floor":20},{"not_picked":["ReplayTheSpireMod:LeadingStrike","Shrug It Off"],"picked":"Hemogenesis","floor":21},{"not_picked":["ReplayReversal+1","Sword Boomerang"],"picked":"hubris:CleavingFinish","floor":22}],"player_experience":164175,"relics_obtained":[{"floor":6,"key":"Bronze Scales"},{"floor":9,"key":"Replay:Bandana"},{"floor":13,"key":"hubris:ToyBattleship"}],"event_choices":[{"damage_healed":0,"gold_gain":0,"player_choice":"Entered Light","damage_taken":16,"max_hp_gain":0,"max_hp_loss":0,"event_name":"Shining Light","floor":7,"gold_loss":0,"cards_upgraded":["Replay:Many Hands","Defend_R"]}],"is_beta":false,"boss_relics":[{"not_picked":["Coffee Dripper","hubris:GrandSneckoEye"],"picked":"Replay:Ancient Bell"},{"not_picked":["hubris:SlimyHat","Strawberry"],"picked":"Oddly Smooth Stone"},{"not_picked":["Blue Candle","Pear"],"picked":"Replay:Bottled Snecko"},{"not_picked":["hubris:AstralHammer","Calipers"],"picked":"Replay:PocketPolymizer"}],"items_purged_floors":[],"is_endless":false,"potions_floor_spawned":[3,6,16,20,21],"killed_by":"Gremlin Leader","ascension_level":0}}