{"host":"8qb550oiisecbnz6","time":1608148516,"event":{"mods":["AchievementEnabler","BaseMod","Colored Map","Colored Powertips","Minty Spire (QoL Compilation)","Quick Restart","Slay-I","StSLib"],"gold_per_floor":[119,133,133,208,81,81,113,113,113,133,148,166,27,47,47,143,143,155,173,186,186,206,241,241,241,332,359,359,359,359],"floor_reached":29,"playtime":1627,"items_purged":["Strike_R","Strike_R"],"score":374,"play_id":"dc374598-e7d1-44dd-8cf2-3f4ce2887b01","local_time":"20201216205516","is_ascension_mode":true,"campfire_choices":[{"data":"Flex","floor":6,"key":"SMITH"},{"data":"Cleave","floor":8,"key":"SMITH"},{"data":"Inflame","floor":15,"key":"SMITH"},{"data":"Rampage","floor":24,"key":"SMITH"},{"floor":28,"key":"REST"}],"circlet_count":0,"master_deck":["Strike_R","Strike_R","Defend_R","Defend_R","Defend_R","Defend_R","Bash","Flex+1","Shrug It Off","Cleave+1","Headbutt","Rampage+1","Inflame+1","Juggernaut","Iron Wave","Normality","Armaments"],"relics":["Burning Blood","Mummified Hand","InkBottle","Cursed Key","CeramicFish","Ornamental Fan"],"acts_visited":["Exordium","TheCity"],"potions_floor_usage":[16,16,22,23,25,29],"damage_taken":[{"damage":2,"enemies":"Small Slimes","floor":1,"turns":4},{"damage":3,"enemies":"2 Louse","floor":2,"turns":3},{"damage":15,"enemies":"3 Sentries","floor":7,"turns":7},{"damage":2,"enemies":"Jaw Worm","floor":10,"turns":3},{"damage":0,"enemies":"Blue Slaver","floor":11,"turns":5},{"damage":0,"enemies":"Gremlin Gang","floor":12,"turns":2},{"damage":6,"enemies":"Looter","floor":14,"turns":3},{"damage":0,"enemies":"Slime Boss","floor":16,"turns":6},{"damage":7,"enemies":"Chosen","floor":18,"turns":4},{"damage":6,"enemies":"Shell Parasite","floor":19,"turns":4},{"damage":12,"enemies":"Centurion and Healer","floor":20,"turns":5},{"damage":22,"enemies":"Snecko","floor":22,"turns":4},{"damage":41,"enemies":"Book of Stabbing","floor":23,"turns":5},{"damage":28,"enemies":"Snake Plant","floor":25,"turns":4},{"damage":14,"enemies":"Centurion and Healer","floor":27,"turns":4},{"damage":30,"enemies":"Slavers","floor":29,"turns":3}],"seed_played":"5178765415143396986","potions_obtained":[{"floor":10,"key":"Explosive Potion"},{"floor":12,"key":"AttackPotion"},{"floor":16,"key":"SmokeBomb"},{"floor":18,"key":"Energy Potion"},{"floor":20,"key":"Swift Potion"},{"floor":27,"key":"SneckoOil"}],"is_trial":false,"path_per_floor":["M","M","?","?","$","R","E","R","T","M","M","M","$","M","R","B",null,"M","M","M","?","M","E","R","M","T","M","R","E"],"character_chosen":"IRONCLAD","items_purchased":["Cleave","Inflame"],"campfire_rested":1,"item_purchase_floors":[5,13],"current_hp_per_floor":[80,80,73,62,62,62,53,53,53,57,63,69,69,69,69,75,79,78,78,72,90,74,39,39,17,17,9,36,6,6],"gold":359,"neow_bonus":"ONE_RANDOM_RARE_CARD","is_daily":false,"chose_seed":false,"campfire_upgraded":4,"win_rate":0.0,"timestamp":1608148516,"path_taken":["M","M","?","?","?","R","E","R","T","M","M","M","$","M","R","BOSS","M","M","M","?","?","E","R","M","T","M","R","E"],"items_purchased_type":["Card","Card"],"build_version":"2020-12-13","purchased_purges":2,"victory":false,"max_hp_per_floor":[80,80,80,80,80,80,80,80,80,80,80,80,80,80,80,80,80,80,80,80,90,90,90,90,90,90,90,90,90,90],"card_choices":[{"not_picked":["Burning Pact","Anger"],"picked":"Flex","floor":1},{"not_picked":["Entrench","Perfected Strike"],"picked":"Shrug It Off","floor":2},{"not_picked":["Cleave","True Grit"],"picked":"Headbutt","floor":7},{"not_picked":["Rage","Second Wind","Warcry"],"picked":"SKIP","floor":10},{"not_picked":["Heavy Blade","Corruption"],"picked":"Rampage","floor":11},{"not_picked":["Carnage","Havoc","Power Through"],"picked":"SKIP","floor":12},{"not_picked":["Body Slam","Headbutt","Carnage"],"picked":"SKIP","floor":14},{"not_picked":["Corruption","Brutality"],"picked":"Juggernaut","floor":16},{"not_picked":["Cleave+1","Fire Breathing"],"picked":"Iron Wave","floor":18},{"not_picked":["Heavy Blade","Twin Strike","Flex"],"picked":"SKIP","floor":19},{"not_picked":["Perfected Strike","Searing Blow","Carnage"],"picked":"SKIP","floor":20},{"not_picked":["Searing Blow","Seeing Red+1","Wild Strike"],"picked":"SKIP","floor":22},{"not_picked":["Perfected Strike+1","Anger","Thunderclap"],"picked":"SKIP","floor":23},{"not_picked":["Clash+1","Bloodletting+1"],"picked":"Armaments","floor":27}],"player_experience":371861,"relics_obtained":[{"floor":7,"key":"Mummified Hand"},{"floor":9,"key":"InkBottle"},{"floor":23,"key":"CeramicFish"},{"floor":26,"key":"Ornamental Fan"}],"event_choices":[{"cards_removed":["Strike_R"],"damage_healed":0,"gold_gain":0,"player_choice":"Card Removal","damage_taken":7,"max_hp_gain":0,"max_hp_loss":0,"event_name":"Golden Wing","floor":3,"gold_loss":0},{"damage_healed":0,"gold_gain":75,"player_choice":"Gather Gold","damage_taken":11,"max_hp_gain":0,"max_hp_loss":0,"event_name":"World of Goop","floor":4,"gold_loss":0},{"cards_removed":["Fiend Fire"],"damage_healed":8,"gold_gain":0,"player_choice":"Offered Rare","damage_taken":0,"max_hp_gain":10,"max_hp_loss":0,"event_name":"Bonfire Elementals","floor":21,"gold_loss":0}],"is_beta":false,"boss_relics":[{"not_picked":["Empty Cage","Pandora\u0027s Box"],"picked":"Cursed Key"}],"items_purged_floors":[5,13],"is_endless":false,"potions_floor_spawned":[10,12,16,18,20,25,27],"killed_by":"Slavers","ascension_level":5}}