{"host":"n23juj4d9qam5hh1","time":1608080062,"event":{"mods":["BaseMod","Better Note","BetterRewards","Infinite Spire","Minty Spire (QoL Compilation)","Relic Stats","StSLib"],"gold_per_floor":[114,114,129,129,144,144,159,174,199,214,214,229,244,94,94,194,194,209,224,239,239,254,254,284,284,309,324,239,19,34,49,49,149,149,149],"floor_reached":34,"playtime":1772,"items_purged":[],"score":370,"play_id":"bc3737f3-d219-49c0-83e5-b08ea6ee9182","local_time":"20201215195422","daily_mods":["SealedDeck","ControlledChaos","Terminal"],"is_ascension_mode":false,"campfire_choices":[{"data":"Storm","floor":6,"key":"SMITH"},{"data":"Consume","floor":11,"key":"SMITH"},{"data":"White Noise","floor":15,"key":"SMITH"},{"data":"Seek","floor":23,"key":"SMITH"},{"floor":25,"key":"REST"},{"floor":32,"key":"REST"}],"circlet_count":0,"master_deck":["Force Field","Leap","Fusion","Cold Snap","Ball Lightning","Self Repair","Leap","Auto Shields","Darkness","Storm+1","Rebound","Coolheaded+1","Consume+1","Self Repair","Melter","Darkness","White Noise+1","Conserve Battery","Storm","White Noise+1","Seek+1","Ball Lightning+1","Doom and Gloom","Redo+1","Capacitor","Consume+1"],"relics":["Cracked Core","Frozen Eye","Nunchaku","Orrery","Inserter","OrangePellets","Omamori","Smiling Mask","Letter Opener","War Paint"],"acts_visited":["Exordium","TheCity","TheBeyond"],"potions_floor_usage":[7,20],"damage_taken":[{"damage":0,"enemies":"Jaw Worm","floor":1,"turns":3},{"damage":10,"enemies":"infinitespire:Voidling","floor":3,"turns":3},{"damage":6,"enemies":"2 Louse","floor":5,"turns":3},{"damage":8,"enemies":"Gremlin Gang","floor":7,"turns":4},{"damage":0,"enemies":"2 Fungi Beasts","floor":8,"turns":4},{"damage":1,"enemies":"3 Louse","floor":10,"turns":3},{"damage":0,"enemies":"Blue Slaver","floor":12,"turns":3},{"damage":2,"enemies":"Exordium Wildlife","floor":13,"turns":4},{"damage":18,"enemies":"Slime Boss","floor":16,"turns":6},{"damage":0,"enemies":"Chosen","floor":18,"turns":4},{"damage":1,"enemies":"Shell Parasite","floor":19,"turns":4},{"damage":13,"enemies":"3 Cultists","floor":20,"turns":3},{"damage":2,"enemies":"Snake Plant","floor":22,"turns":4},{"damage":38,"enemies":"Slavers","floor":24,"turns":5},{"damage":0,"enemies":"Chosen and Byrds","floor":27,"turns":4},{"damage":4,"enemies":"3 Cultists","floor":30,"turns":4},{"damage":15,"enemies":"Centurion and Healer","floor":31,"turns":5},{"damage":5,"enemies":"Champ","floor":33,"turns":7}],"seed_played":"4580661739168851385","potions_obtained":[{"floor":3,"key":"SkillPotion"},{"floor":7,"key":"AttackPotion"},{"floor":12,"key":"BlessingOfTheForge"},{"floor":20,"key":"FairyPotion"},{"floor":27,"key":"Explosive Potion"},{"floor":33,"key":"Regen Potion"}],"is_trial":false,"path_per_floor":["M","?","M","?","M","R","M","M","T","M","R","M","M","$","R","B",null,"M","M","M","AVR","M","R","E","R","T","M","?","$","M","M","R","B",null],"character_chosen":"DEFECT","items_purchased":["Orrery","War Paint","Capacitor"],"campfire_rested":2,"item_purchase_floors":[14,29,29],"current_hp_per_floor":[73,72,71,70,69,68,67,66,65,64,63,62,61,60,59,41,57,56,55,49,49,52,51,27,42,42,47,46,45,44,29,41,41,41,41],"gold":149,"neow_bonus":"","is_daily":true,"chose_seed":false,"campfire_upgraded":4,"win_rate":0.0,"timestamp":1608080062,"path_taken":["M","?","?","?","M","R","M","M","T","M","R","M","M","$","R","BOSS","M","M","M","AVR","M","R","E","R","T","?","?","$","M","M","R","BOSS"],"items_purchased_type":["Relic","Relic","Card"],"build_version":"2020-12-13","purchased_purges":0,"victory":false,"max_hp_per_floor":[73,72,71,70,69,68,67,66,65,64,63,62,61,60,59,58,57,56,55,54,53,52,51,50,49,48,47,46,45,44,43,42,41,41,41],"relic_stats":{"OrangePellets":[8],"Nunchaku":[3],"Inserter":[20],"counters":[18,73],"Letter Opener":[46],"War Paint":["White Noise","Coolheaded"],"Smiling Mask":0,"obtain_stats":[{"Frozen Eye":0,"OrangePellets":21,"Nunchaku":9,"Inserter":17,"Orrery":14,"Omamori":24,"Letter Opener":28,"War Paint":29,"Cracked Core":0,"Smiling Mask":26},{"Frozen Eye":0,"OrangePellets":12,"Nunchaku":5,"Inserter":9,"Orrery":8,"Omamori":14,"Letter Opener":15,"War Paint":15,"Cracked Core":0,"Smiling Mask":14},{"Frozen Eye":0,"OrangePellets":44,"Nunchaku":17,"Inserter":33,"Orrery":27,"Omamori":53,"Letter Opener":57,"War Paint":57,"Cracked Core":0,"Smiling Mask":53}]},"card_choices":[{"not_picked":["Streamline","Skim"],"picked":"Storm","floor":1},{"not_picked":["Redo","Fusion"],"picked":"Rebound","floor":3},{"not_picked":["Rip and Tear","All For One"],"picked":"Coolheaded","floor":5},{"not_picked":["Storm","Leap"],"picked":"Consume","floor":7},{"not_picked":["Steam Power","Leap"],"picked":"Self Repair","floor":8},{"not_picked":["Ball Lightning","Auto Shields"],"picked":"Melter","floor":10},{"not_picked":["Melter","Cold Snap","Leap"],"picked":"SKIP","floor":12},{"not_picked":["Tempest","Go for the Eyes","Cold Snap"],"picked":"SKIP","floor":13},{"not_picked":["Beam Cell","Auto Shields"],"picked":"Darkness","floor":14},{"not_picked":["Barrage","Machine Learning"],"picked":"White Noise","floor":14},{"not_picked":["Aggregate","Reprogram"],"picked":"Conserve Battery","floor":14},{"not_picked":["Go for the Eyes","Genetic Algorithm"],"picked":"Storm","floor":14},{"not_picked":["Barrage","Skim"],"picked":"White Noise","floor":14},{"not_picked":["Multi-Cast","Fission"],"picked":"Seek","floor":16},{"not_picked":["Compile Driver","Coolheaded"],"picked":"Ball Lightning+1","floor":18},{"not_picked":["Fusion","Consume"],"picked":"Doom and Gloom","floor":19},{"not_picked":["Go for the Eyes","Coolheaded"],"picked":"Redo+1","floor":20},{"not_picked":["Skim","Stack","Streamline"],"picked":"SKIP","floor":22},{"not_picked":["Coolheaded+1","Genetic Algorithm+1","Stack"],"picked":"SKIP","floor":24},{"not_picked":["Compile Driver+1","Sweeping Beam","Hello World"],"picked":"SKIP","floor":27},{"not_picked":["Leap","Coolheaded","Loop"],"picked":"SKIP","floor":30},{"not_picked":["Sweeping Beam","Capacitor"],"picked":"Consume+1","floor":31}],"player_experience":173411,"relics_obtained":[{"floor":9,"key":"Nunchaku"},{"floor":24,"key":"Omamori"},{"floor":26,"key":"Smiling Mask"}],"event_choices":[{"cards_removed":["Turbo"],"damage_healed":0,"gold_gain":0,"player_choice":"Card Removal","damage_taken":0,"max_hp_gain":0,"max_hp_loss":0,"event_name":"Wheel of Change","floor":2,"gold_loss":0},{"damage_healed":0,"gold_gain":0,"player_choice":"Ignored","damage_taken":0,"max_hp_gain":0,"max_hp_loss":0,"event_name":"Purifier","floor":4,"gold_loss":0},{"damage_healed":0,"gold_gain":0,"player_choice":"Obtained Relic","damage_taken":0,"relics_obtained":["Letter Opener"],"max_hp_gain":0,"max_hp_loss":0,"event_name":"Addict","floor":28,"gold_loss":85}],"is_beta":false,"boss_relics":[{"not_picked":["SacredBark","SlaversCollar"],"picked":"Inserter"},{"not_picked":["Velvet Choker","Calling Bell","Fusion Hammer"]}],"items_purged_floors":[],"is_endless":false,"potions_floor_spawned":[3,7,12,20,27,30,33],"ascension_level":0}}