{"host":"wonp23fsqqcu31ie","time":1608086618,"event":{"mods":["2.2 Compatiblity","AchievementEnabler","Aspiration","BaseMod","Bestiary","Better Altar","Better Match","Better Sensory Stone","Better Skull","Better Third Choice","BetterRewards","Block Reminder","Colored Map","Colored Powertips","Conspire","DeckTracker","Displayed Cursed Tome","Downfall","Hermit","Highlight Path","Hubris","Minty Spire (QoL Compilation)","Permanent Neow","Quick Restart","Rare Cards Sparkle","Relic Stats","Replay The Spire","Shade Mod","Shop Mod","StSLib","SuperFastMode","The Animator","The Cursed","The Gatherer","The Necromancer","The Runesmith","The Servant 0.9.4"],"gold_per_floor":[115,18,46,46,60,105,120,166,166,198,208,208,62,90,90,211,211,222,74,94,94,94,128,128,278,278,278,278,238,277,297,297,396,396,416,440,440,459,459,487,487,506,529,529,529],"floor_reached":44,"playtime":1327,"items_purged":[],"score":788,"play_id":"3658cd13-874a-407d-bb3d-dc2bbccc5c58","local_time":"20201216134338","is_ascension_mode":true,"campfire_choices":[{"floor":15.0,"key":"REST"},{"floor":28.0,"key":"REST"},{"floor":32.0,"key":"REST"},{"floor":41.0,"key":"RECALL"}],"circlet_count":0,"master_deck":["animator:Strike_FullmetalAlchemist","animator:Defend_FullmetalAlchemist","animator:Strike","animator:Strike","animator:Strike+1","animator:Defend","animator:Defend","animator:Defend+1","animator:ElricEdward","animator:ElricAlphonse","animator:GazelDwargon","animator:Lancer","animator:IchigoKurosaki","animator:PandorasActor","animator:Benimaru","animator:Kaijin","animator:Shuna","animator:Sebas+1","animator:Hakurou","animator:Albedo","animator:Rimuru","animator:Shichika","animator:Millim","animator:Pride","animator:Sloth","animator:Saber+1","Chaos+1","animator:MaesHughes+1","BootSequence+1","Pot Of Greed","Pot Of Greed","Pot Of Greed"],"relics":["animator:LivingPicture","animator:TheMissingPiece","Replay:WaspNest","Mummified Hand","hubris:DeadTorch","Bronze Scales","Lizard Tail","Replay:Bottled Flurry","MerchantsRug","hubris:CrackedHourglass","Omamori","Golden Egg","Replay:Towering Pillar of Hats","ReplayTheSpireMod:CursedCoin","hubris:EvacipatedBox","hubris:FruitBowl","aspiration:StickyExplosives_weak","hubris:Metronome","hubris:Towel","Anchor","aspiration:DefectSkillbook","PreservedInsect","Grinning Jar"],"acts_visited":["Exordium","TheCity","TheBeyond"],"potions_floor_usage":[44],"damage_taken":[{"damage":10.0,"enemies":"2 Louse","floor":1.0,"turns":3.0},{"damage":0.0,"enemies":"Cultist","floor":3.0,"turns":4.0},{"damage":3.0,"enemies":"conspire:RoseBush","floor":5.0,"turns":3.0},{"damage":23.0,"enemies":"Lagavulin","floor":6.0,"turns":7.0},{"damage":0.0,"enemies":"conspire:2 RoseBushes","floor":7.0,"turns":5.0},{"damage":20.0,"enemies":"3 Sentries","floor":8.0,"turns":6.0},{"damage":1.0,"enemies":"Replay:BlueRogue","floor":10.0,"turns":6.0},{"damage":5.0,"enemies":"Blue Slaver","floor":11.0,"turns":4.0},{"damage":0.0,"enemies":"Lots of Slimes","floor":14.0,"turns":2.0},{"damage":27.0,"enemies":"The Guardian","floor":16.0,"turns":9.0},{"damage":6.0,"enemies":"Chosen","floor":18.0,"turns":4.0},{"damage":0.0,"enemies":"Shell Parasite","floor":20.0,"turns":3.0},{"damage":41.0,"enemies":"conspire:SneckoGhost","floor":23.0,"turns":7.0},{"damage":0.0,"enemies":"Replay:Snechameleon","floor":30.0,"turns":5.0},{"damage":5.0,"enemies":"Chosen and Byrds","floor":31.0,"turns":4.0},{"damage":27.0,"enemies":"hubris:MusketHawk","floor":33.0,"turns":7.0},{"damage":0.0,"enemies":"3 Shapes","floor":35.0,"turns":6.0},{"damage":19.0,"enemies":"3 Darklings","floor":36.0,"turns":3.0},{"damage":32.0,"enemies":"Maw","floor":38.0,"turns":6.0},{"damage":53.0,"enemies":"Reptomancer","floor":40.0,"turns":4.0},{"damage":60.0,"enemies":"Jaw Worm Horde","floor":42.0,"turns":4.0},{"damage":57,"enemies":"Spire Growth","floor":44,"turns":3}],"seed_played":"352081045798231146","potions_obtained":[{"floor":5.0,"key":"LiquidMemories"},{"floor":6.0,"key":"champ:CounterPotion"},{"floor":8.0,"key":"FearPotion"},{"floor":10.0,"key":"Dexterity Potion"},{"floor":12.0,"key":"Fruit Juice"},{"floor":12.0,"key":"CultistPotion"},{"floor":12.0,"key":"Death Potion"},{"floor":20.0,"key":"Ancient Potion"},{"floor":23.0,"key":"BlessingOfTheForge"},{"floor":36.0,"key":"DuplicationPotion"}],"is_trial":false,"path_per_floor":["M","$","M","?","M","E","M","E","T","E","M","?","$","M","R","B",null,"M","$","M","$","?","E","T","$","T","?","R","?","E","M","R","B",null,"M","M","$","M","?","E","R","M","T","M"],"character_chosen":"THE_ANIMATOR","items_purchased":["Replay:WaspNest","Mummified Hand","animator:GazelDwargon","animator:IchigoKurosaki","MerchantsRug","Omamori","ReplayTheSpireMod:CursedCoin","hubris:EvacipatedBox","hubris:FruitBowl","aspiration:StickyExplosives_weak"],"campfire_rested":3,"item_purchase_floors":[0,0,0,2,13,19,25,25,25,25],"current_hp_per_floor":[28,28,28,66,63,40,42,28,28,30,28,33,33,35,61,36,89,86,86,90,90,96,64,64,10,10,10,41,41,47,47,81,60,122,126,108,108,80,80,31,31,52,52,0,0],"gold":529,"neow_bonus":"","is_daily":false,"chose_seed":false,"campfire_upgraded":0,"win_rate":0.0,"timestamp":1608086618,"path_taken":["M","$","M","?","?","E","M","E","T","E","M","?","$","M","R","BOSS","M","?","M","$","?","E","?","?","T","?","R","?","E","M","R","BOSS","M","M","$","?","?","E","R","M","T","M"],"items_purchased_type":["Relic","Relic","Card","Card","Relic","Relic","Relic","Relic","Relic","Relic"],"build_version":"2020-12-13","purchased_purges":0,"victory":false,"max_hp_per_floor":[66,66,66,66,66,66,68,74,74,77,80,85,85,87,87,89,89,92,92,96,96,96,105,105,105,105,105,105,105,111,116,116,122,122,126,127,127,131,131,135,135,139,139,140,140],"relic_stats":{"Lizard Tail":68,"counters":[48,244],"Mummified Hand":[40],"Bronze Scales":[213],"PreservedInsect":314,"obtain_stats":[{"Golden Egg":9,"hubris:Metronome":26,"animator:TheMissingPiece":0,"Vajra":22,"aspiration:Stabinomicon":21,"hubris:SlimyHat":36,"Ginger":20,"Replay:Mystery Machine":8,"Burning Blood":45,"hubris:EvacipatedBox":25,"aspiration:StickyExplosives_weak":25,"Dream Catcher":42,"Lizard Tail":8,"hubris:Icosahedron":2,"aspiration:DefectSkillbook":34,"Mummified Hand":0,"WingedGreaves":40,"hubris:DeadTorch":7,"Replay:Bottled Flurry":10,"animator:HallowedScabbard":10,"animator:VividPicture":17,"MerchantsRug":36,"Replay:Towering Pillar of Hats":24,"ReplayTheSpireMod:CursedCoin":36,"aspiration:Nostalgia":45,"Dead Branch":0,"Thread and Needle":25,"hubris:FruitBowl":25,"PreservedInsect":23,"Replay:WaspNest":0,"Omamori":19,"Replay:Kaleidoscope":54,"hubris:Towel":27,"Replay:Arrowhead":47,"animator:CerealBox":25,"WarpedTongs":29,"Anchor":30,"Busted Crown":34,"Bronze Scales":6,"animator:LivingPicture":0,"ReplayTheSpireMod:TigerMarble":26,"Garlic":53,"Champion Belt":13,"hubris:CrackedHourglass":17,"Grinning Jar":43,"Mirror":31},{"Golden Egg":4,"hubris:Metronome":39,"animator:TheMissingPiece":0,"Vajra":12,"aspiration:Stabinomicon":12,"hubris:SlimyHat":18,"Ginger":12,"Replay:Mystery Machine":4,"Burning Blood":21,"hubris:EvacipatedBox":39,"aspiration:StickyExplosives_weak":39,"Dream Catcher":20,"Lizard Tail":32,"hubris:Icosahedron":1,"aspiration:DefectSkillbook":42,"Mummified Hand":26,"WingedGreaves":19,"hubris:DeadTorch":31,"Replay:Bottled Flurry":33,"animator:HallowedScabbard":5,"animator:VividPicture":9,"MerchantsRug":18,"Replay:Towering Pillar of Hats":39,"ReplayTheSpireMod:CursedCoin":18,"aspiration:Nostalgia":21,"Dead Branch":26,"Thread and Needle":14,"hubris:FruitBowl":39,"PreservedInsect":13,"Replay:WaspNest":26,"Omamori":37,"Replay:Kaleidoscope":25,"hubris:Towel":39,"Replay:Arrowhead":22,"animator:CerealBox":14,"WarpedTongs":15,"Anchor":40,"Busted Crown":17,"Bronze Scales":30,"animator:LivingPicture":0,"ReplayTheSpireMod:TigerMarble":14,"Garlic":24,"Champion Belt":7,"hubris:CrackedHourglass":36,"Grinning Jar":47,"Mirror":16},{"Golden Egg":12,"hubris:Metronome":203,"animator:TheMissingPiece":0,"Vajra":54,"aspiration:Stabinomicon":54,"hubris:SlimyHat":87,"Ginger":54,"Replay:Mystery Machine":12,"Burning Blood":101,"hubris:EvacipatedBox":203,"aspiration:StickyExplosives_weak":203,"Dream Catcher":98,"Lizard Tail":168,"hubris:Icosahedron":4,"aspiration:DefectSkillbook":219,"Mummified Hand":140,"WingedGreaves":93,"hubris:DeadTorch":159,"Replay:Bottled Flurry":174,"animator:HallowedScabbard":16,"animator:VividPicture":36,"MerchantsRug":87,"Replay:Towering Pillar of Hats":203,"ReplayTheSpireMod:CursedCoin":87,"aspiration:Nostalgia":101,"Dead Branch":140,"Thread and Needle":67,"hubris:FruitBowl":203,"PreservedInsect":62,"Replay:WaspNest":140,"Omamori":193,"Replay:Kaleidoscope":132,"hubris:Towel":203,"Replay:Arrowhead":107,"animator:CerealBox":67,"WarpedTongs":72,"Anchor":208,"Busted Crown":83,"Bronze Scales":157,"animator:LivingPicture":0,"ReplayTheSpireMod:TigerMarble":67,"Garlic":125,"Champion Belt":25,"hubris:CrackedHourglass":189,"Grinning Jar":241,"Mirror":76}]},"card_choices":[{"not_picked":["animator:Rider","animator:ElricAlphonse"],"picked":"animator:Lancer","floor":1.0},{"not_picked":["animator:Nanami","animator:Archer"],"picked":"animator:PandorasActor","floor":3.0},{"not_picked":["animator:ShinjiMatou","animator:SakuraMatou","animator:Togame"],"picked":"SKIP","floor":5.0},{"not_picked":["animator:Kaijin","animator:Hakurou"],"picked":"animator:Benimaru","floor":6.0},{"not_picked":["animator:ShinjiMatou","animator:Aqua"],"picked":"animator:Kaijin","floor":7.0},{"not_picked":["animator:SilverFang","animator:ShinjiMatou"],"picked":"animator:Shuna","floor":8.0},{"not_picked":["animator:Vesta","animator:Melzalgald"],"picked":"animator:Sebas","floor":10.0},{"not_picked":["animator:Benimaru","animator:Shuna"],"picked":"animator:Hakurou","floor":11.0},{"not_picked":["animator:Verdia","animator:MaesHughes"],"picked":"animator:Albedo","floor":14.0},{"not_picked":["animator:Biyorigo","animator:Saitama"],"picked":"animator:Rimuru","floor":16.0},{"not_picked":["animator:Emonzaemon+1","animator:ElricAlphonse"],"picked":"animator:Shichika","floor":18.0},{"not_picked":["animator:Rider","animator:Genos+1","animator:Kazuma+1"],"picked":"SKIP","floor":20.0},{"not_picked":["animator:Hakurou","animator:Rimuru"],"picked":"animator:Millim","floor":23.0},{"not_picked":["animator:ShinjiMatou","animator:Greed"],"picked":"animator:Pride","floor":30.0},{"not_picked":["animator:MumenRider","animator:Hakurou+1"],"picked":"animator:Sloth","floor":31.0},{"not_picked":["animator:Saitama","animator:Eris"],"picked":"animator:Saber","floor":33.0},{"not_picked":["Cold Snap","ReplayTheSpireMod:Reroute Power+1","animator:Kazuma+1"],"picked":"Chaos+1","floor":35.0},{"not_picked":["Stack+1","animator:Biyorigo","Rip and Tear+1"],"picked":"animator:MaesHughes+1","floor":36.0},{"not_picked":["Steam","animator:Shuna+1","animator:Hakurou+1","animator:Shichika"],"picked":"SKIP","floor":38.0},{"not_picked":["Leap","animator:Alexander","ReplayTheSpireMod:GoodbyeWorld+1"],"picked":"BootSequence+1","floor":40.0},{"not_picked":["animator:Sloth+1","animator:Chris","Multi-Cast","animator:Mitsurugi"],"picked":"SKIP","floor":42.0}],"player_experience":615862,"relics_obtained":[{"floor":6.0,"key":"Bronze Scales"},{"floor":8.0,"key":"Lizard Tail"},{"floor":10.0,"key":"Replay:Bottled Flurry"},{"floor":23.0,"key":"Golden Egg"},{"floor":24.0,"key":"Replay:Towering Pillar of Hats"},{"floor":26.0,"key":"hubris:Metronome"},{"floor":30.0,"key":"Anchor"},{"floor":40.0,"key":"PreservedInsect"},{"floor":43,"key":"Grinning Jar"}],"event_choices":[{"damage_healed":38.0,"max_hp_gain":0.0,"max_hp_loss":0.0,"gold_gain":0.0,"event_name":"Wheel of Change","player_choice":"Full Heal","floor":4.0,"gold_loss":0.0,"damage_taken":0.0},{"damage_healed":0.0,"max_hp_gain":0.0,"max_hp_loss":0.0,"gold_gain":0.0,"event_name":"Lab","player_choice":"Got Potions","floor":12.0,"gold_loss":0.0,"damage_taken":0.0},{"damage_healed":0.0,"max_hp_gain":0.0,"max_hp_loss":0.0,"gold_gain":0.0,"event_name":"Designer","player_choice":"Upgraded Two","floor":29.0,"gold_loss":40.0,"damage_taken":0.0,"cards_upgraded":["animator:Sebas","animator:Strike"]},{"damage_healed":0.0,"max_hp_gain":0.0,"max_hp_loss":0.0,"gold_gain":0.0,"event_name":"Tomb of Lord Red Mask","player_choice":"Ignored","floor":39.0,"gold_loss":0.0,"damage_taken":0.0}],"is_beta":false,"boss_relics":[{"not_picked":["aspiration:FutureDiary","Cursed Key"],"picked":"hubris:CrackedHourglass"},{"not_picked":["hubris:HollowSoul","conspire:SeveredTorchhead","Tiny House"],"picked":"aspiration:DefectSkillbook"}],"items_purged_floors":[],"is_endless":false,"potions_floor_spawned":[5,6,8,10,14,20,23,36],"killed_by":"Spire Growth","ascension_level":2}}