{"host":"llpusn9usp8rznkj","time":1608110046,"event":{"mods":["2.2 Compatiblity","BaseMod","Colored Map","Colored Powertips","Conspire","Downfall","Hubris","Minty Spire (QoL Compilation)","Rare Cards Sparkle","Replay The Spire","StSLib","The Cursed"],"gold_per_floor":[117,24,40,115,184,211,230,230,255,274,274,302,302,312,312,391,391,405,417,417,432,482,482,511,511,511],"floor_reached":25,"playtime":801,"items_purged":[],"score":462,"play_id":"bb39a46a-462a-4dfe-9091-6fc81bf19a41","local_time":"20201216041406","is_ascension_mode":true,"campfire_choices":[{"data":"Terror","floor":13,"key":"SMITH"},{"data":"After Image","floor":15,"key":"SMITH"},{"floor":23,"key":"REST"}],"circlet_count":0,"master_deck":["AscendersBane","Strike_G","Strike_G","Strike_G","Strike_G","Defend_G","Defend_G","Defend_G","Defend_G","Defend_G","Survivor","Neutralize","Terror+1","Cloak And Dagger","Noxious Fumes","Blade Dance","Backstab","After Image+1","Blade Dance","Blade Dance","A Thousand Cuts","CurseOfTheBell"],"relics":["WristBlade","conspire:DecoderRing","Replay:Baseball","Pen Nib","Torii","Calling Bell","Replay:Arrowhead","Blood Vial","Replay:Bottled Steam","Oddly Smooth Stone"],"acts_visited":["Exordium","TheCity"],"potions_floor_usage":[6,14,16,24],"damage_taken":[{"damage":8,"enemies":"Small Slimes","floor":1,"turns":6},{"damage":7,"enemies":"Jaw Worm","floor":3,"turns":4},{"damage":14,"enemies":"Gremlin Nob","floor":6,"turns":3},{"damage":0,"enemies":"2 Louse","floor":7,"turns":2},{"damage":6,"enemies":"Looter","floor":10,"turns":2},{"damage":2,"enemies":"Lagavulin","floor":12,"turns":5},{"damage":0,"enemies":"Lots of Slimes","floor":14,"turns":3},{"damage":20,"enemies":"The Guardian","floor":16,"turns":8},{"damage":8,"enemies":"2 Thieves","floor":18,"turns":4},{"damage":23,"enemies":"Chosen","floor":19,"turns":5},{"damage":13,"enemies":"3 Cultists","floor":21,"turns":4},{"damage":18,"enemies":"Slavers","floor":24,"turns":3},{"damage":15,"enemies":"Snake Plant","floor":25,"turns":2}],"seed_played":"8467895377797510581","potions_obtained":[{"floor":1,"key":"Slimebound:ThreeZeroPotion"},{"floor":7,"key":"SpeedPotion"},{"floor":12,"key":"Adrenaline Potion"},{"floor":14,"key":"Regen Potion"},{"floor":19,"key":"Cursed Concoction"}],"is_trial":false,"path_per_floor":["M","$","M","?","T","E","M","?","T","M","?","E","R","M","R","B",null,"M","M","?","M","?","R","E","M"],"character_chosen":"THE_SILENT","items_purchased":["Cloak And Dagger","Noxious Fumes"],"campfire_rested":1,"item_purchase_floors":[2,2],"current_hp_per_floor":[51,51,44,33,33,19,19,41,41,35,35,33,33,33,33,28,57,51,30,12,1,1,22,6,0,0],"gold":511,"neow_bonus":"BOSS_RELIC","is_daily":false,"chose_seed":false,"campfire_upgraded":2,"win_rate":0.0,"timestamp":1608110046,"path_taken":["M","$","M","?","?","E","M","?","T","M","?","E","R","?","R","BOSS","M","M","?","M","?","R","E","M"],"items_purchased_type":["Card","Card"],"build_version":"2020-12-13","purchased_purges":0,"victory":false,"max_hp_per_floor":[66,66,66,66,66,66,66,66,66,66,66,66,66,66,66,66,66,66,66,71,71,71,71,71,71,71],"card_choices":[{"not_picked":["Underhanded Strike","Riddle With Holes"],"picked":"Terror","floor":1},{"not_picked":["ReplayTheSpireMod:The Works","Prepared"],"picked":"Blade Dance","floor":3},{"not_picked":["Dodge and Roll","hubris:SlightOfHand"],"picked":"Backstab","floor":6},{"not_picked":["Slice","Deflect","Riddle With Holes"],"picked":"SKIP","floor":7},{"not_picked":["Underhanded Strike","Bane"],"picked":"After Image","floor":10},{"not_picked":["Calculated Gamble","Hidden Blade"],"picked":"Blade Dance","floor":12},{"not_picked":["hubris:SlightOfHand","Riddle With Holes"],"picked":"Blade Dance","floor":14},{"not_picked":["Burst","Wraith Form v2"],"picked":"A Thousand Cuts","floor":16},{"not_picked":["Deadly Poison","Dodge and Roll","Blade Dance"],"picked":"SKIP","floor":18},{"not_picked":["Poison Darts","Acrobatics","Backflip"],"picked":"SKIP","floor":19},{"not_picked":["Bane","Slice","All Out Attack+1"],"picked":"SKIP","floor":21},{"not_picked":["Dagger Throw","Atom Bomb","Outmaneuver"],"picked":"SKIP","floor":24}],"player_experience":977761,"relics_obtained":[{"floor":5,"key":"conspire:DecoderRing"},{"floor":6,"key":"Replay:Baseball"},{"floor":9,"key":"Pen Nib"},{"floor":12,"key":"Torii"},{"floor":17,"key":"Replay:Arrowhead"},{"floor":17,"key":"Blood Vial"},{"floor":17,"key":"Replay:Bottled Steam"},{"floor":24,"key":"Oddly Smooth Stone"}],"event_choices":[{"damage_healed":0,"gold_gain":75,"player_choice":"Gather Gold","damage_taken":11,"max_hp_gain":0,"max_hp_loss":0,"event_name":"World of Goop","floor":4,"gold_loss":0},{"damage_healed":22,"gold_gain":0,"player_choice":"Banana","damage_taken":0,"max_hp_gain":0,"max_hp_loss":0,"event_name":"Big Fish","floor":8,"gold_loss":0},{"cards_removed":["Strike_G"],"damage_healed":0,"gold_gain":0,"player_choice":"Purged","damage_taken":0,"max_hp_gain":0,"max_hp_loss":0,"event_name":"Purifier","floor":11,"gold_loss":0},{"damage_healed":0,"gold_gain":0,"player_choice":"Shed Blood","damage_taken":23,"max_hp_gain":5,"max_hp_loss":0,"event_name":"Forgotten Altar","floor":20,"gold_loss":0},{"damage_healed":0,"gold_gain":50,"player_choice":"Stole From Cult","damage_taken":0,"max_hp_gain":0,"max_hp_loss":0,"event_name":"Nest","floor":22,"gold_loss":0}],"is_beta":false,"boss_relics":[{"not_picked":["Empty Cage","SacredBark"],"picked":"Calling Bell"}],"items_purged_floors":[],"is_endless":false,"potions_floor_spawned":[1,7,12,14,19,21],"killed_by":"Snake Plant","ascension_level":20}}