{"host":"dntw6kil9p09eemm","time":1608155412,"event":{"mods":["BaseMod","Become a monster €›?Œ÷","BetterRewards","Colored Powertips","Hermit","Keyboard Shortcuts","Minty Spire (QoL Compilation)","Permanent Neow","Shop Mod","Spicy Shops","StSLib","The Animator","The Runesmith","Waifu the Spire","vexMod"],"gold_per_floor":[99,99,112,62,62,72,72,72,72,105,105,124,140,140,88,103,103,103,103],"floor_reached":18,"playtime":463,"items_purged":[],"score":135,"play_id":"618f36e5-0c02-4797-8b60-e4e348486a73","local_time":"20201217065012","is_ascension_mode":false,"campfire_choices":[{"floor":8,"key":"RECALL"},{"floor":17,"key":"REST"}],"circlet_count":0,"master_deck":["Strike_B","Defend_B","Defend_B","Zap+1","Dualcast+1","Ball Lightning","Buffer","Turbo+1","Lockon","Turbo","Beam Cell","Capacitor"],"relics":["Cracked Core","War Paint","Shuriken"],"acts_visited":["Exordium"],"potions_floor_usage":[],"damage_taken":[{"damage":0,"enemies":"3 Shapes","floor":3,"turns":1},{"damage":0,"enemies":"2 Louse","floor":6,"turns":2},{"damage":13,"enemies":"Lagavulin","floor":10,"turns":5},{"damage":0,"enemies":"Cultist","floor":12,"turns":3},{"damage":0,"enemies":"Large Slime","floor":13,"turns":3},{"damage":17,"enemies":"Gremlin Gang","floor":16,"turns":3},{"damage":40,"enemies":"Slime Boss","floor":18,"turns":8}],"seed_played":"9133901656996237223","potions_obtained":[{"floor":6,"key":"DistilledChaos"},{"floor":12,"key":"FearPotion"},{"floor":16,"key":"GamblersBrew"}],"is_trial":false,"path_per_floor":["M","M","M","?","?","M","?","R","T","E","T","M","M","?","$","M","R","B"],"character_chosen":"DEFECT","items_purchased":["Beam Cell"],"campfire_rested":1,"item_purchase_floors":[15],"current_hp_per_floor":[54,54,54,54,54,54,47,47,47,34,34,34,34,34,34,17,39,0,0],"gold":103,"neow_bonus":"REMOVE_TWO","is_daily":false,"chose_seed":false,"campfire_upgraded":0,"win_rate":0.0,"timestamp":1608155412,"path_taken":["M","?","?","M","?","R","?","E","T","?","M","?","$","?","R","BOSS"],"items_purchased_type":["Card"],"build_version":"2020-12-13","purchased_purges":0,"victory":false,"max_hp_per_floor":[75,75,75,75,75,75,75,75,75,75,75,75,75,75,75,75,75,75,75],"card_choices":[{"not_picked":["Compile Driver","Consume"],"picked":"Ball Lightning","floor":3},{"not_picked":["Loop","Streamline"],"picked":"Turbo","floor":6},{"not_picked":["Go for the Eyes","Aggregate","Reprogram"],"picked":"SKIP","floor":10},{"not_picked":["Coolheaded","Stack"],"picked":"Lockon","floor":12},{"not_picked":["Barrage","Aggregate"],"picked":"Turbo","floor":13},{"not_picked":["Blizzard","Turbo"],"picked":"Capacitor","floor":16}],"player_experience":174905,"relics_obtained":[{"floor":10,"key":"War Paint"},{"floor":11,"key":"Shuriken"}],"event_choices":[{"cards_removed":["Defend_B"],"damage_healed":0,"gold_gain":0,"player_choice":"Card Removal","damage_taken":0,"max_hp_gain":0,"max_hp_loss":0,"event_name":"The Cleric","floor":4,"gold_loss":50},{"damage_healed":0,"gold_gain":0,"cards_transformed":["Strike_B"],"player_choice":"Change","damage_taken":0,"max_hp_gain":0,"max_hp_loss":0,"event_name":"Living Wall","floor":5,"gold_loss":0,"cards_obtained":["Buffer"]},{"cards_removed":["Strike_B"],"damage_healed":0,"gold_gain":0,"player_choice":"Card Removal","damage_taken":7,"max_hp_gain":0,"max_hp_loss":0,"event_name":"Golden Wing","floor":7,"gold_loss":0},{"damage_healed":0,"gold_gain":0,"player_choice":"Upgraded","damage_taken":0,"max_hp_gain":0,"max_hp_loss":0,"event_name":"Upgrade Shrine","floor":14,"gold_loss":0,"cards_upgraded":["Dualcast"]}],"is_beta":false,"boss_relics":[],"items_purged_floors":[],"is_endless":false,"potions_floor_spawned":[6,12,16],"killed_by":"Slime Boss","ascension_level":0}}