{"host":"2bgm6qx4v5n7yply","time":1608097057,"event":{"mods":["A Magickal Journey","AchievementEnabler","BaseMod","Better Third Choice","BetterRewards","ChefMod","Colored Map","Hubris","Minty Spire (QoL Compilation)","Rare Cards Sparkle","Robot Space Explorer","Shade Mod","Shop Mod","Spicy Shops","StSLib","The Alterego","The Dragon Tamer","The Hayseed","vexMod"],"gold_per_floor":[113,9999,7681,7695,6341,6341,6352,6352,6399,6414,6447,6458,5620,5638,5638,5740,5740,5750,5765,4594,4594,4594,4594,4625,4640,4640,3709,3709,3734,3746,3746,3746,3850,3850,3869,2473,2473,2489,2507,2536,2536,2549,2549,2549,2581,2633,2633,1692,1692,1692,1692,1692,376,409,409],"floor_reached":56,"playtime":5590,"items_purged":["RobotSpaceExplorer:Strike","RobotSpaceExplorer:Defend","RobotSpaceExplorer:Defend","RobotSpaceExplorer:Strike","RobotSpaceExplorer:Defend","Bite"],"score":1393,"play_id":"97f8d32c-106d-4053-8e8d-9076cc934ebe","local_time":"20201215233737","is_ascension_mode":false,"campfire_choices":[{"floor":6,"key":"RECALL"},{"data":"Discovery","floor":8,"key":"SMITH"},{"data":"RobotSpaceExplorer:MiniBoosters","floor":15,"key":"SMITH"},{"data":"Bite","floor":23,"key":"SMITH"},{"data":"RobotSpaceExplorer:MiniBoosters","floor":28,"key":"SMITH"},{"data":"RobotSpaceExplorer:MiniBoosters","floor":32,"key":"SMITH"},{"floor":41,"key":"REST"},{"data":"RobotSpaceExplorer:PowerCollector","floor":44,"key":"SMITH"},{"data":"Mind Blast","floor":49,"key":"SMITH"},{"data":"RobotSpaceExplorer:Autoloader","floor":52,"key":"SMITH"}],"circlet_count":0,"master_deck":["RobotSpaceExplorer:Scan","RobotSpaceExplorer:MiniLasers+1","RobotSpaceExplorer:Pulsar+1","Sadistic Nature","RobotSpaceExplorer:Comet+1","RobotSpaceExplorer:ShockMissile","Discovery+1","RobotSpaceExplorer:MiniBoosters+1","RobotSpaceExplorer:MiniDrones","RobotSpaceExplorer:StunGrenade","RobotSpaceExplorer:SwiftStep","RobotSpaceExplorer:MiniDrones+1","RobotSpaceExplorer:Calculate","RobotSpaceExplorer:MiniDrones","RobotSpaceExplorer:Autoloader+1","RobotSpaceExplorer:ScrapMissile","RobotSpaceExplorer:SurgingStrike+1","RobotSpaceExplorer:SurgingStrike","Mind Blast+1","Bite+1","Bite","Bite","Bite","RobotSpaceExplorer:MiniBoosters+1","RobotSpaceExplorer:ScrapMissile","RobotSpaceExplorer:Jetpack+1","RobotSpaceExplorer:MiniBoosters+1","RobotSpaceExplorer:Multitool+1","RobotSpaceExplorer:PowerGlove+1","Mayhem+1","RobotSpaceExplorer:PowerCollector+1","RobotSpaceExplorer:StunGrenade+1","RobotSpaceExplorer:Smokescreen+1","Forethought+1"],"relics":["RobotSpaceExplorer:RoboCore","MerchantsRug","Medical Kit","vexMod:CardConverter","Pen Nib","vexMod:Spyglass","Tiny Chest","Vajra","RobotSpaceExplorer:RingOfTheNewt","Chemical X","Mercury Hourglass","RobotSpaceExplorer:ToughPlating","Pantograph","hubris:ToyBattleship","vexMod:ScavengeHelm","HandDrill","Centennial Puzzle","vexMod:BigBerry","Dream Catcher","TheAbacus","Sundial","White Beast Statue","HornCleat","vexMod:InvisibilityCloak","vexMod:Dragonfruit","Whetstone","RobotSpaceExplorer:FoglandsKnife","Sling","RobotSpaceExplorer:ClockworkSextant","Shuriken","alterego_mod:FleetingLove","RobotSpaceExplorer:Reprocessor","Bottled Lightning","Toxic Egg 2","hubris:EmptyBottle","Happy Flower","hubris:SlimyHat","War Paint","hubris:FruitBowl","hubris:64BitClover","Question Card","Boot","Oddly Smooth Stone","vexMod:MemoryStick","StoneCalendar","vexMod:PaidLearning","Anchor","Strange Spoon","Lantern","Toolbox","Orichalcum","Pear","Lee\u0027s Waffle","hubris:BottledRain","vexMod:FocusSash"],"acts_visited":["Exordium","TheCity","TheBeyond","TheEnding"],"potions_floor_usage":[18,39,39,53,53,54,54,55,55,55],"damage_taken":[{"damage":10,"enemies":"Jaw Worm","floor":1,"turns":4},{"damage":0,"enemies":"Small Slimes","floor":4,"turns":2},{"damage":0,"enemies":"Cultist","floor":7,"turns":3},{"damage":0,"enemies":"Large Slime","floor":10,"turns":3},{"damage":9,"enemies":"Gremlin Nob","floor":11,"turns":3},{"damage":0,"enemies":"Looter","floor":12,"turns":3},{"damage":0,"enemies":"Exordium Thugs","floor":14,"turns":2},{"damage":14,"enemies":"Slime Boss","floor":16,"turns":6},{"damage":0,"enemies":"Shell Parasite","floor":18,"turns":3},{"damage":10,"enemies":"Spheric Guardian","floor":19,"turns":3},{"damage":0,"enemies":"Gremlin Leader","floor":24,"turns":4},{"damage":6,"enemies":"3 Cultists","floor":25,"turns":4},{"damage":9,"enemies":"Book of Stabbing","floor":29,"turns":3},{"damage":5,"enemies":"Centurion and Healer","floor":30,"turns":2},{"damage":17,"enemies":"hubris:MusketHawk","floor":33,"turns":5},{"damage":0,"enemies":"Orb Walker","floor":35,"turns":2},{"damage":6,"enemies":"3 Shapes","floor":38,"turns":2},{"damage":0,"enemies":"Maw","floor":39,"turns":4},{"damage":20,"enemies":"Reptomancer","floor":40,"turns":5},{"damage":0,"enemies":"Spire Growth","floor":42,"turns":3},{"damage":1,"enemies":"Giant Head","floor":45,"turns":5},{"damage":59,"enemies":"Awakened One","floor":50,"turns":6},{"damage":13,"enemies":"Shield and Spear","floor":54,"turns":4},{"damage":55,"enemies":"The Heart","floor":55,"turns":6}],"seed_played":"7892986445372255872","potions_obtained":[{"floor":1,"key":"LiquidMemories"},{"floor":12,"key":"ColorlessPotion"},{"floor":24,"key":"SkillPotion"},{"floor":40,"key":"Explosive Potion"}],"is_trial":false,"path_per_floor":["M","?","$","M","$","R","M","R","T","M","E","M","$","M","R","B",null,"M","M","$","T","?","R","E","M","T","$","R","E","M","?","R","B",null,"M","$","$","M","M","E","R","M","T","R","E","T","?","$","R","B",null,"R","$","E","B",null],"character_chosen":"RobotSpaceExplorer","items_purchased":["MerchantsRug","Medical Kit","vexMod:CardConverter","Pen Nib","vexMod:Spyglass","ColorlessPotion","CultistPotion","Tiny Chest","Sadistic Nature","RobotSpaceExplorer:Comet","RobotSpaceExplorer:ShockMissile","Discovery","Vajra","RobotSpaceExplorer:RingOfTheNewt","Chemical X","Mercury Hourglass","RobotSpaceExplorer:ToughPlating","RobotSpaceExplorer:RecyclePotion","RobotSpaceExplorer:MiniDrones","hubris:ToyBattleship","vexMod:ScavengeHelm","HandDrill","Centennial Puzzle","Dream Catcher","TheAbacus","Sundial","White Beast Statue","RobotSpaceExplorer:RecyclePotion","RobotSpaceExplorer:SurgingStrike","Mind Blast","Whetstone","RobotSpaceExplorer:FoglandsKnife","Sling","RobotSpaceExplorer:ClockworkSextant","RobotSpaceExplorer:MiniBoosters","RobotSpaceExplorer:ScrapMissile","Bottled Lightning","Toxic Egg 2","hubris:EmptyBottle","Happy Flower","hubris:SlimyHat","Mayhem","RobotSpaceExplorer:PowerCollector","War Paint","hubris:FruitBowl","vexMod:MemoryStick","StoneCalendar","vexMod:PaidLearning","Anchor","Strange Spoon","Forethought+1","Lantern","Toolbox","Orichalcum","Pear","Lee\u0027s Waffle","hubris:BottledRain","AttackPotion","Fruit Juice","BlessingOfTheForge"],"campfire_rested":1,"item_purchase_floors":[3,3,3,3,3,3,3,3,3,3,3,3,5,5,5,5,5,5,5,13,13,13,13,20,20,20,20,20,20,20,27,27,27,27,27,27,36,36,36,36,36,36,36,37,37,48,48,48,48,48,48,53,53,53,53,53,53,53,53,53],"current_hp_per_floor":[72,72,80,82,84,84,86,86,86,88,81,83,83,85,85,92,136,138,130,134,134,110,110,110,107,112,116,116,113,115,115,115,120,125,127,131,102,98,110,92,135,137,137,137,136,136,136,139,139,98,140,140,179,169,133],"gold":409,"neow_bonus":"TEN_PERCENT_HP_BONUS","is_daily":false,"chose_seed":false,"campfire_upgraded":8,"win_rate":0.0,"timestamp":1608097057,"path_taken":["M","?","$","?","$","R","M","R","T","M","E","M","$","?","R","BOSS","M","?","$","?","?","R","E","?","T","$","R","E","M","?","R","BOSS","M","$","?","M","M","E","R","M","T","R","E","?","?","$","R","BOSS","R","$","E","BOSS"],"items_purchased_type":["Relic","Relic","Relic","Relic","Relic","Potion","Potion","Relic","Card","Card","Card","Card","Relic","Relic","Relic","Relic","Relic","Potion","Card","Relic","Relic","Relic","Relic","Relic","Relic","Relic","Relic","Potion","Card","Card","Relic","Relic","Relic","Relic","Card","Card","Relic","Relic","Relic","Relic","Relic","Card","Card","Relic","Relic","Relic","Relic","Relic","Relic","Relic","Card","Relic","Relic","Relic","Relic","Relic","Relic","Potion","Potion","Potion"],"build_version":"2020-12-13","purchased_purges":6,"victory":true,"max_hp_per_floor":[82,82,90,92,94,94,96,96,96,98,100,102,102,104,104,106,136,138,140,144,144,110,110,110,110,115,119,119,121,123,123,123,125,125,127,131,131,131,134,134,137,137,137,137,137,137,137,140,140,140,140,140,179,179,179],"card_choices":[{"not_picked":["RobotSpaceExplorer:ShovelStrike","RobotSpaceExplorer:ImprovisedAttack"],"picked":"RobotSpaceExplorer:Pulsar","floor":1},{"not_picked":["RobotSpaceExplorer:SlimeMissile","RobotSpaceExplorer:MakeshiftVolley"],"picked":"RobotSpaceExplorer:MiniBoosters","floor":4},{"not_picked":["RobotSpaceExplorer:ShovelStrike","RobotSpaceExplorer:MetalStrike"],"picked":"RobotSpaceExplorer:StunGrenade","floor":7},{"not_picked":["RobotSpaceExplorer:FreezeRay","RobotSpaceExplorer:ExhaustFan"],"picked":"RobotSpaceExplorer:SwiftStep","floor":10},{"not_picked":["RobotSpaceExplorer:Fix","RobotSpaceExplorer:Blitz"],"picked":"RobotSpaceExplorer:MiniDrones","floor":11},{"not_picked":["RobotSpaceExplorer:SelfCleaning","RobotSpaceExplorer:Pulsar"],"picked":"RobotSpaceExplorer:Calculate","floor":12},{"not_picked":["RobotSpaceExplorer:GlueShot","RobotSpaceExplorer:Smokescreen"],"picked":"RobotSpaceExplorer:MiniDrones","floor":14},{"not_picked":["RobotSpaceExplorer:DroneSwarm","RobotSpaceExplorer:Scanner"],"picked":"RobotSpaceExplorer:Autoloader","floor":16},{"not_picked":["RobotSpaceExplorer:RigExplosive+1","RobotSpaceExplorer:PlasmaMissile"],"picked":"RobotSpaceExplorer:ScrapMissile","floor":18},{"not_picked":["RobotSpaceExplorer:Discharger","RobotSpaceExplorer:Pulsar+1"],"picked":"RobotSpaceExplorer:SurgingStrike+1","floor":19},{"not_picked":["RobotSpaceExplorer:DroneSwarm","RobotSpaceExplorer:SlimeMissile","RobotSpaceExplorer:Ammunition"],"picked":"SKIP","floor":24},{"not_picked":["RobotSpaceExplorer:GlueShot","RobotSpaceExplorer:SwiftStep","RobotSpaceExplorer:SlimeMissile+1"],"picked":"SKIP","floor":25},{"not_picked":["RobotSpaceExplorer:SurgingShield","RobotSpaceExplorer:MiniDrones"],"picked":"RobotSpaceExplorer:Jetpack+1","floor":29},{"not_picked":["RobotSpaceExplorer:BigMissile","RobotSpaceExplorer:Counterblock"],"picked":"RobotSpaceExplorer:MiniBoosters","floor":30},{"not_picked":["RobotSpaceExplorer:TrailblazerForm","RobotSpaceExplorer:Exploration"],"picked":"RobotSpaceExplorer:Multitool","floor":33},{"not_picked":["RobotSpaceExplorer:Blitz+1","RobotSpaceExplorer:SurgingStrike+1"],"picked":"RobotSpaceExplorer:PowerGlove+1","floor":35},{"not_picked":["RobotSpaceExplorer:MakeshiftVolley+1","RobotSpaceExplorer:FranticSearch+1","RobotSpaceExplorer:DualCore"],"picked":"SKIP","floor":38},{"not_picked":["RobotSpaceExplorer:Counterblock+1","RobotSpaceExplorer:SwiftStep+1"],"picked":"RobotSpaceExplorer:StunGrenade+1","floor":39},{"not_picked":["RobotSpaceExplorer:MiniDrones","RobotSpaceExplorer:ImprovisedAttack+1","RobotSpaceExplorer:Probe"],"picked":"SKIP","floor":40},{"not_picked":["RobotSpaceExplorer:ImprovisedAttack+1","RobotSpaceExplorer:FrostMissile"],"picked":"RobotSpaceExplorer:Smokescreen+1","floor":41},{"not_picked":["RobotSpaceExplorer:Pulsar+1","RobotSpaceExplorer:FrostMissile","RobotSpaceExplorer:MakeshiftVolley+1"],"picked":"SKIP","floor":42},{"not_picked":["RobotSpaceExplorer:Wormhole+1","RobotSpaceExplorer:SurgingShield+1","RobotSpaceExplorer:GearShield+1","RobotSpaceExplorer:SwiftStep+1"],"picked":"SKIP","floor":45},{"not_picked":["RobotSpaceExplorer:ExhaustFan","RobotSpaceExplorer:LuckyStrike","RobotSpaceExplorer:SurgingStrike+1","RobotSpaceExplorer:Smokescreen+1"],"picked":"SKIP","floor":54}],"player_experience":152189,"relics_obtained":[{"floor":11,"key":"Pantograph"},{"floor":21,"key":"HornCleat"},{"floor":24,"key":"vexMod:InvisibilityCloak"},{"floor":26,"key":"vexMod:Dragonfruit"},{"floor":29,"key":"Shuriken"},{"floor":40,"key":"hubris:64BitClover"},{"floor":43,"key":"Question Card"},{"floor":45,"key":"Boot"},{"floor":46,"key":"Oddly Smooth Stone"},{"floor":54,"key":"vexMod:FocusSash"}],"event_choices":[{"cards_removed":["RobotSpaceExplorer:Defend"],"damage_healed":0,"gold_gain":0,"player_choice":"Card Removal","damage_taken":0,"max_hp_gain":0,"max_hp_loss":0,"event_name":"The Cleric","floor":2,"gold_loss":50},{"damage_healed":0,"gold_gain":0,"player_choice":"Became a vampire","damage_taken":0,"max_hp_gain":0,"max_hp_loss":44,"event_name":"Vampires","floor":22,"gold_loss":0,"cards_obtained":["Bite","Bite","Bite","Bite","Bite"]},{"damage_healed":0,"gold_gain":0,"player_choice":"Choice 1","damage_taken":0,"relics_obtained":["alterego_mod:FleetingLove"],"max_hp_gain":0,"max_hp_loss":0,"event_name":"Secret Garden","floor":31,"gold_loss":0},{"damage_healed":0,"gold_gain":0,"player_choice":"Ignored","damage_taken":0,"max_hp_gain":0,"max_hp_loss":0,"event_name":"Tomb of Lord Red Mask","floor":47,"gold_loss":0}],"is_beta":false,"boss_relics":[{"not_picked":["hubris:BlackHole","hubris:VirtuousBlindfold"],"picked":"vexMod:BigBerry"},{"not_picked":["Astrolabe","hubris:CrackedHourglass"],"picked":"RobotSpaceExplorer:Reprocessor"}],"items_purged_floors":[3,5,13,20,27,36],"is_endless":false,"potions_floor_spawned":[1,4,12,14,24,25,29,30,33,35,38,39,40,42,45,54],"ascension_level":0}}