{"host":"4nqeo0vu1vuav7gg","time":1608133152,"event":{"mods":["AchievementEnabler","BaseMod","Block Reminder","Colored Map","Colored Powertips","Highlight Path","Minty Spire (QoL Compilation)","Quick Restart","Rare Cards Sparkle","Relic Relevance Reorder","StSLib"],"gold_per_floor":[116,116,128,303,318,351,364,364,389,415,415,449,467,498,498,573,573,587,30,56,56,72,72,87,119,119,145,165,183,183,196,196,273,273,291,317,331,331,331,366,377,405,405,405,405],"floor_reached":44,"playtime":2339,"items_purged":["Doubt"],"score":954,"play_id":"611c3c47-06c1-4a56-891f-cd2b183e5f36","local_time":"20201216163912","is_ascension_mode":true,"campfire_choices":[{"floor":8.0,"key":"REST"},{"floor":15.0,"key":"REST"},{"floor":23.0,"key":"REST"},{"floor":30.0,"key":"REST"},{"floor":32.0,"key":"REST"}],"circlet_count":0,"master_deck":["AscendersBane","Zap","Dualcast","Barrage","Regret","Ball Lightning","Melter","Cold Snap","Chill","White Noise","Defragment","Thunder Strike","Coolheaded","Doom and Gloom+1","Echo Form","Conserve Battery","Darkness","Sweeping Beam+1","Leap","Barrage+1","All For One+1","Cold Snap+1","Defragment","Force Field","Dramatic Entrance+1","Chaos+1","Undo","Skim+1","Blizzard+1","Genetic Algorithm","Conserve Battery","Ball Lightning+1","Hyperbeam+1","Self Repair","Self Repair","Hello World","Reboot","Redo+1"],"relics":["FrozenCore","Pen Nib","Cables","Mercury Hourglass","Anchor","DataDisk","Red Mask","PreservedInsect","Blood Vial","Molten Egg 2","Darkstone Periapt","Dream Catcher","Regal Pillow","Tiny Chest","Strawberry","Pandora\u0027s Box","Potion Belt","Boot"],"acts_visited":["Exordium","TheCity","TheBeyond"],"potions_floor_usage":[42,44],"damage_taken":[{"damage":0.0,"enemies":"Small Slimes","floor":1.0,"turns":3.0},{"damage":2.0,"enemies":"2 Louse","floor":3.0,"turns":3.0},{"damage":2.0,"enemies":"Jaw Worm","floor":5.0,"turns":3.0},{"damage":39.0,"enemies":"3 Sentries","floor":6.0,"turns":7.0},{"damage":4.0,"enemies":"Lots of Slimes","floor":7.0,"turns":3.0},{"damage":17.0,"enemies":"Lagavulin","floor":10.0,"turns":5.0},{"damage":16.0,"enemies":"3 Sentries","floor":12.0,"turns":6.0},{"damage":7.0,"enemies":"Blue Slaver","floor":13.0,"turns":3.0},{"damage":3.0,"enemies":"Lagavulin","floor":14.0,"turns":7.0},{"damage":17.0,"enemies":"Hexaghost","floor":16.0,"turns":9.0},{"damage":26.0,"enemies":"3 Byrds","floor":18.0,"turns":5.0},{"damage":2.0,"enemies":"Masked Bandits","floor":20.0,"turns":4.0},{"damage":0.0,"enemies":"Spheric Guardian","floor":22.0,"turns":2.0},{"damage":8.0,"enemies":"Snake Plant","floor":24.0,"turns":2.0},{"damage":0.0,"enemies":"Slavers","floor":25.0,"turns":3.0},{"damage":23.0,"enemies":"Book of Stabbing","floor":27.0,"turns":4.0},{"damage":28.0,"enemies":"3 Cultists","floor":28.0,"turns":4.0},{"damage":0.0,"enemies":"Chosen and Byrds","floor":29.0,"turns":5.0},{"damage":3.0,"enemies":"Sentry and Sphere","floor":31.0,"turns":6.0},{"damage":68,"enemies":"Automaton","floor":33,"turns":12},{"damage":23,"enemies":"3 Darklings","floor":35,"turns":3},{"damage":2,"enemies":"3 Shapes","floor":37,"turns":3},{"damage":37,"enemies":"Reptomancer","floor":40,"turns":7},{"damage":12,"enemies":"Sphere and 2 Shapes","floor":41,"turns":4},{"damage":14,"enemies":"Nemesis","floor":42,"turns":7},{"damage":46,"enemies":"Giant Head","floor":44,"turns":6}],"seed_played":"-2958534556852097482","potions_obtained":[{"floor":6.0,"key":"Ancient Potion"},{"floor":7.0,"key":"Block Potion"},{"floor":10.0,"key":"SpeedPotion"},{"floor":13.0,"key":"Fire Potion"},{"floor":18.0,"key":"PowerPotion"},{"floor":22.0,"key":"EssenceOfSteel"},{"floor":24.0,"key":"Fire Potion"},{"floor":27.0,"key":"PowerPotion"},{"floor":29.0,"key":"Dexterity Potion"},{"floor":37,"key":"AttackPotion"},{"floor":41,"key":"Regen Potion"}],"is_trial":false,"path_per_floor":["M","?","M","?","M","E","M","R","T","E","T","E","M","E","R","B",null,"M","$","?","$","M","R","M","E","T","E","M","M","R","M","R","B",null,"M","T","M","?","?","E","M","E","T","E"],"character_chosen":"DEFECT","items_purchased":["DataDisk","Defragment","Force Field","Potion Belt","Dramatic Entrance+1"],"campfire_rested":5,"item_purchase_floors":[19,19,19,19,19],"current_hp_per_floor":[68,68,66,66,64,25,21,43,43,26,26,17,10,7,31,14,65,39,39,37,37,37,61,53,53,53,30,2,2,41,38,77,9,64,41,41,46,46,46,23,27,41,41,0,0],"gold":405,"neow_bonus":"REMOVE_CARD","is_daily":false,"chose_seed":false,"campfire_upgraded":0,"win_rate":0.0,"timestamp":1608133152,"path_taken":["M","?","M","?","M","E","M","R","T","E","?","E","M","E","R","BOSS","M","?","?","$","M","R","M","E","T","E","M","M","R","M","R","BOSS","M","?","?","?","?","E","M","E","T","E"],"items_purchased_type":["Relic","Card","Card","Relic","Card"],"build_version":"2020-12-13","purchased_purges":1,"victory":false,"max_hp_per_floor":[75,75,75,75,75,75,75,75,75,75,75,82,82,82,82,82,82,82,82,82,82,82,82,82,82,82,82,82,82,82,82,82,82,82,82,82,82,82,82,82,82,82,82,82,82],"card_choices":[{"not_picked":["Stack","Sweeping Beam"],"picked":"Barrage","floor":1.0},{"not_picked":["Go for the Eyes","Fusion"],"picked":"Ball Lightning","floor":3.0},{"not_picked":["Barrage","Auto Shields"],"picked":"Melter","floor":5.0},{"not_picked":["Static Discharge","Rebound"],"picked":"Cold Snap","floor":6.0},{"not_picked":["Gash","Beam Cell"],"picked":"Chill","floor":7.0},{"not_picked":["Turbo","BootSequence"],"picked":"White Noise","floor":10.0},{"not_picked":["Aggregate","Redo"],"picked":"Defragment","floor":12.0},{"not_picked":["Turbo","Beam Cell"],"picked":"Thunder Strike","floor":13.0},{"not_picked":["Barrage+1","Amplify"],"picked":"Coolheaded","floor":14.0},{"not_picked":["Go for the Eyes+1","Hello World"],"picked":"Doom and Gloom+1","floor":15.0},{"not_picked":["Reboot","Rainbow"],"picked":"Echo Form","floor":16.0},{"not_picked":["Streamline+1","Barrage+1"],"picked":"Cold Snap+1","floor":18.0},{"not_picked":["Stack","Ball Lightning+1"],"picked":"Chaos+1","floor":20.0},{"not_picked":["Gash+1","Beam Cell+1"],"picked":"Undo","floor":22.0},{"not_picked":["Compile Driver+1","Barrage+1"],"picked":"Skim+1","floor":23.0},{"not_picked":["Compile Driver+1","Hologram"],"picked":"Blizzard+1","floor":24.0},{"not_picked":["Skim","Auto Shields"],"picked":"Genetic Algorithm","floor":25.0},{"not_picked":["Turbo","Compile Driver+1","Recycle"],"picked":"SKIP","floor":27.0},{"not_picked":["Steam Power","Barrage+1"],"picked":"Conserve Battery","floor":28.0},{"not_picked":["All For One+1","Stack","Barrage+1"],"picked":"SKIP","floor":29.0},{"not_picked":["Stack","Aggregate"],"picked":"Ball Lightning+1","floor":31.0},{"not_picked":["Hologram","Compile Driver+1"],"picked":"Cold Snap+1","floor":32.0},{"not_picked":["Thunder Strike+1","Meteor Strike+1"],"picked":"Hyperbeam+1","floor":33},{"not_picked":["Beam Cell+1","Hologram"],"picked":"Self Repair","floor":35},{"not_picked":["Go for the Eyes+1","Conserve Battery"],"picked":"Self Repair","floor":37},{"not_picked":["Stack","Coolheaded"],"picked":"Reboot","floor":40},{"not_picked":["Reinforced Body","Stack","Fusion"],"picked":"SKIP","floor":41},{"not_picked":["Steam+1","Undo+1"],"picked":"Redo+1","floor":42}],"player_experience":952283,"relics_obtained":[{"floor":6.0,"key":"Pen Nib"},{"floor":9.0,"key":"Dream Catcher"},{"floor":10.0,"key":"Tiny Chest"},{"floor":11.0,"key":"Cables"},{"floor":12.0,"key":"Strawberry"},{"floor":14.0,"key":"Molten Egg 2"},{"floor":20.0,"key":"Red Mask"},{"floor":25.0,"key":"Regal Pillow"},{"floor":26.0,"key":"PreservedInsect"},{"floor":27.0,"key":"Boot"},{"floor":40,"key":"Blood Vial"},{"floor":42,"key":"Mercury Hourglass"},{"floor":43,"key":"Darkstone Periapt"}],"event_choices":[{"damage_healed":0.0,"max_hp_gain":0.0,"max_hp_loss":0.0,"gold_gain":0.0,"event_name":"Big Fish","player_choice":"Box","floor":2.0,"gold_loss":0.0,"damage_taken":0.0,"relics_obtained":["Anchor"],"cards_obtained":["Regret"]},{"damage_healed":0.0,"max_hp_gain":0.0,"max_hp_loss":0.0,"gold_gain":175.0,"event_name":"Liars Game","player_choice":"AGREE","floor":4.0,"gold_loss":0.0,"damage_taken":0.0,"cards_obtained":["Doubt"]},{"damage_healed":0.0,"max_hp_gain":0.0,"max_hp_loss":0.0,"gold_gain":0.0,"event_name":"Masked Bandits","player_choice":"Fought Bandits","floor":20.0,"gold_loss":0.0,"damage_taken":0.0},{"cards_removed":["Cold Snap"],"damage_healed":0,"gold_gain":0,"player_choice":"Removed Attack","damage_taken":0,"max_hp_gain":0,"max_hp_loss":0,"event_name":"Falling","floor":38,"gold_loss":0},{"damage_healed":0,"gold_gain":0,"cards_transformed":["Tempest"],"player_choice":"Transformed","damage_taken":0,"max_hp_gain":0,"max_hp_loss":0,"event_name":"Transmorgrifier","floor":39,"gold_loss":0,"cards_obtained":["Hello World"]}],"is_beta":false,"boss_relics":[{"not_picked":["Empty Cage","Tiny House"],"picked":"Pandora\u0027s Box"},{"not_picked":["Calling Bell","Sozu"],"picked":"FrozenCore"}],"items_purged_floors":[19],"is_endless":false,"potions_floor_spawned":[6,7,10,13,18,22,24,27,29,37,41],"killed_by":"Giant Head","ascension_level":13}}