{"host":"ks0rgj8xgppw8yky","time":1608138940,"event":{"mods":["BaseMod","Better Match","Better Note","Better Sensory Stone","Colored Powertips","Conspire","Downfall","GungeonMod","Hubris","Jorbs\u0027s Wanderer Trilogy","Marisa????????","Minty Spire (QoL Compilation)","StSLib","The Bug Knight","The Druid","The Forsaken","The Jungle","The Servant 0.9.4"],"gold_per_floor":[114,114,77,2,20,20,52,52,52,64,75,75,0,0,0,98,98,111,61,73,73,93,93,73,90,115,115,115,138,164,16,16,112,112,126,126,146,172,222,234,234,109,109,157,157,157,174,49,49,49,49],"floor_reached":50,"playtime":2719,"items_purged":["Strike_B","Parasite","Strike_B"],"score":479,"play_id":"2e33a461-d70c-49c9-bfde-412ed2f736cd","local_time":"20201216121540","is_ascension_mode":false,"campfire_choices":[{"data":"Zap","floor":6,"key":"SMITH"},{"floor":8,"key":"REST"},{"data":"Streamline","floor":12,"key":"SMITH"},{"data":"Storm","floor":15,"key":"SMITH"},{"data":"Reinforced Body","floor":23,"key":"SMITH"},{"floor":27,"key":"REST"},{"data":"Genetic Algorithm","floor":32,"key":"SMITH"},{"floor":41,"key":"REST"},{"floor":46,"key":"REST"},{"data":"Capacitor","floor":49,"key":"SMITH"}],"circlet_count":0,"master_deck":["Strike_B","Strike_B","Defend_B","Defend_B","Defend_B","Defend_B","Zap+1","Dualcast","Capacitor","Chill","Chaos+1","Reinforced Body+1","Capacitor+1","Streamline+1","Storm+1","Electrodynamics","Streamline","Cold Snap","Core Surge","Fusion+1","Genetic Algorithm+1","Thunder Strike","Defragment","Auto Shields","White Noise","Leap","Streamline+1","Sweeping Beam+1"],"relics":["Cracked Core","Bronze Scales","hubris:Towel","Busted Crown","Nloth\u0027s Gift","Regal Pillow","Omamori","MealTicket","Calling Bell","hubris:BallOfYels","Kunai","hubris:Zylophone","Dream Catcher","hubris:GlazedTorus","theForsaken:Gavel","theForsaken:Kindling"],"acts_visited":["Exordium","TheCity","TheBeyond"],"potions_floor_usage":[20,25,30,33,35,37,39,40,44,50],"damage_taken":[{"damage":3,"enemies":"Jaw Worm","floor":1,"turns":5},{"damage":3,"enemies":"Cultist","floor":5,"turns":6},{"damage":25,"enemies":"Lagavulin","floor":7,"turns":6},{"damage":0,"enemies":"2 Louse","floor":10,"turns":3},{"damage":10,"enemies":"Blue Slaver","floor":11,"turns":3},{"damage":23,"enemies":"Hexaghost","floor":16,"turns":9},{"damage":4,"enemies":"Spheric Guardian","floor":18,"turns":4},{"damage":22,"enemies":"2 Thieves","floor":20,"turns":4},{"damage":6,"enemies":"Centurion and Healer","floor":22,"turns":4},{"damage":13,"enemies":"Cultist and Chosen","floor":25,"turns":5},{"damage":25,"enemies":"conspire:SneckoGhost","floor":30,"turns":7},{"damage":54,"enemies":"Champ","floor":33,"turns":9},{"damage":10,"enemies":"Orb Walker","floor":35,"turns":4},{"damage":18,"enemies":"3 Darklings","floor":37,"turns":3},{"damage":23,"enemies":"Mind Bloom Boss Battle","floor":39,"turns":5},{"damage":27,"enemies":"Writhing Mass","floor":40,"turns":6},{"damage":50,"enemies":"2 Orb Walkers","floor":44,"turns":5},{"damage":7,"enemies":"Sphere and 2 Shapes","floor":47,"turns":3},{"damage":111,"enemies":"Awakened One","floor":50,"turns":7}],"seed_played":"-7568520304012463043","potions_obtained":[{"floor":5,"key":"Weak Potion"},{"floor":10,"key":"SteroidPotion"},{"floor":16,"key":"conspire:TimeTravelPotion"},{"floor":24,"key":"Fruit Juice"},{"floor":25,"key":"Regen Potion"},{"floor":30,"key":"Block Potion"},{"floor":33,"key":"Explosive Potion"},{"floor":35,"key":"PowerPotion"},{"floor":37,"key":"Block Potion"},{"floor":40,"key":"FocusPotion"},{"floor":44,"key":"FocusPotion"}],"is_trial":false,"path_per_floor":["M","?","$","?","M","R","E","R","T","M","M","R","$","?","R","B",null,"M","?","M","?","M","R","?","M","T","R","?","T","E","$","R","B",null,"M","?","M","T","?","M","R","$","T","?","$","R","M","$","R","B"],"character_chosen":"DEFECT","items_purchased":["Chill","Genetic Algorithm","Thunder Strike","Leap"],"campfire_rested":4,"item_purchase_floors":[3,31,31,42],"current_hp_per_floor":[79,79,79,79,76,76,51,75,75,75,65,65,65,65,65,42,82,78,78,72,72,66,66,66,58,58,87,87,87,76,87,87,33,87,77,77,59,59,36,9,50,65,65,15,30,75,68,83,83,0,0],"gold":49,"neow_bonus":"TEN_PERCENT_HP_BONUS","is_daily":false,"chose_seed":false,"campfire_upgraded":6,"win_rate":0.0,"timestamp":1608138940,"path_taken":["M","?","?","?","M","R","E","R","T","?","?","R","?","?","R","BOSS","M","?","M","?","?","R","?","M","T","R","?","?","E","$","R","BOSS","M","?","M","?","?","M","R","$","T","?","?","R","?","?","R","BOSS"],"items_purchased_type":["Card","Card","Card","Card"],"build_version":"2020-12-13","purchased_purges":3,"victory":false,"max_hp_per_floor":[82,82,82,82,82,82,82,82,82,82,82,82,82,82,82,82,82,82,82,82,82,82,82,82,87,87,87,87,87,87,87,87,87,87,87,87,87,87,87,87,87,84,84,84,84,89,89,89,89,89,89],"card_choices":[{"not_picked":["Cold Snap","Hologram"],"picked":"Capacitor","floor":1},{"not_picked":["conspire:SharedLibrary+1","Steam Power+1"],"picked":"Chaos+1","floor":4},{"not_picked":["Steam","Turbo"],"picked":"Reinforced Body","floor":5},{"not_picked":["Aggregate","Coolheaded"],"picked":"Capacitor","floor":7},{"not_picked":["Loop","Conserve Battery"],"picked":"Streamline","floor":10},{"not_picked":["hubris:Ukulele","Go for the Eyes"],"picked":"Storm","floor":11},{"not_picked":["Creative AI","hubris:DoWhile"],"picked":"Electrodynamics","floor":16},{"not_picked":[],"picked":"Streamline","floor":18},{"not_picked":[],"picked":"Cold Snap","floor":20},{"not_picked":[],"picked":"Core Surge","floor":22},{"not_picked":[],"picked":"Fusion+1","floor":25},{"not_picked":["Go for the Eyes+1"],"picked":"SKIP","floor":30},{"not_picked":[],"picked":"Defragment","floor":35},{"not_picked":[],"picked":"Auto Shields","floor":37},{"not_picked":[],"picked":"White Noise","floor":40},{"not_picked":[],"picked":"Streamline+1","floor":44},{"not_picked":[],"picked":"Sweeping Beam+1","floor":47}],"player_experience":944591,"relics_obtained":[{"floor":7,"key":"Incense Burner"},{"floor":9,"key":"Bronze Scales"},{"floor":26,"key":"Regal Pillow"},{"floor":29,"key":"Omamori"},{"floor":30,"key":"MealTicket"},{"floor":34,"key":"hubris:BallOfYels"},{"floor":34,"key":"Kunai"},{"floor":34,"key":"hubris:Zylophone"},{"floor":38,"key":"Dream Catcher"},{"floor":39,"key":"hubris:GlazedTorus"},{"floor":43,"key":"theForsaken:Gavel"},{"floor":44,"key":"theForsaken:Kindling"}],"event_choices":[{"damage_healed":0,"gold_gain":0,"player_choice":"2","damage_taken":0,"max_hp_gain":0,"max_hp_loss":0,"event_name":"betterMatch:BetterMatch","floor":4,"gold_loss":0,"cards_obtained":["betterMatch:UncommonCard"]},{"damage_healed":0,"gold_gain":0,"player_choice":"Bet on Owner","damage_taken":0,"max_hp_gain":0,"max_hp_loss":0,"event_name":"The Joust","floor":19,"gold_loss":50},{"damage_healed":0,"gold_gain":0,"player_choice":"Traded Relic","damage_taken":0,"relics_obtained":["Nloth\u0027s Gift"],"max_hp_gain":0,"max_hp_loss":0,"event_name":"N\u0027loth","floor":21,"relics_lost":["Incense Burner"],"gold_loss":0},{"damage_healed":0,"gold_gain":0,"player_choice":"Bought 1 Potion","damage_taken":0,"max_hp_gain":0,"max_hp_loss":0,"event_name":"The Woman in Blue","floor":24,"gold_loss":0},{"damage_healed":0,"gold_gain":0,"player_choice":"Ignored","damage_taken":0,"max_hp_gain":0,"max_hp_loss":0,"event_name":"Vampires","floor":28,"gold_loss":0},{"damage_healed":0,"gold_gain":0,"player_choice":"Ignored","damage_taken":0,"max_hp_gain":0,"max_hp_loss":0,"event_name":"OrinTheCat","floor":36,"gold_loss":0},{"damage_healed":0,"gold_gain":0,"player_choice":"Fight","damage_taken":0,"max_hp_gain":0,"max_hp_loss":0,"event_name":"MindBloom","floor":39,"gold_loss":0},{"damage_healed":0,"gold_gain":0,"player_choice":"Fight","damage_taken":0,"max_hp_gain":0,"max_hp_loss":0,"event_name":"Mysterious Sphere","floor":44,"gold_loss":0}],"is_beta":false,"boss_relics":[{"not_picked":["FrozenCore","theForsaken:PaleLantern"],"picked":"Busted Crown"},{"not_picked":["conspire:SeveredTorchhead","hubris:Stopwatch"],"picked":"Calling Bell"}],"items_purged_floors":[13,42,48],"is_endless":false,"potions_floor_spawned":[5,10,16,25,30,33,35,37,40,44],"killed_by":"Awakened One","ascension_level":0}}