{"host":"c4mm8falyg7qgorf","time":1608114421,"event":{"mods":["BaseMod","FoggyMod","Minty Spire (QoL Compilation)","Replay The Spire","Shop Mod","StSLib","Thieving Mod","UnlockEverythingMod","vexMod","¡¾ÒÅÎï¿¨ÅÆ¡¿REMEMod","óô»ðÖ¸ÄÏ"],"gold_per_floor":[111,186,186,186,186,221,221,250,250,250,250],"floor_reached":10,"playtime":154,"items_purged":[],"score":244,"play_id":"73ae0dd7-1f13-4a18-ac86-60d58e3cb73a","local_time":"20201216182701","is_ascension_mode":true,"campfire_choices":[],"circlet_count":0,"master_deck":["AscendersBane","Strike_R","Strike_R","Strike_R","Strike_R","Strike_R","Defend_R","Defend_R+1","Defend_R+1","Rupture","Replay:Undeath\u0027s Touch","Replay:Undeath\u0027s Touch","Survivor","Neutralize","Wild Strike"],"relics":["Burning Blood","REME_ComplimentaryCards","NeowsBlessing","War Paint","Replay:PocketPolymizer","vexMod:InvisibilityCloak"],"acts_visited":["Exordium"],"potions_floor_usage":[],"damage_taken":[{"damage":0,"enemies":"Jaw Worm","floor":1,"turns":1},{"damage":0,"enemies":"Replay:BlueRogue","floor":6,"turns":1},{"damage":0,"enemies":"3 Sentries","floor":8,"turns":2},{"damage":55,"enemies":"Lagavulin","floor":10,"turns":8}],"seed_played":"-593954670174095338","potions_obtained":[{"floor":1,"key":"LiquidBronze"}],"is_trial":false,"path_per_floor":["M","?","?","?","?","E","?","E","T","E"],"character_chosen":"IRONCLAD","items_purchased":[],"campfire_rested":0,"item_purchase_floors":[],"current_hp_per_floor":[74,63,28,35,35,41,41,47,47,0,0],"gold":250,"neow_bonus":"THREE_ENEMY_KILL","is_daily":false,"chose_seed":false,"campfire_upgraded":0,"win_rate":0.0,"timestamp":1608114421,"path_taken":["M","?","?","?","?","E","?","E","T","E"],"items_purchased_type":[],"build_version":"2020-12-13","purchased_purges":0,"victory":false,"max_hp_per_floor":[75,75,75,75,75,75,75,75,75,75,75],"card_choices":[{"not_picked":["Clash","Pommel Strike"],"picked":"Replay:Undeath\u0027s Touch","floor":1},{"not_picked":["Thunderclap","Massacre"],"picked":"Replay:Undeath\u0027s Touch","floor":6},{"not_picked":["Dual Wield","Armaments"],"picked":"Wild Strike","floor":8}],"player_experience":175221,"relics_obtained":[{"floor":6,"key":"Replay:PocketPolymizer"},{"floor":8,"key":"vexMod:InvisibilityCloak"}],"event_choices":[{"damage_healed":0,"gold_gain":75,"player_choice":"Gather Gold","damage_taken":11,"max_hp_gain":0,"max_hp_loss":0,"event_name":"World of Goop","floor":2,"gold_loss":0},{"damage_healed":0,"gold_gain":0,"player_choice":"Success","damage_taken":35,"relics_obtained":["War Paint"],"max_hp_gain":0,"max_hp_loss":0,"event_name":"Scrap Ooze","floor":3,"gold_loss":0}],"is_beta":false,"boss_relics":[],"items_purged_floors":[],"is_endless":false,"potions_floor_spawned":[1],"killed_by":"Lagavulin","ascension_level":20}}