{"host":"6z6y4ky8uzsz1dpj","time":1608085511,"event":{"mods":["2.2 Compatiblity","AchievementEnabler","BaseMod","BetterRewards","Challenge The Spire","Colored Map","Hubris","Minty Spire (QoL Compilation)","Quick Restart","Replay The Spire","StSLib","The Bug Knight","The Construct","The Cursed","The Hierophant","The Necromancer","The Poker Player","The Runesmith","The Servant 0.9.4"],"gold_per_floor":[117,17,28,28,48,79,79,111,111,138,153,1,17,27,27,131,131,144,66,66,79,96,123,139,164,191,222,238,268,268,268,268,363,363,375,375,24,24,24,54,54,84,111,126,151,262,262,275,275,283,283,283,138,178,182,182],"floor_reached":55,"playtime":2227,"items_purged":["Strike_B","Strike_B","Defend_B"],"score":988,"play_id":"0dd0c8a7-5e0d-4e86-bc7a-8f32a5a4196c","local_time":"20201215212511","is_ascension_mode":true,"campfire_choices":[{"data":"Zap","floor":7.0,"key":"SMITH"},{"floor":15.0,"key":"REST"},{"data":"Storm","floor":30.0,"key":"SMITH"},{"floor":32.0,"key":"REST"},{"floor":41.0,"key":"REST"},{"floor":49.0,"key":"RECALL"},{"data":"Consume","floor":52.0,"key":"SMITH"}],"circlet_count":0,"master_deck":["Defend_B","Defend_B","Zap+1","Dualcast","Lockon","Ball Lightning+1","Lockon","Ball Lightning","Fission","Conserve Battery","Reinforced Body","ReplayTheSpireMod:Calculation Training","Electrodynamics","Conserve Battery","Self Repair","Darkness","Capacitor","Seek","Panic Button","Cold Snap","BootSequence+1","Storm+1","Echo Form","Rip and Tear+1","hubris:PowerSurge","Cold Snap","Blind","hubris:PowerSurge","Tempest","Hologram+1","Consume+1","ReplayTheSpireMod:Calculation Training","Defragment"],"relics":["Cracked Core","Pondfish Scales","Replay:Rubber Ducky","InkBottle","hubris:64BitClover","Orichalcum","Runic Capacitor","Empty Cage","Tiny Chest","Question Card","ReplayTheSpireMod:Shallot","Replay:Antivirus Software","hubris:MysteriousPyramids","Regal Pillow","Black Star","Bottled Flame","Juzu Bracelet","MealTicket","Whetstone","White Beast Statue","hubris:BallOfYels","Replay:Bandana","Geode","Nunchaku","Lantern","DollysMirror","Blue Doll","Bottled Lightning"],"acts_visited":["Exordium","TheCity","TheBeyond","TheEnding"],"potions_floor_usage":[55],"damage_taken":[{"damage":7.0,"enemies":"Small Slimes","floor":1.0,"turns":3.0},{"damage":0.0,"enemies":"Cultist","floor":3.0,"turns":2.0},{"damage":7.0,"enemies":"Jaw Worm","floor":5.0,"turns":3.0},{"damage":8.0,"enemies":"Gremlin Nob","floor":6.0,"turns":3.0},{"damage":24.0,"enemies":"3 Sentries","floor":8.0,"turns":5.0},{"damage":12.0,"enemies":"Lagavulin","floor":10.0,"turns":5.0},{"damage":1.0,"enemies":"Looter","floor":11.0,"turns":3.0},{"damage":0.0,"enemies":"Large Slime","floor":13.0,"turns":4.0},{"damage":0.0,"enemies":"3 Louse","floor":14.0,"turns":2.0},{"damage":9.0,"enemies":"Slime Boss","floor":16.0,"turns":7.0},{"damage":9.0,"enemies":"Spheric Guardian","floor":18.0,"turns":4.0},{"damage":23.0,"enemies":"2 Thieves","floor":21.0,"turns":3.0},{"damage":11.0,"enemies":"Shelled Parasite and Fungi","floor":22.0,"turns":5.0},{"damage":8.0,"enemies":"Replay:Snechameleon","floor":23.0,"turns":6.0},{"damage":19.0,"enemies":"Snecko","floor":24.0,"turns":5.0},{"damage":3.0,"enemies":"HollowMod:Nosk","floor":25.0,"turns":5.0},{"damage":4.0,"enemies":"Replay:Snechameleon","floor":27.0,"turns":5.0},{"damage":0.0,"enemies":"Sentry and Sphere","floor":28.0,"turns":4.0},{"damage":0.0,"enemies":"Gremlin Leader","floor":29.0,"turns":5.0},{"damage":20.0,"enemies":"Automaton","floor":33.0,"turns":9.0},{"damage":2.0,"enemies":"Orb Walker","floor":35.0,"turns":4.0},{"damage":42.0,"enemies":"Nemesis","floor":40.0,"turns":5.0},{"damage":4.0,"enemies":"HollowMod:StalkingDevout","floor":42.0,"turns":5.0},{"damage":0.0,"enemies":"3 Shapes","floor":44.0,"turns":1.0},{"damage":0.0,"enemies":"Giant Head","floor":45.0,"turns":5.0},{"damage":8.0,"enemies":"Writhing Mass","floor":48.0,"turns":3.0},{"damage":14.0,"enemies":"Awakened One","floor":50.0,"turns":6.0},{"damage":28.0,"enemies":"Shield and Spear","floor":54.0,"turns":4.0},{"damage":47,"enemies":"The Heart","floor":55,"turns":6}],"seed_played":"-8967693315609496056","potions_obtained":[{"floor":5.0,"key":"FocusPotion"},{"floor":8.0,"key":"Elixir"},{"floor":10.0,"key":"Reflective Coating"},{"floor":14.0,"key":"Weak Potion"},{"floor":16.0,"key":"AttackPotion"},{"floor":18.0,"key":"Milkshake"},{"floor":24.0,"key":"Block Potion"},{"floor":27.0,"key":"PotionOfCapacity"},{"floor":28.0,"key":"Block Potion"},{"floor":29.0,"key":"SkillPotion"},{"floor":35.0,"key":"Regen Potion"},{"floor":40.0,"key":"AttackPotion"},{"floor":44.0,"key":"Regen Potion"},{"floor":45.0,"key":"LiquidBronze"},{"floor":48.0,"key":"EntropicBrew"},{"floor":54.0,"key":"Venom Potion"}],"is_trial":false,"path_per_floor":["M","$","M","?","M","E","R","E","T","E","M","$","M","M","R","B",null,"M","$","?","M","M","E","M","E","T","E","M","E","R","$","R_BF","B",null,"M","?","$","T","$","E","R","E","T","M","E","?","T","M","R","B",null,"R","$","E","B"],"character_chosen":"DEFECT","items_purchased":["Lockon","Runic Capacitor","Self Repair","hubris:PowerSurge","Cold Snap","Blind","DollysMirror"],"campfire_rested":3,"item_purchase_floors":[0,12,19,37,37,37,53],"current_hp_per_floor":[68,68,68,68,61,53,53,29,29,17,16,16,16,16,38,29,75,66,66,66,50,46,45,33,37,37,33,40,40,40,40,75,62,75,75,75,75,75,75,47,75,71,71,71,75,45,45,51,51,58,75,75,75,47,0,0],"gold":182,"neow_bonus":"","is_daily":false,"chose_seed":false,"campfire_upgraded":3,"win_rate":0.0,"timestamp":1608085511,"path_taken":["M","$","M","?","?","E","R","E","T","E","M","$","M","M","R","BOSS","M","$","?","M","M","E","M","E","T","E","M","E","R","$","R_BF","BOSS","M","?","$","?","$","E","R","E","T","M","E","?","?","M","R","BOSS","R","$","E","BOSS"],"items_purchased_type":["Card","Relic","Card","Card","Card","Card","Relic"],"build_version":"2020-12-13","purchased_purges":3,"victory":false,"max_hp_per_floor":[75,75,75,75,75,75,75,75,75,75,75,75,75,75,75,75,75,75,75,75,75,75,75,75,75,75,75,75,75,75,75,75,75,75,75,75,75,75,75,75,75,75,75,75,75,75,75,75,75,75,75,75,75,75,75,75],"card_choices":[{"not_picked":["Consume","Cold Snap"],"picked":"Ball Lightning","floor":1.0},{"not_picked":["Crystallizer","Genetic Algorithm"],"picked":"Leap","floor":3.0},{"not_picked":["Scrape","Consume"],"picked":"Lockon","floor":5.0},{"not_picked":["Turbo","Genetic Algorithm"],"picked":"Ball Lightning","floor":6.0},{"not_picked":["Skim","BasicCrystalCard"],"picked":"Fission","floor":8.0},{"not_picked":["Gash","Skim"],"picked":"Conserve Battery","floor":10.0},{"not_picked":["ReplayTheSpireMod:GoodbyeWorld","Melter"],"picked":"Reinforced Body","floor":11.0},{"not_picked":["Rebound","Genetic Algorithm","Stack"],"picked":"SKIP","floor":13.0},{"not_picked":["BasicCrystalCard","Steam"],"picked":"ReplayTheSpireMod:Calculation Training","floor":14.0},{"not_picked":["Biased Cognition","Mirror Shield"],"picked":"Electrodynamics","floor":16.0},{"not_picked":["Double Energy","Leap"],"picked":"Conserve Battery","floor":18.0},{"not_picked":["Gash+1","Cold Snap"],"picked":"Darkness","floor":21.0},{"not_picked":["Panic Button","Go for the Eyes"],"picked":"Capacitor","floor":22.0},{"not_picked":["Barrage","Hyperbeam"],"picked":"Seek","floor":23.0},{"not_picked":["Conserve Battery","Crystallizer+1","Go for the Eyes"],"picked":"Panic Button","floor":24.0},{"not_picked":["Streamline","ReplaySolidLightProjector+1","Steam","Reprogram"],"picked":"SKIP","floor":25.0},{"not_picked":["Ball Lightning+1","Steam Power","ReplayTheSpireMod:Repulse"],"picked":"Cold Snap","floor":27.0},{"not_picked":["White Noise","Panic Button","ReplaySort"],"picked":"BootSequence+1","floor":28.0},{"not_picked":["Gash","Loop+1","Aggregate"],"picked":"Storm","floor":29.0},{"not_picked":["Multi-Cast","Reboot","ReplayRNGCard"],"picked":"Echo Form","floor":33.0},{"not_picked":["Sweeping Beam","Skim+1","Rebound","Reinforced Body+1"],"picked":"SKIP","floor":35.0},{"not_picked":["Gash","Heatsinks+1","Cold Snap"],"picked":"hubris:PowerSurge","floor":40.0},{"not_picked":["Cold Snap+1","Barrage+1","ReplaySort+1"],"picked":"Tempest","floor":42.0},{"not_picked":["Turbo","Chill","Sweeping Beam","Fusion+1"],"picked":"SKIP","floor":44.0},{"not_picked":["Panic Button+1","Loop","Go for the Eyes+1"],"picked":"Hologram+1","floor":45.0},{"not_picked":["Steam+1","ReplayTheSpireMod:Reroute Power+1","Sweeping Beam+1"],"picked":"Consume","floor":46.0},{"not_picked":["Go for the Eyes","Rebound+1","BasicCrystalCard","Hyperbeam"],"picked":"SKIP","floor":48.0},{"not_picked":["Leap","Redo","Chill+1"],"picked":"Defragment","floor":54.0}],"player_experience":206017,"relics_obtained":[{"floor":6.0,"key":"InkBottle"},{"floor":8.0,"key":"hubris:64BitClover"},{"floor":10.0,"key":"Orichalcum"},{"floor":22.0,"key":"Tiny Chest"},{"floor":23.0,"key":"Question Card"},{"floor":25.0,"key":"ReplayTheSpireMod:Shallot"},{"floor":26.0,"key":"Replay:Antivirus Software"},{"floor":27.0,"key":"hubris:MysteriousPyramids"},{"floor":29.0,"key":"Regal Pillow"},{"floor":38.0,"key":"Bottled Flame"},{"floor":40.0,"key":"Juzu Bracelet"},{"floor":40.0,"key":"MealTicket"},{"floor":42.0,"key":"Whetstone"},{"floor":42.0,"key":"White Beast Statue"},{"floor":43.0,"key":"hubris:BallOfYels"},{"floor":45.0,"key":"Replay:Bandana"},{"floor":45.0,"key":"Geode"},{"floor":46.0,"key":"Nunchaku"},{"floor":47.0,"key":"Lantern"},{"floor":54.0,"key":"Blue Doll"},{"floor":54.0,"key":"Bottled Lightning"}],"event_choices":[{"cards_removed":["Leap"],"damage_healed":0.0,"max_hp_gain":0.0,"max_hp_loss":0.0,"gold_gain":0.0,"event_name":"WeMeetAgain","player_choice":"Gave Card","floor":4.0,"gold_loss":0.0,"damage_taken":0.0,"relics_obtained":["Replay:Rubber Ducky"]},{"damage_healed":0.0,"max_hp_gain":0.0,"max_hp_loss":0.0,"gold_gain":0.0,"event_name":"Ghosts","player_choice":"Ignored","floor":20.0,"gold_loss":0.0,"damage_taken":0.0},{"damage_healed":0.0,"max_hp_gain":0.0,"max_hp_loss":0.0,"gold_gain":0.0,"cards_transformed":["Defend_B"],"event_name":"Transmorgrifier","player_choice":"Transformed","floor":36.0,"gold_loss":0.0,"damage_taken":0.0,"cards_obtained":["Rip and Tear"]}],"is_beta":false,"boss_relics":[{"not_picked":["hubris:CrackedHourglass","Replay:Ancient Bell"],"picked":"Empty Cage"},{"not_picked":["Replay:Bronze Core","Replay:Drink Me"],"picked":"Black Star"}],"items_purged_floors":[0,2,37],"is_endless":false,"potions_floor_spawned":[5,8,10,14,16,18,24,27,28,29,35,40,44,45,48,54],"killed_by":"The Heart","ascension_level":2}}