{"host":"uwdjobnswnt8y9oc","time":1608116505,"event":{"mods":["BaseMod","Colored Powertips","Minty Spire (QoL Compilation)"],"gold_per_floor":[112,112,136,152,49,80,80,80,148,128,143,108,108,108,108,108,108],"floor_reached":16,"playtime":634,"items_purged":[],"score":98,"play_id":"7e76313b-5cf8-4067-ba82-331ddc575ede","local_time":"20201216180145","is_ascension_mode":false,"campfire_choices":[{"data":"Distraction","floor":7.0,"key":"SMITH"},{"floor":13.0,"key":"DIG"},{"floor":15.0,"key":"RECALL"}],"circlet_count":0,"master_deck":["Strike_G","Strike_G","Strike_G","Strike_G","Strike_G","Defend_G","Defend_G","Defend_G","Defend_G","Defend_G","Survivor","Neutralize","Distraction+1","Backflip","Cloak And Dagger","Quick Slash","Accuracy","Blade Dance","Choke","Burst","Terror"],"relics":["Ring of the Snake","Golden Idol","Regal Pillow","Shovel","Unceasing Top"],"acts_visited":["Exordium"],"potions_floor_usage":[],"damage_taken":[{"damage":2.0,"enemies":"Small Slimes","floor":1.0,"turns":4.0},{"damage":0.0,"enemies":"Jaw Worm","floor":3.0,"turns":4.0},{"damage":0.0,"enemies":"Cultist","floor":4.0,"turns":5.0},{"damage":17.0,"enemies":"Lagavulin","floor":6.0,"turns":5.0},{"damage":0.0,"enemies":"2 Fungi Beasts","floor":11.0,"turns":2.0},{"damage":52,"enemies":"Hexaghost","floor":16,"turns":11}],"seed_played":"2118101518612256756","potions_obtained":[{"floor":1.0,"key":"PowerPotion"},{"floor":10.0,"key":"ColorlessPotion"},{"floor":11.0,"key":"CultistPotion"}],"is_trial":false,"path_per_floor":["M","?","M","M","$","E","R","?","T","?","M","?","R","?","R","B"],"character_chosen":"THE_SILENT","items_purchased":["Accuracy","Blade Dance"],"campfire_rested":0,"item_purchase_floors":[5,5],"current_hp_per_floor":[68,65,65,65,65,48,48,36,36,36,36,52,52,52,52,0,0],"gold":108,"neow_bonus":"THREE_CARDS","is_daily":false,"chose_seed":false,"campfire_upgraded":1,"win_rate":0.0,"timestamp":1608116505,"path_taken":["M","?","M","M","$","E","R","?","T","?","?","?","R","?","R","BOSS"],"items_purchased_type":["Card","Card"],"build_version":"2020-12-13","purchased_purges":0,"victory":false,"max_hp_per_floor":[70,65,65,65,65,65,65,65,65,65,65,65,65,65,65,65,65],"card_choices":[{"not_picked":["Prepared","Escape Plan"],"picked":"Distraction","floor":0.0},{"not_picked":["Reflex","Dash"],"picked":"Backflip","floor":1.0},{"not_picked":["Escape Plan","Skewer"],"picked":"Cloak And Dagger","floor":3.0},{"not_picked":["Masterful Stab","Concentrate"],"picked":"Quick Slash","floor":4.0},{"not_picked":["Eviscerate","Bouncing Flask","Underhanded Strike"],"picked":"SKIP","floor":6.0},{"not_picked":["Prepared","Heel Hook"],"picked":"Choke","floor":11.0}],"player_experience":426502,"relics_obtained":[{"floor":6.0,"key":"Regal Pillow"},{"floor":13.0,"key":"Unceasing Top"}],"event_choices":[{"damage_healed":0.0,"max_hp_gain":0.0,"max_hp_loss":5.0,"gold_gain":0.0,"event_name":"Golden Idol","player_choice":"Lose Max HP","floor":2.0,"gold_loss":0.0,"damage_taken":0.0,"relics_obtained":["Golden Idol"]},{"damage_healed":0.0,"max_hp_gain":0.0,"max_hp_loss":0.0,"gold_gain":0.0,"event_name":"Scrap Ooze","player_choice":"Success","floor":8.0,"gold_loss":0.0,"damage_taken":12.0,"relics_obtained":["Shovel"]},{"damage_healed":0.0,"max_hp_gain":0.0,"max_hp_loss":0.0,"gold_gain":0.0,"event_name":"The Woman in Blue","player_choice":"Bought 1 Potion","floor":10.0,"gold_loss":0.0,"damage_taken":0.0},{"damage_healed":16.0,"max_hp_gain":0.0,"max_hp_loss":0.0,"gold_gain":0.0,"event_name":"The Cleric","player_choice":"Healed","floor":12.0,"gold_loss":35.0,"damage_taken":0.0},{"damage_healed":0.0,"max_hp_gain":0.0,"max_hp_loss":0.0,"gold_gain":0.0,"event_name":"Match and Keep!","player_choice":"2 cards matched","floor":14.0,"gold_loss":0.0,"damage_taken":0.0,"cards_obtained":["Burst","Terror"]}],"is_beta":false,"boss_relics":[],"items_purged_floors":[],"is_endless":false,"potions_floor_spawned":[1,11],"killed_by":"Hexaghost","ascension_level":0}}