{"host":"7w1f7px7r26mario","time":1608080287,"event":{"mods":["Act Like it!","BaseMod","Conspire","Gensokyo","Lobotomy","LobotomyExtend","Minty Spire (QoL Compilation)","Quick Restart","Relic Stats","Replay The Spire","StSLib","TestMod","[IsaacMod]以撒尖塔","vexMod"],"gold_per_floor":[110,36,436,436,486,517,517,551,551,567,601,622,622,656,656,768,1434,1446,1446,1459,1470,1482,1515,1529,1561,1561,1267,1267,1267,1267,1267,1267,1267,1267],"floor_reached":33,"playtime":1713,"items_purged":[],"score":633,"play_id":"f4974495-e564-4332-bd9b-8a026afbe047","local_time":"20201216085807","is_ascension_mode":true,"campfire_choices":[{"data":"Feed","floor":7.0,"key":"SMITH"},{"data":"Feed","floor":15.0,"key":"SMITH"},{"data":"Limit Break","floor":28.0,"key":"SMITH"},{"floor":32.0,"key":"RECALL"}],"circlet_count":0,"master_deck":["Strike_R","Defend_R","Defend_R","Defend_R+1","Bash","Bloodletting+1","Inflame","Feed+1","Sword Boomerang","ReplayTheSpireMod:Muscle Training","Looming Evil","Feed+1","Limit Break+1","Rupture+1","Gensokyo:TekeTeke+1","Burning Pact","Fire Breathing","Night Terror","Writhe"],"relics":["HushsDoor","testmod-Brilliant","HowToJump","Replay:Drink Me","LetterFromLob","Gensokyo:OccultBall","TheBible","War Paint","conspire:Dentures","testmod-Acrobat","Gremlin Horn","Ring of Peace","Ring of Misfortune","Matryoshka","vexMod:RockOfEvil","GuppysTail","Quantum Egg","UnicornStump","Vajra","DeathBook","testmod-AssaultLearning","Medical Kit","Moonlight_r"],"acts_visited":["Gensokyo:Gensokyo","Gensokyo:Gensokyoer"],"potions_floor_usage":[33,33,33],"damage_taken":[{"damage":0.0,"enemies":"Gensokyo:3_Fairies","floor":1.0,"turns":2.0},{"damage":3.0,"enemies":"Hiden Room Battle","floor":5.0,"turns":1.0},{"damage":6.0,"enemies":"Gensokyo:Aya","floor":6.0,"turns":3.0},{"damage":0.0,"enemies":"Gensokyo:Cirno","floor":8.0,"turns":4.0},{"damage":0.0,"enemies":"Gensokyo:2_Kodama","floor":10.0,"turns":1.0},{"damage":6.0,"enemies":"Gensokyo:Mamizou","floor":11.0,"turns":8.0},{"damage":0.0,"enemies":"Gensokyo:Python","floor":12.0,"turns":1.0},{"damage":0.0,"enemies":"Gensokyo:Aya","floor":14.0,"turns":3.0},{"damage":0.0,"enemies":"Gensokyo:Reimu","floor":16.0,"turns":8.0},{"damage":0.0,"enemies":"Gensokyo:3_Dogs","floor":18.0,"turns":1.0},{"damage":0.0,"enemies":"Gensokyo:CosmicMonolith","floor":20.0,"turns":1.0},{"damage":0.0,"enemies":"Gensokyo:Wraith","floor":21.0,"turns":2.0},{"damage":0.0,"enemies":"Gensokyo:3_Gloops","floor":22.0,"turns":1.0},{"damage":0.0,"enemies":"Gensokyo:Reisen","floor":23.0,"turns":1.0},{"damage":0.0,"enemies":"Gensokyo:Monolith_and_Dog","floor":24.0,"turns":1.0},{"damage":7.0,"enemies":"Gensokyo:Tenshi","floor":25.0,"turns":5.0},{"damage":1,"enemies":"Gensokyo:Eiki","floor":33,"turns":3}],"seed_played":"-5136634175217384290","potions_obtained":[{"floor":8.0,"key":"AttackPotion"},{"floor":10.0,"key":"Ancient Potion"},{"floor":14.0,"key":"AttackPotion"},{"floor":22.0,"key":"EssenceOfSteel"}],"is_trial":false,"path_per_floor":["M","$","?","?","?","E","R","E","T","M","E","M","?","E","R","B",null,"M","?","M","M","M","E","M","E","T","$","R","?","?","?","R","B"],"character_chosen":"IRONCLAD","items_purchased":["Inflame","GuppysTail","testmod-AssaultLearning","Medical Kit"],"campfire_rested":0,"item_purchase_floors":[2,17,27,27],"current_hp_per_floor":[60,60,60,60,42,36,36,36,36,36,30,34,34,34,34,34,49,49,49,53,57,57,57,57,50,50,50,50,1,1,1,1,0,0],"gold":1267,"neow_bonus":"BOSS_RELIC","is_daily":false,"chose_seed":false,"campfire_upgraded":3,"win_rate":0.0,"timestamp":1608080287,"path_taken":["M","$","?","?","?","E","R","E","T","M","E","M","?","E","R","BOSS","M","?","M","M","M","E","M","E","T","$","R","?","?","?","R","BOSS"],"items_purchased_type":["Card","Relic","Relic","Relic"],"build_version":"2020-12-13","purchased_purges":0,"victory":false,"max_hp_per_floor":[60,60,60,60,60,60,60,60,60,60,60,64,64,64,64,64,54,54,49,53,57,57,57,57,57,57,57,57,1,1,1,1,1,1],"relic_stats":{"Gremlin Horn":[1,1],"counters":[17,46],"War Paint":["Bloodletting","Defend_R"],"Medical Kit":[0],"obtain_stats":[{"GuppysTail":17,"UnicornStump":25,"Gremlin Horn":11,"Vajra":26,"vexMod:RockOfEvil":17,"Burning Blood":0,"testmod-Brilliant":0,"DeathBook":26,"Matryoshka":14,"Ring of Peace":13,"Gensokyo:OccultBall":4,"Replay:Drink Me":0,"KeepersGift":0,"conspire:Dentures":6,"testmod-TestBox":0,"HowToJump":0,"Quantum Egg":23,"War Paint":5,"Medical Kit":27,"Moonlight_r":29,"TheBible":5,"testmod-Acrobat":8,"Ring of Misfortune":13,"testmod-AssaultLearning":27,"LetterFromLob":1,"HushsDoor":0},{"GuppysTail":9,"UnicornStump":16,"Gremlin Horn":6,"Vajra":16,"vexMod:RockOfEvil":9,"Burning Blood":0,"testmod-Brilliant":0,"DeathBook":16,"Matryoshka":8,"Ring of Peace":7,"Gensokyo:OccultBall":1,"Replay:Drink Me":0,"KeepersGift":0,"conspire:Dentures":3,"testmod-TestBox":0,"HowToJump":0,"Quantum Egg":14,"War Paint":2,"Medical Kit":16,"Moonlight_r":16,"TheBible":2,"testmod-Acrobat":4,"Ring of Misfortune":7,"testmod-AssaultLearning":16,"LetterFromLob":1,"HushsDoor":0},{"GuppysTail":31,"UnicornStump":43,"Gremlin Horn":19,"Vajra":43,"vexMod:RockOfEvil":31,"Burning Blood":0,"testmod-Brilliant":0,"DeathBook":43,"Matryoshka":23,"Ring of Peace":20,"Gensokyo:OccultBall":2,"Replay:Drink Me":0,"KeepersGift":0,"conspire:Dentures":6,"testmod-TestBox":0,"HowToJump":0,"Quantum Egg":37,"War Paint":3,"Medical Kit":43,"Moonlight_r":43,"TheBible":3,"testmod-Acrobat":10,"Ring of Misfortune":20,"testmod-AssaultLearning":43,"LetterFromLob":2,"HushsDoor":0}]},"card_choices":[{"not_picked":[],"picked":"SuicideKing","floor":0.0},{"not_picked":["Replay:Undeath\u0027s Touch","Headbutt"],"picked":"Bloodletting","floor":1.0},{"not_picked":["Shrug It Off","Carnage"],"picked":"Feed","floor":5.0},{"not_picked":["Cleave","Pommel Strike","Sentinel"],"picked":"SKIP","floor":6.0},{"not_picked":["Dark Embrace","Evolve"],"picked":"Sword Boomerang","floor":8.0},{"not_picked":["Sword Boomerang","Power Through","Body Slam"],"picked":"SKIP","floor":10.0},{"not_picked":["Reckless Charge","Bloodletting","Iron Wave"],"picked":"SKIP","floor":11.0},{"not_picked":["Burning Pact","Thunderclap"],"picked":"ReplayTheSpireMod:Muscle Training","floor":12.0},{"not_picked":["Twin Strike","Ghostly Armor"],"picked":"Feed","floor":14.0},{"not_picked":["Barricade","Corruption"],"picked":"Limit Break","floor":16.0},{"not_picked":["Headbutt+1","Havoc"],"picked":"Rupture","floor":18.0},{"not_picked":["Gensokyo:SpontaneousHumanCombustion","Gensokyo:Kunekune"],"picked":"Gensokyo:TekeTeke","floor":19.0},{"not_picked":["Searing Blow+1","Cleave","Dual Wield"],"picked":"SKIP","floor":20.0},{"not_picked":["Feel No Pain","Fire Breathing"],"picked":"Burning Pact","floor":21.0},{"not_picked":["Clothesline+1","Entrench","Clash"],"picked":"SKIP","floor":22.0},{"not_picked":["ReplayTheSpireMod:Muscle Training","Immolate","conspire:ExplosiveBarrier"],"picked":"SKIP","floor":23.0},{"not_picked":["Sword Boomerang+1","Twin Strike","Cleave"],"picked":"SKIP","floor":24.0},{"not_picked":["Anger","Cleave"],"picked":"Fire Breathing","floor":25.0}],"player_experience":185382,"relics_obtained":[{"floor":1.0,"key":"LetterFromLob"},{"floor":5.0,"key":"TheBible"},{"floor":5.0,"key":"War Paint"},{"floor":6.0,"key":"Gensokyo:OccultBall"},{"floor":6.0,"key":"conspire:Dentures"},{"floor":8.0,"key":"testmod-Acrobat"},{"floor":11.0,"key":"Gremlin Horn"},{"floor":13.0,"key":"Ring of Peace"},{"floor":13.0,"key":"Ring of Misfortune"},{"floor":14.0,"key":"Matryoshka"},{"floor":16.0,"key":"Gensokyo:OccultBall"},{"floor":18.0,"key":"Gensokyo:OccultBall"},{"floor":23.0,"key":"Quantum Egg"},{"floor":25.0,"key":"UnicornStump"},{"floor":26.0,"key":"Vajra"},{"floor":26.0,"key":"DeathBook"}],"event_choices":[{"damage_healed":0.0,"max_hp_gain":0.0,"max_hp_loss":0.0,"gold_gain":400.0,"event_name":"恩洛斯的盘子","player_choice":"Sell","floor":3.0,"relics_lost":["testmod-TestBox"],"gold_loss":0.0,"damage_taken":0.0},{"damage_healed":0.0,"max_hp_gain":0.0,"max_hp_loss":0.0,"gold_gain":0.0,"event_name":"HidenRoomEvent","player_choice":"Fight","floor":5.0,"gold_loss":0.0,"damage_taken":0.0},{"damage_healed":0.0,"max_hp_gain":0.0,"max_hp_loss":0.0,"gold_gain":0.0,"event_name":"HidenRoomEvent","player_choice":"Fight","floor":29.0,"gold_loss":0.0,"damage_taken":0.0}],"is_beta":false,"boss_relics":[{"not_picked":["Pandora\u0027s Box","testmod-EnergyCheck"],"picked":"vexMod:RockOfEvil"},{"not_picked":[]}],"items_purged_floors":[],"is_endless":false,"potions_floor_spawned":[8,10,14,22,25],"killed_by":"Gensokyo:Eiki","ascension_level":6}}