{"host":"3c27c697js19kaoo","time":1608108356,"event":{"mods":["BaseMod","Dota2Spire","Hermit","Minty Spire (QoL Compilation)","Quick Restart","Remilia£®¿Ÿ√◊¿Ú—«£©","Spicy Shops","StSLib","The Alterego","The Bladedancer","The Cursed","The Servant 0.9.4","°æ“≈ŒÔø®≈∆°øREMEMod"],"gold_per_floor":[114,114,125,54,54,89,89,120,120,149,161,141,154,171,171,269,269,280,54,54,67,67],"floor_reached":21,"playtime":1940,"items_purged":[],"score":269,"play_id":"62b97e86-1fa9-43cb-aced-707c0dc3f1b9","local_time":"20201216164556","is_ascension_mode":true,"campfire_choices":[{"data":"DemonKingCradle","floor":7.0,"key":"SMITH"},{"floor":15.0,"key":"REST"}],"circlet_count":0,"master_deck":["Strike_S","Strike_S","Strike_S","Strike_S","Defend_S","Defend_S","Defend_S","Defend_S","KidneyShot","Exchange","DemonKingCradle+1","BestPractice","Moondial","BottledTime","Rearm","Alleviate","ReturningBlade","InstantArmor","GearUp","Embodiment"],"relics":["Uniform","REME_ComplimentaryCards","NeowsBlessing","Dota2Spire:MonkeyKingBar","Pocketwatch","Eternal Feather","Dota2Spire:ShadowBlade","SlaversCollar","TungstenRod","Frozen Eye"],"acts_visited":["Exordium","TheCity"],"potions_floor_usage":[],"damage_taken":[{"damage":0.0,"enemies":"2 Louse","floor":1.0,"turns":1.0},{"damage":12.0,"enemies":"Jaw Worm","floor":3.0,"turns":2.0},{"damage":0.0,"enemies":"Lagavulin","floor":6.0,"turns":1.0},{"damage":27.0,"enemies":"Gremlin Nob","floor":8.0,"turns":4.0},{"damage":20.0,"enemies":"3 Sentries","floor":10.0,"turns":5.0},{"damage":0.0,"enemies":"Cultist","floor":11.0,"turns":3.0},{"damage":6.0,"enemies":"Looter","floor":13.0,"turns":4.0},{"damage":6.0,"enemies":"Lots of Slimes","floor":14.0,"turns":2.0},{"damage":11.0,"enemies":"The Guardian","floor":16.0,"turns":13.0},{"damage":15.0,"enemies":"Spheric Guardian","floor":18.0,"turns":5.0},{"damage":13.0,"enemies":"3 Byrds","floor":21.0,"turns":7.0}],"seed_played":"3824195303958269301","potions_obtained":[{"floor":1.0,"key":"Explosive Potion"},{"floor":6.0,"key":"Fire Potion"},{"floor":11.0,"key":"Dota2Spire:Clarity"},{"floor":12.0,"key":"Regen Potion"},{"floor":13.0,"key":"Energy Potion"},{"floor":16.0,"key":"Swift Potion"}],"is_trial":false,"path_per_floor":["M","?","M","$","?","E","R","E","T","E","M","?","M","M","R","B",null,"M","$","?","M"],"character_chosen":"THE_SERVANT","items_purchased":["Moondial","TungstenRod","Frozen Eye"],"campfire_rested":1,"item_purchase_floors":[4,19,19],"current_hp_per_floor":[65,65,53,53,53,53,53,26,26,6,6,6,12,6,37,26,65,50,50,50,37,37],"gold":67,"neow_bonus":"THREE_ENEMY_KILL","is_daily":false,"chose_seed":false,"campfire_upgraded":1,"win_rate":0.0,"timestamp":1608108356,"path_taken":["M","?","M","$","?","E","R","E","T","E","?","?","?","M","R","BOSS","M","$","?","?"],"items_purchased_type":["Card","Relic","Relic"],"build_version":"2020-12-13","purchased_purges":0,"victory":false,"max_hp_per_floor":[65,65,65,65,65,65,65,65,65,65,65,65,65,65,65,65,65,65,65,65,65,65],"card_choices":[{"not_picked":["Ricochet","Potential"],"picked":"BestPractice","floor":1.0},{"not_picked":["Desolation","TimeWarp","DualDimension"],"picked":"SKIP","floor":3.0},{"not_picked":["Foresight","LightFlow","Misdirection"],"picked":"SKIP","floor":6.0},{"not_picked":["Rearm","Misdirection","InstantArmor"],"picked":"SKIP","floor":8.0},{"not_picked":["SilverBlades","Sabotage"],"picked":"InstantArmor","floor":10.0},{"not_picked":["Defy","Revamp","Rewind"],"picked":"SKIP","floor":11.0},{"not_picked":["DoubleEdge","Ricochet"],"picked":"GearUp","floor":13.0},{"not_picked":["Ricochet","SpecialFormula","Desolation"],"picked":"SKIP","floor":14.0},{"not_picked":["Deny","KillingDoll"],"picked":"Embodiment","floor":16.0},{"not_picked":["Unruled","TimeTheft","Starlight"],"picked":"SKIP","floor":18.0}],"player_experience":122463,"relics_obtained":[{"floor":6.0,"key":"Dota2Spire:MonkeyKingBar"},{"floor":8.0,"key":"Pocketwatch"},{"floor":9.0,"key":"Eternal Feather"},{"floor":10.0,"key":"Dota2Spire:ShadowBlade"}],"event_choices":[{"damage_healed":0.0,"max_hp_gain":0.0,"max_hp_loss":0.0,"gold_gain":0.0,"event_name":"The Cleric","player_choice":"Leave","floor":2.0,"gold_loss":0.0,"damage_taken":0.0},{"damage_healed":0.0,"max_hp_gain":0.0,"max_hp_loss":0.0,"gold_gain":0.0,"event_name":"The Woman in Blue","player_choice":"Bought 1 Potion","floor":12.0,"gold_loss":0.0,"damage_taken":0.0},{"cards_removed":["FanOfKnives"],"damage_healed":0.0,"max_hp_gain":0.0,"max_hp_loss":0.0,"gold_gain":0.0,"event_name":"Wheel of Change","player_choice":"Card Removal","floor":20.0,"gold_loss":0.0,"damage_taken":0.0}],"is_beta":false,"boss_relics":[{"not_picked":["Runic Pyramid","Velvet Choker"],"picked":"SlaversCollar"}],"items_purged_floors":[],"is_endless":false,"potions_floor_spawned":[1,6,11,13,16,21],"killed_by":"3 Byrds","ascension_level":4}}