{"host":"e87rn453naquue3h","time":1608082953,"event":{"mods":["AchievementEnabler","BaseMod","Minty Spire (QoL Compilation)","Relic Stats","StSLib"],"gold_per_floor":[117,42,61,136,148,175,175,175,175],"floor_reached":8,"playtime":7122,"items_purged":[],"score":154,"play_id":"c2ddbace-5b0d-467e-8fbf-450f1bd3c241","local_time":"20201215204233","is_ascension_mode":true,"campfire_choices":[{"floor":7,"key":"REST"}],"circlet_count":0,"master_deck":["AscendersBane","Strike_P","Strike_P","Strike_P","Strike_P","Defend_P","Defend_P","Defend_P","Eruption","Vigilance","Worship","WindmillStrike","Vengeance"],"relics":["PureWater","Shuriken"],"acts_visited":["Exordium"],"potions_floor_usage":[6],"damage_taken":[{"damage":9,"enemies":"Jaw Worm","floor":1,"turns":3},{"damage":13,"enemies":"Small Slimes","floor":3,"turns":4},{"damage":0,"enemies":"2 Louse","floor":5,"turns":2},{"damage":0,"enemies":"Lagavulin","floor":6,"turns":4},{"damage":88,"enemies":"Gremlin Nob","floor":8,"turns":3}],"seed_played":"-1993761577210534475","potions_obtained":[{"floor":5,"key":"Fire Potion"}],"is_trial":false,"path_per_floor":["M","?","M","?","M","E","R","E"],"character_chosen":"WATCHER","items_purchased":[],"campfire_rested":1,"item_purchase_floors":[],"current_hp_per_floor":[58,58,45,34,34,34,56,0,0],"gold":175,"neow_bonus":"TEN_PERCENT_HP_BONUS","is_daily":false,"chose_seed":false,"campfire_upgraded":0,"win_rate":0.0,"timestamp":1608082953,"path_taken":["M","?","M","?","M","E","R","E"],"items_purchased_type":[],"build_version":"2020-12-13","purchased_purges":0,"victory":false,"max_hp_per_floor":[74,74,74,74,74,74,74,74,74],"relic_stats":{"counters":[5,16],"Shuriken":[1],"obtain_stats":[{"Shuriken":6,"PureWater":0},{"Shuriken":4,"PureWater":0},{"Shuriken":13,"PureWater":0}]},"card_choices":[{"not_picked":["BowlingBash","Consecrate"],"picked":"Worship","floor":1},{"not_picked":["Fasting2","FearNoEvil"],"picked":"WindmillStrike","floor":3},{"not_picked":["Protect","FlurryOfBlows","Adaptation"],"picked":"SKIP","floor":5},{"not_picked":["SashWhip","Evaluate"],"picked":"Vengeance","floor":6}],"player_experience":2274555,"relics_obtained":[{"floor":6,"key":"Shuriken"}],"event_choices":[{"cards_removed":["Defend_P"],"damage_healed":0,"gold_gain":0,"player_choice":"Card Removal","damage_taken":0,"max_hp_gain":0,"max_hp_loss":0,"event_name":"The Cleric","floor":2,"gold_loss":75},{"damage_healed":0,"gold_gain":75,"player_choice":"Gather Gold","damage_taken":11,"max_hp_gain":0,"max_hp_loss":0,"event_name":"World of Goop","floor":4,"gold_loss":0}],"is_beta":false,"boss_relics":[],"items_purged_floors":[],"is_endless":false,"potions_floor_spawned":[5],"killed_by":"Gremlin Nob","ascension_level":18}}