{"host":"iz5gar30eciy4yf4","time":1608153835,"event":{"mods":["Act Like it!","BaseMod","Chen","Dio Mod","Gensokyo","Hallownest","Hermit","Hubris","Koishi","Marisa????????","Minty Spire (QoL Compilation)","Prisma Mod","Reimu??????","Relic Stats","Remilia??????","StSLib","The Animator","TheArtist","vexMod"],"gold_per_floor":[15,26,26,36,51,51,65,75,102,102,102,102,49,83,83,179,179,191,191,191,191,191,191,191,211,211,289,303,328,328,179,179,283,283,296,296,296],"floor_reached":36,"playtime":1799,"items_purged":[],"score":405,"play_id":"ad67b95e-f322-46a6-99ad-f1ae6d650001","local_time":"20201216162355","is_ascension_mode":false,"campfire_choices":[{"data":"ChargeUpSpray","floor":6,"key":"SMITH"},{"data":"OortCloud","floor":10,"key":"SMITH"},{"floor":12,"key":"REST"},{"data":"Gensokyo:CrescentMoonSlash","floor":15,"key":"SMITH"},{"data":"CasketOfStar","floor":30,"key":"SMITH"},{"data":"MilkyWay","floor":32,"key":"SMITH"}],"circlet_count":0,"master_deck":["Strike_MRS","Strike_MRS","Strike_MRS","Strike_MRS","Defend_MRS","Defend_MRS","Defend_MRS","Defend_MRS","MasterSpark","UpSweep","NonDirectionalLaser","Singularity","ChargeUpSpray+1","PropBag","OortCloud+1","Gensokyo:CrescentMoonSlash+1","MilkyWay+1","EarthLightRay","CasketOfStar+1","DeepEcoloBomb","LuminesStrike","PowerUp","NonDirectionalLaser+1","6A"],"relics":["MiniHakkero","hubris:FunFungus","Gensokyo:MarisaImprobabilityPotion","Regal Pillow","hubris:TinFlute","Philosopher\u0027s Stone","Blood Vial","hubris:Towel","hubris:Icosahedron","Eternal Feather","Ornamental Fan","Mastiff:ReiMu","ClockworkSouvenir","vexMod:DeviousBotling","Shuriken"],"acts_visited":["Exordium","Gensokyo:Gensokyo","TheBeyond"],"potions_floor_usage":[7,16,33,33,36],"damage_taken":[{"damage":0,"enemies":"Gensokyo:Python","floor":1,"turns":3},{"damage":0,"enemies":"Gensokyo:3_Fairies","floor":2,"turns":3},{"damage":3,"enemies":"Gensokyo:2_Kodama","floor":4,"turns":3},{"damage":12,"enemies":"Gensokyo:2_Rabbits","floor":5,"turns":3},{"damage":6,"enemies":"Gensokyo:Python_and_Kodama","floor":7,"turns":3},{"damage":11,"enemies":"Gensokyo:CorruptedTreant","floor":8,"turns":3},{"damage":0,"enemies":"Gensokyo:Cirno","floor":14,"turns":4},{"damage":47,"enemies":"Gensokyo:Yukari","floor":16,"turns":10},{"damage":14,"enemies":"Gensokyo:AngelMirror","floor":18,"turns":3},{"damage":0,"enemies":"Gensokyo:2_Gloops","floor":25,"turns":2},{"damage":21,"enemies":"Gensokyo:Monolith_and_Dog","floor":28,"turns":4},{"damage":18,"enemies":"Gensokyo:Reisen","floor":29,"turns":4},{"damage":53,"enemies":"Gensokyo:Eternal_Rivals","floor":33,"turns":8},{"damage":10,"enemies":"Orb Walker","floor":35,"turns":3},{"damage":90,"enemies":"Orin","floor":36,"turns":10}],"seed_played":"-8517866694209642560","potions_obtained":[{"floor":5,"key":"Fire Potion"},{"floor":7,"key":"ZuzhouPotion:ReiMu"},{"floor":14,"key":"ColorlessPotion"},{"floor":18,"key":"DuplicationPotion"},{"floor":29,"key":"BlessingOfTheForge"},{"floor":33,"key":"DuplicationPotion"}],"is_trial":false,"path_per_floor":["M","M","?","M","M","R","M","M","T","R","?","R","$","E","R","B",null,"M","?","?","?","?","R","$","M","T","T","M","E","R","$","R","B",null,"M","?"],"character_chosen":"MARISA","items_purchased":["MilkyWay","ClockworkSouvenir"],"campfire_rested":1,"item_purchase_floors":[13,31],"current_hp_per_floor":[75,75,75,72,60,60,54,43,43,43,36,73,73,75,75,32,75,65,65,65,65,65,65,65,67,67,67,52,40,52,52,64,19,69,65,0,0],"gold":296,"neow_bonus":"ONE_RARE_RELIC","is_daily":false,"chose_seed":false,"campfire_upgraded":5,"win_rate":0.0,"timestamp":1608153835,"path_taken":["M","?","?","M","M","R","M","M","T","R","?","R","$","E","R","BOSS","M","?","?","?","?","R","?","M","T","?","?","E","R","$","R","BOSS","M","?"],"items_purchased_type":["Card","Relic"],"build_version":"2020-12-13","purchased_purges":0,"victory":false,"max_hp_per_floor":[75,75,75,75,75,75,75,75,75,75,75,75,75,75,75,75,75,75,69,69,69,69,69,69,69,69,69,69,69,69,69,69,69,69,69,69,69],"relic_stats":{"Blood Vial":10,"Regal Pillow":15,"counters":[15,66],"Ornamental Fan":[100],"Shuriken":[7],"Eternal Feather":24,"obtain_stats":[{"Regal Pillow":9,"Gremlin Horn":8,"Blue Candle":16,"Gensokyo:MarisaIngredientList":3,"Eternal Feather":26,"hubris:Towel":21,"ClockworkSouvenir":31,"Mercury Hourglass":33,"Blood Vial":19,"hubris:Icosahedron":22,"Mummified Hand":18,"Ornamental Fan":27,"Mastiff:ReiMu":29,"Shuriken":36,"Philosopher\u0027s Stone":17,"hubris:FunFungus":0,"vexMod:DeviousBotling":34,"MiniHakkero":0,"hubris:TinFlute":14,"Gensokyo:MarisaImprobabilityPotion":23},{"Regal Pillow":6,"Gremlin Horn":6,"Blue Candle":8,"Gensokyo:MarisaIngredientList":2,"Eternal Feather":10,"hubris:Towel":9,"ClockworkSouvenir":12,"Mercury Hourglass":13,"Blood Vial":9,"hubris:Icosahedron":9,"Mummified Hand":9,"Ornamental Fan":10,"Mastiff:ReiMu":12,"Shuriken":15,"Philosopher\u0027s Stone":8,"hubris:FunFungus":0,"vexMod:DeviousBotling":13,"MiniHakkero":0,"hubris:TinFlute":7,"Gensokyo:MarisaImprobabilityPotion":9},{"Regal Pillow":18,"Gremlin Horn":18,"Blue Candle":24,"Gensokyo:MarisaIngredientList":6,"Eternal Feather":37,"hubris:Towel":35,"ClockworkSouvenir":45,"Mercury Hourglass":49,"Blood Vial":35,"hubris:Icosahedron":35,"Mummified Hand":35,"Ornamental Fan":37,"Mastiff:ReiMu":45,"Shuriken":59,"Philosopher\u0027s Stone":32,"hubris:FunFungus":0,"vexMod:DeviousBotling":53,"MiniHakkero":0,"hubris:TinFlute":22,"Gensokyo:MarisaImprobabilityPotion":35}]},"card_choices":[{"not_picked":["SporeBomb","UnstableBomb"],"picked":"NonDirectionalLaser","floor":1},{"not_picked":["GalacticHalo","NonDirectionalLaser"],"picked":"PowerUp","floor":2},{"not_picked":["DarkSpark","BigCrunch"],"picked":"Singularity","floor":4},{"not_picked":["ShootingEcho","RefractionSpark"],"picked":"ChargeUpSpray","floor":5},{"not_picked":["GravityBeat","ShootingEcho"],"picked":"PropBag","floor":7},{"not_picked":["OneTimeOff","WitchOfGreed"],"picked":"OortCloud","floor":8},{"not_picked":["UnstableBomb","StarBarrage"],"picked":"EarthLightRay","floor":14},{"not_picked":["FinalSpark","BigCrunch"],"picked":"CasketOfStar","floor":16},{"not_picked":["GalacticHalo","FairyDestructionRay"],"picked":"DeepEcoloBomb","floor":18},{"not_picked":["EnergyRecoil","OrrerysSun"],"picked":"LuminesStrike","floor":25},{"not_picked":["OortCloud","6A"],"picked":"PowerUp","floor":28},{"not_picked":["ChargingUp","Singularity"],"picked":"NonDirectionalLaser+1","floor":29},{"not_picked":["PropBag+1","LuminesStrike"],"picked":"6A","floor":35}],"player_experience":654148,"relics_obtained":[{"floor":9,"key":"Regal Pillow"},{"floor":14,"key":"hubris:TinFlute"},{"floor":26,"key":"Eternal Feather"},{"floor":27,"key":"Ornamental Fan"},{"floor":29,"key":"Mastiff:ReiMu"}],"event_choices":[{"damage_healed":0,"gold_gain":0,"player_choice":"Fight","damage_taken":0,"max_hp_gain":0,"max_hp_loss":0,"event_name":"OrinTheCat","floor":36,"gold_loss":0}],"is_beta":false,"boss_relics":[{"not_picked":["BewitchedHakkero","hubris:HollowSoul"],"picked":"Philosopher\u0027s Stone"},{"not_picked":["hubris:RunicObelisk","Sozu"],"picked":"vexMod:DeviousBotling"}],"items_purged_floors":[],"is_endless":false,"potions_floor_spawned":[5,7,14,18,29,33],"killed_by":"Orin","ascension_level":0}}