{"host":"m9i7qe3hvz6jihjh","time":1608143014,"event":{"mods":["BaseMod","Colored Powertips","Infinite Spire","Minty Spire (QoL Compilation)","Quick Restart","StSLib","The Animator","Waifu the Spire"],"gold_per_floor":[217,48,64,78,96,96,2,21,21,21,35,35,48,66,66,164,164,184,184,184,198,213,213,213,213,213,213,224,32,32,32],"floor_reached":30,"playtime":788,"items_purged":["Defend_P"],"score":224,"play_id":"c45a325a-c6d5-4e84-946f-0d0a7150f23c","local_time":"20201216192334","is_ascension_mode":false,"campfire_choices":[{"data":"Eruption","floor":6,"key":"SMITH"},{"floor":10,"key":"REST"},{"data":"Crescendo","floor":12,"key":"SMITH"},{"floor":15,"key":"REST"},{"floor":23,"key":"REST"},{"floor":25,"key":"REST"},{"data":"Judgement","floor":27,"key":"SMITH"}],"circlet_count":0,"master_deck":["Strike_P","Strike_P","Strike_P","Strike_P","Defend_P","Defend_P","Defend_P","Eruption+1","Vigilance","Crescendo+1","PathToVictory","FlurryOfBlows","FlyingSleeves","Evaluate","FollowUp","WaveOfTheHand","Consecrate","Halt","ReachHeaven","PathToVictory","LikeWater","Judgement","CurseOfTheBell","FlyingSleeves","Adaptation","Judgement+1","WaveOfTheHand","Protect","infinitespire:Starlight","LessonLearned"],"relics":["PureWater","Letter Opener","Calling Bell","Pen Nib","Singing Bowl","Turnip","infinitespire:CheckeredPen"],"acts_visited":["Exordium","TheCity"],"potions_floor_usage":[8,16,21,21,22,28,30],"damage_taken":[{"damage":0,"enemies":"Cultist","floor":1,"turns":2},{"damage":2,"enemies":"2 Louse","floor":3,"turns":3},{"damage":0,"enemies":"Small Slimes","floor":4,"turns":2},{"damage":18,"enemies":"Gremlin Gang","floor":5,"turns":4},{"damage":18,"enemies":"Blue Slaver","floor":8,"turns":2},{"damage":0,"enemies":"Large Slime","floor":11,"turns":4},{"damage":15,"enemies":"Lots of Slimes","floor":13,"turns":2},{"damage":7,"enemies":"Looter","floor":14,"turns":2},{"damage":40,"enemies":"The Guardian","floor":16,"turns":7},{"damage":5,"enemies":"Chosen","floor":18,"turns":4},{"damage":57,"enemies":"Shell Parasite","floor":21,"turns":5},{"damage":30,"enemies":"Cultist and Chosen","floor":22,"turns":7},{"damage":16,"enemies":"Snake Plant","floor":28,"turns":3},{"damage":34,"enemies":"Sentry and Sphere","floor":30,"turns":3}],"seed_played":"2142987882849471382","potions_obtained":[{"floor":4,"key":"LiquidBronze"},{"floor":5,"key":"BlessingOfTheForge"},{"floor":8,"key":"Block Potion"},{"floor":13,"key":"SteroidPotion"},{"floor":16,"key":"FairyPotion"},{"floor":21,"key":"EssenceOfSteel"},{"floor":22,"key":"FearPotion"}],"is_trial":false,"path_per_floor":["M","$","M","M","M","R","$","M","T","R","M","R","M","M","R","B",null,"M","?","?","M","M","R","AVR","R","T","R","M","$","M"],"character_chosen":"WATCHER","items_purchased":["PathToVictory","FlurryOfBlows","WaveOfTheHand","Consecrate","LessonLearned","PowerPotion"],"campfire_rested":4,"item_purchase_floors":[2,2,7,7,29,29],"current_hp_per_floor":[72,72,70,70,52,52,52,34,34,55,55,55,40,33,54,14,72,67,67,67,10,6,27,27,48,48,48,34,34,0,0],"gold":32,"neow_bonus":"HUNDRED_GOLD","is_daily":false,"chose_seed":false,"campfire_upgraded":3,"win_rate":0.0,"timestamp":1608143014,"path_taken":["M","$","M","?","M","R","$","M","T","R","M","R","M","M","R","BOSS","M","?","?","M","?","R","AVR","R","T","R","M","$","M"],"items_purchased_type":["Card","Card","Card","Card","Card","Potion"],"build_version":"2020-12-13","purchased_purges":1,"victory":false,"max_hp_per_floor":[72,72,72,72,72,72,72,72,72,72,72,72,72,72,72,72,72,72,72,72,72,72,72,72,72,72,72,74,74,74,74],"card_choices":[{"not_picked":["SashWhip","Vengeance"],"picked":"Crescendo","floor":1},{"not_picked":["Evaluate","Nirvana"],"picked":"FlyingSleeves","floor":3},{"not_picked":["Crescendo","CrushJoints"],"picked":"Evaluate","floor":4},{"not_picked":["Evaluate","Prostrate"],"picked":"FollowUp","floor":5},{"not_picked":["CutThroughFate","EmptyBody"],"picked":"Halt","floor":8},{"not_picked":["EmptyFist","Worship"],"picked":"ReachHeaven","floor":11},{"not_picked":["WreathOfFlame","Crescendo"],"picked":"PathToVictory","floor":13},{"not_picked":["Worship","FearNoEvil"],"picked":"LikeWater","floor":14},{"not_picked":["MasterReality","Omniscience"],"picked":"Judgement","floor":16},{"not_picked":["Meditate","JustLucky"],"picked":"FlyingSleeves","floor":18},{"not_picked":["Crescendo","Protect"],"picked":"WaveOfTheHand","floor":21},{"not_picked":["WheelKick","Evaluate"],"picked":"Protect","floor":22},{"not_picked":["Weave","BattleHymn+1","Consecrate"],"picked":"Singing Bowl","floor":28}],"player_experience":863261,"relics_obtained":[{"floor":9,"key":"Letter Opener"},{"floor":17,"key":"Pen Nib"},{"floor":17,"key":"Singing Bowl"},{"floor":17,"key":"Turnip"},{"floor":26,"key":"infinitespire:CheckeredPen"}],"event_choices":[{"damage_healed":0,"gold_gain":0,"player_choice":"Read","damage_taken":0,"max_hp_gain":0,"max_hp_loss":0,"event_name":"The Library","floor":19,"gold_loss":0,"cards_obtained":["Adaptation"]},{"damage_healed":0,"gold_gain":0,"player_choice":"Copied","damage_taken":0,"max_hp_gain":0,"max_hp_loss":0,"event_name":"Duplicator","floor":20,"gold_loss":0,"cards_obtained":["Judgement"]}],"is_beta":false,"boss_relics":[{"not_picked":["Snecko Eye","Velvet Choker"],"picked":"Calling Bell"}],"items_purged_floors":[2],"is_endless":false,"potions_floor_spawned":[4,5,8,13,16,21,22],"killed_by":"Sentry and Sphere","ascension_level":0}}