{"host":"69rply1jf2d1wbmp","time":1608097764,"event":{"mods":["BaseMod","Minty Spire (QoL Compilation)","Quick Restart"],"gold_per_floor":[112,112,112,122,140,168,168,201,248,248,283,36,36,52,52,155,155,167,182,197,412,425,425,441,441,521,85,85,85],"floor_reached":28,"playtime":918,"items_purged":["Strike_B"],"score":238,"play_id":"7a6afb5a-25e9-422c-a794-024d898fd902","local_time":"20201216004924","is_ascension_mode":false,"campfire_choices":[{"floor":7,"key":"REST"},{"floor":10,"key":"REST"},{"floor":13,"key":"REST"},{"floor":15,"key":"REST"},{"floor":23,"key":"REST"},{"floor":25,"key":"REST"}],"circlet_count":0,"master_deck":["Strike_B","Strike_B","Strike_B+1","Defend_B","Defend_B","Defend_B+1","Zap","Dualcast","Metamorphosis","Ball Lightning","Barrage","Conserve Battery","Capacitor","Leap","Static Discharge","Sweeping Beam","Lockon","Core Surge","Machine Learning","Streamline","Capacitor","Cold Snap","Melter"],"relics":["Cracked Core","Blue Candle","PreservedInsect","Bottled Flame","Black Star","Old Coin","Bottled Tornado","CaptainsWheel"],"acts_visited":["Exordium","TheCity"],"potions_floor_usage":[24,28,28],"damage_taken":[{"damage":1,"enemies":"2 Louse","floor":1,"turns":2},{"damage":0,"enemies":"Small Slimes","floor":4,"turns":2},{"damage":0,"enemies":"Cultist","floor":5,"turns":3},{"damage":26,"enemies":"3 Sentries","floor":6,"turns":6},{"damage":13,"enemies":"Lagavulin","floor":8,"turns":5},{"damage":16,"enemies":"Gremlin Nob","floor":11,"turns":3},{"damage":15,"enemies":"Exordium Thugs","floor":14,"turns":5},{"damage":33,"enemies":"Slime Boss","floor":16,"turns":6},{"damage":10,"enemies":"3 Byrds","floor":18,"turns":4},{"damage":21,"enemies":"Shell Parasite","floor":19,"turns":4},{"damage":0,"enemies":"Centurion and Healer","floor":20,"turns":5},{"damage":30,"enemies":"Snake Plant","floor":22,"turns":5},{"damage":23,"enemies":"Snecko","floor":24,"turns":5},{"damage":33,"enemies":"Gremlin Leader","floor":28,"turns":5}],"seed_played":"8235821478766021242","potions_obtained":[{"floor":5,"key":"GamblersBrew"},{"floor":14,"key":"CultistPotion"},{"floor":16,"key":"PotionOfCapacity"},{"floor":19,"key":"Weak Potion"}],"is_trial":false,"path_per_floor":["M","?","?","M","M","E","R","E","T","R","E","$","R","M","R","B",null,"M","M","M","?","M","R","M","R","T","$","E"],"character_chosen":"DEFECT","items_purchased":["Static Discharge","Sweeping Beam","Lockon","CaptainsWheel","Block Potion","Melter"],"campfire_rested":6,"item_purchase_floors":[12,12,12,27,27,27],"current_hp_per_floor":[67,53,53,53,53,27,47,34,34,54,38,38,58,43,63,30,68,58,37,37,37,7,27,4,24,24,24,0,0],"gold":85,"neow_bonus":"RANDOM_COLORLESS_2","is_daily":false,"chose_seed":false,"campfire_upgraded":0,"win_rate":0.0,"timestamp":1608097764,"path_taken":["M","?","?","?","M","E","R","E","T","R","E","?","R","M","R","BOSS","M","M","?","?","M","R","M","R","T","$","E"],"items_purchased_type":["Card","Card","Card","Relic","Potion","Card"],"build_version":"2020-12-13","purchased_purges":1,"victory":false,"max_hp_per_floor":[68,68,68,68,68,68,68,68,68,68,68,68,68,68,68,68,68,68,68,68,68,68,68,68,68,68,68,68,68],"card_choices":[{"not_picked":["Sadistic Nature","The Bomb"],"picked":"Metamorphosis","floor":0},{"not_picked":["Coolheaded","Storm","Stack"],"picked":"SKIP","floor":1},{"not_picked":["Turbo","Rebound"],"picked":"Ball Lightning","floor":4},{"not_picked":["Compile Driver","Coolheaded"],"picked":"Barrage","floor":5},{"not_picked":["FTL","Force Field"],"picked":"Conserve Battery","floor":6},{"not_picked":["Rebound","Blizzard"],"picked":"Capacitor","floor":8},{"not_picked":["Leap","Cold Snap","Coolheaded"],"picked":"SKIP","floor":11},{"not_picked":["Cold Snap","Coolheaded"],"picked":"Leap","floor":11},{"not_picked":["Doom and Gloom","Recycle"],"picked":"Core Surge","floor":14},{"not_picked":["Seek","Reboot"],"picked":"Machine Learning","floor":16},{"not_picked":["Cold Snap","Gash"],"picked":"Streamline","floor":18},{"not_picked":["Beam Cell","Streamline","Turbo+1"],"picked":"SKIP","floor":19},{"not_picked":["Heatsinks","Fission"],"picked":"Capacitor","floor":20},{"not_picked":["Undo","Hologram+1","Darkness"],"picked":"SKIP","floor":22},{"not_picked":["Sweeping Beam","Gash"],"picked":"Cold Snap","floor":24}],"player_experience":345647,"relics_obtained":[{"floor":6,"key":"Blue Candle"},{"floor":8,"key":"PreservedInsect"},{"floor":11,"key":"Bottled Flame"},{"floor":26,"key":"Bottled Tornado"}],"event_choices":[{"damage_healed":0,"gold_gain":0,"player_choice":"Entered Light","damage_taken":14,"max_hp_gain":0,"max_hp_loss":0,"event_name":"Shining Light","floor":2,"gold_loss":0,"cards_upgraded":["Strike_B","Defend_B"]},{"cards_removed":["Defend_B"],"damage_healed":0,"gold_gain":0,"player_choice":"Offered Basic","damage_taken":0,"max_hp_gain":0,"max_hp_loss":0,"event_name":"Bonfire Elementals","floor":3,"gold_loss":0},{"damage_healed":0,"gold_gain":0,"player_choice":"Obtained Relic","damage_taken":0,"relics_obtained":["Old Coin"],"max_hp_gain":0,"max_hp_loss":0,"event_name":"Addict","floor":21,"gold_loss":85}],"is_beta":false,"boss_relics":[{"not_picked":["Runic Pyramid","Snecko Eye"],"picked":"Black Star"}],"items_purged_floors":[12],"is_endless":false,"potions_floor_spawned":[5,14,16,19],"killed_by":"Gremlin Leader","ascension_level":0}}