{"host":"m1ntkrf87179kmo6","time":1608158377,"event":{"mods":["BaseMod","Better Third Choice","Minty Spire (QoL Compilation)","Shade Mod","StSLib"],"gold_per_floor":[110,110,130,146,165,165,165,165,165,133,164,164,183,197,197,299,299,317,417,400,147,147,147,164,179,179,193,193,206,217,217,217,312,312,328,340,300,318,338,338,372,372,451,471,471,471,471,486,486,486,486],"floor_reached":50,"playtime":4814,"items_purged":[],"score":503,"play_id":"e5af1c55-8334-41a0-a649-cad22b0177eb","local_time":"20201216173937","is_ascension_mode":false,"campfire_choices":[{"floor":6.0,"key":"RECALL"},{"data":"Shade:Defend_Shade","floor":8.0,"key":"SMITH"},{"floor":15.0,"key":"REST"},{"data":"Shade:ClawBack","floor":23.0,"key":"SMITH"},{"data":"Shade:ScuttlingHand","floor":28.0,"key":"SMITH"},{"floor":32.0,"key":"REST"},{"floor":40,"key":"REST"},{"floor":42,"key":"REST"},{"floor":45,"key":"REST"},{"data":"Shade:GreyBargain","floor":47,"key":"SMITH"},{"floor":49,"key":"REST"}],"circlet_count":0,"master_deck":["Shade:Strike_Shade","Shade:Strike_Shade","Shade:Strike_Shade","Shade:Strike_Shade","Shade:Defend_Shade","Shade:Defend_Shade","Shade:Defend_Shade","Shade:Defend_Shade+1","Shade:AnimateDead+1","Shade:CarefulCut","Shade:ScuttlingHand+1","Shade:ClawBack+1","Shade:SensePrey","Shade:Bite_Shade+1","Shade:AncientSpear+1","Shade:Bite_Shade+1","Shade:Bite_Shade+1","Shade:TouchOfTheGrave+1","Shade:GreyBargain+1","Shade:Tombstone+1","Shade:Brains+1"],"relics":["Shade:YorickSkull","MealTicket","Question Card","Molten Egg 2","betterThird:SlimedRelic","StoneCalendar","Black Star","Mercury Hourglass","MutagenicStrength","Pear","SlaversCollar","Bag of Preparation","Shade:Thing"],"acts_visited":["Exordium","TheCity","TheBeyond"],"potions_floor_usage":[38,39,50],"damage_taken":[{"damage":0.0,"enemies":"Small Slimes","floor":1.0,"turns":3.0},{"damage":0.0,"enemies":"Cultist","floor":3.0,"turns":3.0},{"damage":0.0,"enemies":"2 Louse","floor":4.0,"turns":2.0},{"damage":4.0,"enemies":"Lots of Slimes","floor":5.0,"turns":2.0},{"damage":31.0,"enemies":"Gremlin Nob","floor":11.0,"turns":6.0},{"damage":0.0,"enemies":"Red Slaver","floor":13.0,"turns":4.0},{"damage":0.0,"enemies":"Looter","floor":14.0,"turns":3.0},{"damage":12.0,"enemies":"The Guardian","floor":16.0,"turns":11.0},{"damage":0.0,"enemies":"Shell Parasite","floor":18.0,"turns":7.0},{"damage":11.0,"enemies":"2 Thieves","floor":20.0,"turns":4.0},{"damage":16.0,"enemies":"Cultist and Chosen","floor":24.0,"turns":7.0},{"damage":0.0,"enemies":"3 Cultists","floor":25.0,"turns":3.0},{"damage":7.0,"enemies":"Shelled Parasite and Fungi","floor":27.0,"turns":4.0},{"damage":10.0,"enemies":"Snake Plant","floor":29.0,"turns":2.0},{"damage":20.0,"enemies":"Sentry and Sphere","floor":30.0,"turns":4.0},{"damage":48,"enemies":"Collector","floor":33,"turns":10},{"damage":3,"enemies":"Orb Walker","floor":35,"turns":3},{"damage":14,"enemies":"3 Darklings","floor":36,"turns":5},{"damage":33,"enemies":"Transient","floor":38,"turns":5},{"damage":5,"enemies":"Jaw Worm Horde","floor":39,"turns":5},{"damage":81,"enemies":"Nemesis","floor":41,"turns":7},{"damage":0,"enemies":"Sphere and 2 Shapes","floor":44,"turns":3},{"damage":61,"enemies":"Writhing Mass","floor":48,"turns":7},{"damage":44,"enemies":"Time Eater","floor":50,"turns":8}],"seed_played":"-5538083778849485895","potions_obtained":[{"floor":4.0,"key":"Explosive Potion"},{"floor":11.0,"key":"LiquidMemories"},{"floor":13.0,"key":"SteroidPotion"},{"floor":14.0,"key":"BlessingOfTheForge"},{"floor":24.0,"key":"Fire Potion"},{"floor":27.0,"key":"Strength Potion"},{"floor":30.0,"key":"Fruit Juice"},{"floor":36,"key":"FearPotion"},{"floor":38,"key":"Dexterity Potion"},{"floor":41,"key":"GamblersBrew"}],"is_trial":false,"path_per_floor":["M","?","M","M","M","R","T","R","T","?","E","?","M","M","R","B",null,"M","?","M","$","?","R","M","M","T","M","R","M","M","?","R","B",null,"M","M","?","M","M","R","E","R","T","M","R","?","R","M","R","B"],"character_chosen":"SHADE","items_purchased":["Mercury Hourglass"],"campfire_rested":6,"item_purchase_floors":[21],"current_hp_per_floor":[65,65,65,65,61,61,61,61,61,50,19,19,19,19,38,26,65,65,65,54,65,65,65,49,52,62,61,61,57,48,48,72,54,80,80,78,78,47,51,75,9,33,33,39,63,63,63,8,32,0,0],"gold":486,"neow_bonus":"RANDOM_COMMON_RELIC","is_daily":false,"chose_seed":false,"campfire_upgraded":4,"win_rate":0.0,"timestamp":1608158377,"path_taken":["M","?","?","?","M","R","?","R","T","?","E","?","M","M","R","BOSS","M","?","?","$","?","R","M","M","T","M","R","M","M","?","R","BOSS","M","M","?","?","M","R","E","R","T","M","R","?","R","M","R","BOSS"],"items_purchased_type":["Relic"],"build_version":"2020-12-13","purchased_purges":0,"victory":false,"max_hp_per_floor":[65,65,65,65,65,65,65,65,65,65,65,65,65,65,65,65,65,65,65,65,65,65,65,65,65,75,75,75,75,80,80,80,80,80,80,80,80,80,80,80,80,80,80,80,80,80,80,80,80,80,80],"card_choices":[{"not_picked":["Shade:Premonition","Shade:BoneShards","Shade:Carnophage"],"picked":"SKIP","floor":1.0},{"not_picked":["Shade:PotionOfRestlessness","Shade:CommandSoldier"],"picked":"Shade:ScuttlingHand","floor":3.0},{"not_picked":["Shade:Bonestorm","Shade:SensePrey"],"picked":"Shade:ClawBack","floor":4.0},{"not_picked":["Shade:GraveStillness","Shade:GoDigging","Shade:FingerOfDeath"],"picked":"SKIP","floor":5.0},{"not_picked":["Shade:Consume+1","Shade:BoneShards+1","Shade:Brains","Shade:PoundOfFlesh+1"],"picked":"SKIP","floor":11.0},{"not_picked":["Shade:FingerOfDeath+1","Shade:Awaken","Shade:FreshBones","Shade:Bonestorm+1"],"picked":"SKIP","floor":13.0},{"not_picked":["Shade:PressTheAttack+1","Shade:GraveStillness","Shade:SoulToxin"],"picked":"Shade:SensePrey","floor":14.0},{"not_picked":["Shade:Frenzy+1","Shade:Bonestorm+1","Shade:CallOfTheGrave","Shade:BoneShards+1"],"picked":"SKIP","floor":18.0},{"not_picked":["Shade:SkeletonHug+1","Shade:GreyBargain","Shade:GraveStillness"],"picked":"Shade:Bite_Shade+1","floor":20.0},{"not_picked":["Shade:Brains+1","Shade:Bonestorm+1","Shade:Trample+1"],"picked":"Shade:AncientSpear+1","floor":24.0},{"not_picked":["Shade:Bonestorm+1","Shade:BoneShards+1","Shade:DarkOfNight","Shade:CommandSoldier"],"picked":"SKIP","floor":25.0},{"not_picked":["Shade:FleshToFlesh","Shade:BoneShards+1","Shade:ClawBack+1"],"picked":"Shade:Bite_Shade+1","floor":27.0},{"not_picked":["Shade:WallOfFlesh","Shade:Bonestorm+1","Shade:CommandSoldier+1","Shade:CallOfTheGrave"],"picked":"SKIP","floor":29.0},{"not_picked":["Shade:PressTheAttack+1","Shade:Awaken","Shade:SensePrey"],"picked":"Shade:Bite_Shade+1","floor":30.0},{"not_picked":["Shade:Trample+1","Shade:FreshBones+1","Shade:FingerOfDeath+1"],"picked":"Shade:TouchOfTheGrave","floor":35},{"not_picked":["Shade:PoundOfFlesh+1","Shade:PotionOfRestlessness","Shade:Bonestorm+1"],"picked":"Shade:FuneraryJewels+1","floor":36},{"not_picked":["Shade:SkeletonHug+1","Shade:Excise","Shade:CommandSoldier+1","Shade:FeralStrike+1"],"picked":"SKIP","floor":38},{"not_picked":["Shade:FleshLikeOak+1","Shade:Carnophage","Shade:Brains+1"],"picked":"Shade:GreyBargain","floor":39},{"not_picked":["Shade:Frenzy","Shade:DangerousRitual+1","Shade:GreyBargain"],"picked":"Shade:Tombstone+1","floor":41},{"not_picked":["Shade:SkeletonHug+1","Shade:AncientSpear+1","Shade:SoulToxin","Shade:Brains"],"picked":"SKIP","floor":44},{"not_picked":["Shade:ClawBack+1","Shade:MadHubris","Shade:DangerousRitual+1"],"picked":"Shade:Brains+1","floor":48}],"player_experience":1023154,"relics_obtained":[{"floor":7.0,"key":"Question Card"},{"floor":9.0,"key":"Molten Egg 2"},{"floor":11.0,"key":"StoneCalendar"},{"floor":26.0,"key":"Pear"},{"floor":41,"key":"Bag of Preparation"},{"floor":41,"key":"Shade:Thing"}],"event_choices":[{"damage_healed":0.0,"max_hp_gain":0.0,"max_hp_loss":0.0,"gold_gain":0.0,"event_name":"Upgrade Shrine","player_choice":"Upgraded","floor":2.0,"gold_loss":0.0,"damage_taken":0.0,"cards_upgraded":["Shade:AnimateDead"]},{"damage_healed":0.0,"max_hp_gain":0.0,"max_hp_loss":0.0,"gold_gain":0.0,"event_name":"betterThird:BetterGoop","player_choice":"Slimed","floor":10.0,"gold_loss":32.0,"damage_taken":11.0},{"damage_healed":0.0,"max_hp_gain":0.0,"max_hp_loss":0.0,"gold_gain":0.0,"event_name":"betterThird:BetterScrap","player_choice":"LEAVE","floor":12.0,"gold_loss":0.0,"damage_taken":0.0,"cards_obtained":["Power Through"]},{"damage_healed":0.0,"max_hp_gain":0.0,"max_hp_loss":0.0,"gold_gain":100.0,"event_name":"Golden Shrine","player_choice":"Pray","floor":19.0,"gold_loss":0.0,"damage_taken":0.0},{"damage_healed":0.0,"max_hp_gain":0.0,"max_hp_loss":0.0,"gold_gain":0.0,"event_name":"Drug Dealer","player_choice":"Inject Mutagens","floor":22.0,"gold_loss":0.0,"damage_taken":0.0,"relics_obtained":["MutagenicStrength"]},{"damage_healed":0.0,"max_hp_gain":0.0,"max_hp_loss":0.0,"gold_gain":0.0,"event_name":"Ghosts","player_choice":"Ignored","floor":31.0,"gold_loss":0.0,"damage_taken":0.0},{"damage_healed":0,"gold_gain":0,"player_choice":"Upgrade","damage_taken":0,"max_hp_gain":0,"max_hp_loss":0,"event_name":"Designer","floor":37,"gold_loss":40,"cards_upgraded":["Shade:TouchOfTheGrave"]},{"cards_removed":["Shade:FuneraryJewels"],"damage_healed":0,"gold_gain":0,"player_choice":"Removed Skill","damage_taken":0,"max_hp_gain":0,"max_hp_loss":0,"event_name":"Falling","floor":46,"gold_loss":0}],"is_beta":false,"boss_relics":[{"not_picked":["Fusion Hammer","Tiny House"],"picked":"Black Star"},{"not_picked":["Pandora\u0027s Box","Velvet Choker"],"picked":"SlaversCollar"}],"items_purged_floors":[],"is_endless":false,"potions_floor_spawned":[4,11,13,14,24,27,30,36,38,41],"killed_by":"Time Eater","ascension_level":0}}