{"host":"dojadh45vvs5q3bn","time":1608124484,"event":{"mods":["Abigail Mod","Act Like it!","BaseMod","Colored Powertips","Friendly Minions","Gensokyo","GungeonMod","Minty Spire (QoL Compilation)","Prisma Mod","StSLib","The Alterego","The Animator","The Senshi"],"gold_per_floor":[110,29,29,29,29,54,54,79,102,116,116,129,140,167,167,167,167],"floor_reached":16,"playtime":694,"items_purged":[],"score":124,"play_id":"33fb7ed6-e696-4b2a-b995-3d196c0e848c","local_time":"20201216141444","is_ascension_mode":true,"campfire_choices":[{"floor":11,"key":"REST"},{"data":"alterego_mod:BrynhildrsRune","floor":15,"key":"SMITH"}],"circlet_count":0,"master_deck":["alterego_mod:Strike","alterego_mod:Strike","alterego_mod:Strike","alterego_mod:Strike","alterego_mod:Defend","alterego_mod:Defend","alterego_mod:Defend","alterego_mod:Defend","alterego_mod:Impale","alterego_mod:BigMeatyClaws","alterego_mod:BrynhildrsRune+1","alterego_mod:ChallengeComplete","alterego_mod:Belts+1","alterego_mod:Rake","alterego_mod:BiFurious","alterego_mod:Birthday","alterego_mod:Undulate","alterego_mod:Cooking"],"relics":["alterego_mod:MasochisticConstitution","MealTicket","InkBottle","Omamori","PreservedInsect","Tiny Chest"],"acts_visited":["Exordium"],"potions_floor_usage":[6,14],"damage_taken":[{"damage":12,"enemies":"Small Slimes","floor":1,"turns":7},{"damage":33,"enemies":"3 Sentries","floor":6,"turns":13},{"damage":2,"enemies":"Jaw Worm","floor":10,"turns":8},{"damage":0,"enemies":"2 Louse","floor":12,"turns":4},{"damage":0,"enemies":"2 Fungi Beasts","floor":13,"turns":6},{"damage":1,"enemies":"Lagavulin","floor":14,"turns":4},{"damage":60,"enemies":"Slime Boss","floor":16,"turns":14}],"seed_played":"50731325244942286","potions_obtained":[{"floor":1,"key":"ColorlessPotion"},{"floor":10,"key":"DuplicationPotion"},{"floor":14,"key":"SpeedPotion"}],"is_trial":false,"path_per_floor":["M","$","?","?","?","E","?","T","T","M","R","M","M","E","R","B"],"character_chosen":"The_Alterego","items_purchased":["alterego_mod:Belts"],"campfire_rested":1,"item_purchase_floors":[2],"current_hp_per_floor":[78,78,45,45,45,13,13,13,13,19,43,50,52,54,54,0,0],"gold":167,"neow_bonus":"TEN_PERCENT_HP_BONUS","is_daily":false,"chose_seed":false,"campfire_upgraded":1,"win_rate":0.0,"timestamp":1608124484,"path_taken":["M","$","?","?","?","E","?","?","T","M","R","M","M","E","R","BOSS"],"items_purchased_type":["Card"],"build_version":"2020-12-13","purchased_purges":0,"victory":false,"max_hp_per_floor":[78,78,78,78,78,79,79,79,79,80,80,80,80,81,81,81,81],"card_choices":[{"not_picked":["alterego_mod:DeftHands","alterego_mod:SakuraPetals"],"picked":"alterego_mod:ChallengeComplete","floor":1},{"not_picked":["alterego_mod:Smother","alterego_mod:Santa"],"picked":"alterego_mod:Rake","floor":6},{"not_picked":["alterego_mod:MagicResistance","alterego_mod:SakuraFive"],"picked":"alterego_mod:BiFurious","floor":10},{"not_picked":["alterego_mod:Cooking","alterego_mod:Rip"],"picked":"alterego_mod:Birthday","floor":12},{"not_picked":["alterego_mod:Punishment","alterego_mod:Belts"],"picked":"alterego_mod:Undulate","floor":13},{"not_picked":["alterego_mod:Crossover","alterego_mod:DestructionOfProperty"],"picked":"alterego_mod:Cooking","floor":14}],"player_experience":450190,"relics_obtained":[{"floor":6,"key":"InkBottle"},{"floor":8,"key":"Omamori"},{"floor":9,"key":"PreservedInsect"},{"floor":14,"key":"Tiny Chest"}],"event_choices":[{"damage_healed":0,"gold_gain":0,"player_choice":"Success","damage_taken":33,"relics_obtained":["MealTicket"],"max_hp_gain":0,"max_hp_loss":0,"event_name":"Scrap Ooze","floor":3,"gold_loss":0},{"damage_healed":0,"gold_gain":0,"player_choice":"Ignored","damage_taken":0,"max_hp_gain":0,"max_hp_loss":0,"event_name":"Liars Game","floor":4,"gold_loss":0},{"damage_healed":0,"gold_gain":0,"player_choice":"Ignored","damage_taken":0,"max_hp_gain":0,"max_hp_loss":0,"event_name":"Golden Wing","floor":5,"gold_loss":0},{"damage_healed":0,"gold_gain":0,"player_choice":"Grow","damage_taken":0,"max_hp_gain":0,"max_hp_loss":0,"event_name":"Living Wall","floor":7,"gold_loss":0,"cards_upgraded":["alterego_mod:Belts"]}],"is_beta":false,"boss_relics":[],"items_purged_floors":[],"is_endless":false,"potions_floor_spawned":[1,10,14],"killed_by":"Slime Boss","ascension_level":3}}