{"host":"qzblds3hycbe0oxf","time":1608128835,"event":{"mods":["2.2 Compatiblity","AchievementEnabler","BaseMod","Colored Map","DeckTracker","Highlight Path","Minty Spire (QoL Compilation)","Random Character Button","Rare Cards Sparkle"],"gold_per_floor":[110,121,121,46,59,98,128,128,128],"floor_reached":8,"playtime":414,"items_purged":["Injury"],"score":64,"play_id":"a36b6ffa-2615-4e30-b420-c6bd2d33d88f","local_time":"20201216152715","is_ascension_mode":true,"campfire_choices":[],"circlet_count":0,"master_deck":["Strike_R","Strike_R","Strike_R","Strike_R","Strike_R","Defend_R","Defend_R","Defend_R","Defend_R","Bash","Jack Of All Trades","Flame Barrier","Flex","Fire Breathing","Juggernaut"],"relics":["Burning Blood","Golden Idol","Shuriken","Strawberry"],"acts_visited":["Exordium"],"potions_floor_usage":[6,8],"damage_taken":[{"damage":10,"enemies":"2 Louse","floor":1,"turns":3},{"damage":3,"enemies":"Small Slimes","floor":2,"turns":5},{"damage":9,"enemies":"Jaw Worm","floor":5,"turns":4},{"damage":60,"enemies":"Lagavulin","floor":6,"turns":9},{"damage":15,"enemies":"Gremlin Nob","floor":8,"turns":3}],"seed_played":"1862652457343805150","potions_obtained":[{"floor":1,"key":"Regen Potion"},{"floor":5,"key":"Swift Potion"}],"is_trial":false,"path_per_floor":["M","M","?","$","M","E","?","E"],"character_chosen":"IRONCLAD","items_purchased":[],"campfire_rested":0,"item_purchase_floors":[],"current_hp_per_floor":[76,79,79,79,76,22,29,23,23],"gold":128,"neow_bonus":"RANDOM_COLORLESS","is_daily":false,"chose_seed":false,"campfire_upgraded":0,"win_rate":0.0,"timestamp":1608128835,"path_taken":["M","M","?","$","M","E","?","E"],"items_purchased_type":[],"build_version":"2020-12-13","purchased_purges":1,"victory":false,"max_hp_per_floor":[80,80,80,80,80,80,87,87,87],"card_choices":[{"not_picked":["Finesse","Blind"],"picked":"Jack Of All Trades","floor":0},{"not_picked":["Armaments","Fire Breathing"],"picked":"Flame Barrier","floor":1},{"not_picked":["Metallicize","Power Through"],"picked":"Flex","floor":2},{"not_picked":["Flex","Clash"],"picked":"Fire Breathing","floor":5},{"not_picked":["True Grit","Entrench"],"picked":"Juggernaut","floor":6}],"player_experience":160859,"relics_obtained":[{"floor":6,"key":"Shuriken"}],"event_choices":[{"damage_healed":0,"gold_gain":0,"player_choice":"Take Wound","damage_taken":0,"relics_obtained":["Golden Idol"],"max_hp_gain":0,"max_hp_loss":0,"event_name":"Golden Idol","floor":3,"gold_loss":0,"cards_obtained":["Injury"]},{"damage_healed":0,"gold_gain":30,"player_choice":"Searched \u00272\u0027 times","damage_taken":0,"relics_obtained":["Strawberry"],"max_hp_gain":0,"max_hp_loss":0,"event_name":"Dead Adventurer","floor":7,"gold_loss":0}],"is_beta":false,"boss_relics":[],"items_purged_floors":[4],"is_endless":false,"potions_floor_spawned":[1,5],"killed_by":"Gremlin Nob","ascension_level":3}}