{"host":"aplcfi4424y88z9j","time":1608136348,"event":{"mods":["BaseMod","Better Third Choice","Colored Map","Downfall","Highlight Path","Minty Spire (QoL Compilation)","Replay The Spire","StSLib"],"gold_per_floor":[99,118,118,134,148,183,183,218,238,268,279,279,379,392,410,507,607,532,570,570,604,604,633,633,633,648,648,633,651,651,479,491,588,588,438,768,778,790,806,820,820,820,861,887,732,777,789,802,816,816,816,844,551,551,551],"floor_reached":56,"playtime":6172,"items_purged":["champ:Strike"],"score":1291,"play_id":"4da9fc7e-08b8-4229-9a75-77e8d521a2aa","local_time":"20201216163228","is_ascension_mode":false,"campfire_choices":[{"data":"champ:ArenaPreparation","floor":18.0,"key":"SMITH"},{"floor":20.0,"key":"RECALL"},{"data":"champ:TornadoPunch","floor":27.0,"key":"SMITH"},{"data":"champ:Taunt","floor":35.0,"key":"SMITH"},{"data":"champ:DefensiveStyle","floor":54,"key":"SMITH"}],"circlet_count":0,"master_deck":["champ:Strike","champ:Strike","champ:Defend","champ:Defend","champ:Defend","champ:Defend","champ:Execute","champ:Taunt+1","champ:ShieldThrow","champ:ArenaPreparation+1","champ:StanceDance","champ:BringItOn","champ:DefensiveStyle+1","champ:TornadoPunch+1","champ:DefensiveShout","champ:RisingSlash","champ:ShieldSlam","champ:ShieldThrow","champ:SkillfulDodge+1","champ:DefensiveShout","champ:DefensiveStyle+1","champ:DefensiveShout+1","champ:Circumvent","champ:IgnorePain+1","champ:CheapShot+1","champ:DefensiveStyle+1","champ:HoldFirm+1"],"relics":["champ:ChampionCrown","Orichalcum","Turnip","Mango","Pantograph","Ice Cream","Replay:Wanted Poster","downfall:HeartBlessingGreen","Frozen Egg 2","Pear","Durian","ReplayTheSpireMod:Ring of Collecting","PreservedInsect","ChewingGum","downfall:HeartBlessingRed","downfall:HeartBlessingBlue","ReplayTheSpireMod:Ring of Challenge","Golden Egg","Kunai","Bird Faced Urn","TungstenRod","Vajra"],"acts_visited":["Exordium","TheCity","TheBeyond","TheEnding"],"potions_floor_usage":[43,46],"damage_taken":[{"damage":6.0,"enemies":"Jaw Worm","floor":2.0,"turns":4.0},{"damage":10.0,"enemies":"Cultist","floor":4.0,"turns":3.0},{"damage":0.0,"enemies":"2 Louse","floor":5.0,"turns":2.0},{"damage":26.0,"enemies":"3 Sentries","floor":6.0,"turns":10.0},{"damage":7.0,"enemies":"Gremlin Nob","floor":8.0,"turns":4.0},{"damage":14.0,"enemies":"Large Slime","floor":9.0,"turns":6.0},{"damage":14.0,"enemies":"Replay:BlueRogue","floor":10.0,"turns":6.0},{"damage":22.0,"enemies":"Red Slaver","floor":11.0,"turns":3.0},{"damage":5.0,"enemies":"2 Fungi Beasts","floor":14.0,"turns":3.0},{"damage":13.0,"enemies":"Exordium Wildlife","floor":15.0,"turns":3.0},{"damage":15.0,"enemies":"downfall:Ironclad","floor":16.0,"turns":7.0},{"damage":10.0,"enemies":"Book of Stabbing","floor":21.0,"turns":5.0},{"damage":0.0,"enemies":"Chosen","floor":22.0,"turns":1.0},{"damage":19.0,"enemies":"Slavers","floor":23.0,"turns":3.0},{"damage":5.0,"enemies":"3 Cultists","floor":26.0,"turns":4.0},{"damage":10.0,"enemies":"downfall:FleeingMerchant","floor":28.0,"turns":4.0},{"damage":5.0,"enemies":"Centurion and Healer","floor":29.0,"turns":4.0},{"damage":16.0,"enemies":"downfall:FleeingMerchant","floor":31.0,"turns":4.0},{"damage":10.0,"enemies":"Shelled Parasite and Fungi","floor":32.0,"turns":2.0},{"damage":59.0,"enemies":"downfall:Silent","floor":33.0,"turns":8.0},{"damage":20.0,"enemies":"downfall:FleeingMerchant","floor":36.0,"turns":4.0},{"damage":15.0,"enemies":"3 Shapes","floor":37.0,"turns":4.0},{"damage":20.0,"enemies":"3 Darklings","floor":38.0,"turns":5.0},{"damage":23.0,"enemies":"Writhing Mass","floor":39.0,"turns":5.0},{"damage":23.0,"enemies":"Transient","floor":40.0,"turns":5.0},{"damage":57,"enemies":"4 Shapes","floor":43,"turns":10},{"damage":23,"enemies":"Reptomancer","floor":44,"turns":4},{"damage":20,"enemies":"2 Orb Walkers","floor":46,"turns":3},{"damage":0,"enemies":"Jaw Worm Horde","floor":47,"turns":3},{"damage":0,"enemies":"3 Darklings","floor":48,"turns":4},{"damage":8,"enemies":"Writhing Mass","floor":49,"turns":4},{"damage":6,"enemies":"downfall:Defect","floor":50,"turns":6},{"damage":19,"enemies":"downfall:CharBossMerchant","floor":52,"turns":6},{"damage":78,"enemies":"downfall:NeowBoss","floor":55,"turns":36}],"seed_played":"5066417835605797593","potions_obtained":[{"floor":2.0,"key":"BlessingOfTheForge"},{"floor":11.0,"key":"sneckomod:MuddlingPotion"},{"floor":14.0,"key":"hexamod:EctoCoolerPotion"},{"floor":15.0,"key":"Death Potion"},{"floor":16.0,"key":"Toxic Potion"},{"floor":21.0,"key":"Regen Potion"},{"floor":37.0,"key":"Adrenaline Potion"},{"floor":39.0,"key":"SkillPotion"},{"floor":44,"key":"Block Potion"},{"floor":48,"key":"SteroidPotion"},{"floor":49,"key":"Ancient Potion"}],"is_trial":false,"path_per_floor":["R_BF","M","?","M","M","E","T","E","M","E","M","?","?","M","M","B",null,"R","?","R","E","M","E","T","?","M","R","$","M","?","$","M","B",null,"R","$","M","M","M","M","T","?","M","E","$","?","M","M","M","B",null,"E","$","R","B",null],"character_chosen":"THE_CHAMP","items_purchased":["PreservedInsect","champ:IgnorePain","champ:DefensiveStyle+1","champ:HoldFirm"],"campfire_rested":0,"item_purchase_floors":[31,45,53,53],"current_hp_per_floor":[90,89,89,89,89,73,87,85,79,70,58,58,58,58,50,65,104,104,78,78,88,88,79,79,79,79,79,79,79,79,79,79,61,119,129,129,124,114,101,94,94,94,74,56,56,60,62,64,73,101,129,117,117,117,66],"gold":551,"neow_bonus":"RANDOM_COMMON_RELIC","is_daily":false,"chose_seed":false,"campfire_upgraded":4,"win_rate":0.0,"timestamp":1608136348,"path_taken":["R_BF","M","?","?","M","E","T","E","M","E","M","?","?","M","M","BOSS","R","?","R","E","?","E","T","?","M","R","$","M","?","?","M","BOSS","R","$","M","M","M","M","T","?","M","E","$","?","M","M","M","BOSS","E","$","R","BOSS"],"items_purchased_type":["Relic","Card","Card","Card"],"build_version":"2020-12-13","purchased_purges":1,"victory":true,"max_hp_per_floor":[90,90,90,90,90,90,104,104,104,104,104,104,104,104,104,104,104,104,104,104,114,114,119,119,119,119,119,119,119,119,119,119,119,119,129,129,129,129,129,129,129,129,129,129,129,129,129,129,129,129,129,129,129,129,129],"card_choices":[{"not_picked":["champ:BerserkersShout","champ:GladiatorsShout"],"picked":"champ:ArenaPreparation","floor":2.0},{"not_picked":["champ:DefensiveStyle","champ:PerfectedStrike"],"picked":"champ:StanceDance","floor":4.0},{"not_picked":["champ:StanceDance","champ:BladeFlurry"],"picked":"champ:BringItOn","floor":5.0},{"not_picked":["champ:TornadoPunch","champ:FaceSlap"],"picked":"champ:DefensiveStyle","floor":6.0},{"not_picked":["champ:PerfectedStrike","champ:CrownThrow"],"picked":"champ:TornadoPunch","floor":8.0},{"not_picked":["champ:PerfectedStrike","champ:GutPunch"],"picked":"champ:DefensiveShout","floor":9.0},{"not_picked":["champ:BerserkerStyle","champ:StanceDance","champ:GutPunch"],"picked":"SKIP","floor":10.0},{"not_picked":["champ:CrookedStrike","champ:AdrenalArmor"],"picked":"champ:RisingSlash","floor":11.0},{"not_picked":["champ:RecklessLeap","champ:EndlessRage","champ:IronFortress"],"picked":"SKIP","floor":14.0},{"not_picked":["champ:Encircle","champ:PerfectedStrike"],"picked":"champ:ShieldSlam","floor":15.0},{"not_picked":["champ:HeavySlash","champ:StrikeOfGenius"],"picked":"champ:ShieldThrow","floor":16.0},{"not_picked":["champ:CrookedStrike","champ:Circumvent"],"picked":"champ:SkillfulDodge+1","floor":19.0},{"not_picked":["champ:BringItOn","champ:AdrenalArmor+1"],"picked":"champ:DefensiveShout","floor":21.0},{"not_picked":["champ:Haymaker","champ:TornadoPunch"],"picked":"champ:DefensiveStyle+1","floor":22.0},{"not_picked":["champ:PerfectedStrike","champ:SwordThrow","champ:Backstep"],"picked":"SKIP","floor":23.0},{"not_picked":["champ:BerserkersShout","champ:FalseCounter+1","champ:FlashCut"],"picked":"SKIP","floor":26.0},{"not_picked":["champ:SwordThrow","champ:BladeFlurry+1","champ:RapidStrikes"],"picked":"SKIP","floor":28.0},{"not_picked":["champ:Encircle","champ:Aggression","champ:Backstep+1"],"picked":"SKIP","floor":29.0},{"not_picked":["champ:Encircle","champ:Duel","champ:EndlessRage+1"],"picked":"SKIP","floor":31.0},{"not_picked":["champ:PerfectForm+1","champ:AdrenalArmor+1","champ:Haymaker+1"],"picked":"SKIP","floor":32.0},{"not_picked":["champ:FlashCut+1","champ:Encircle+1","champ:CrookedStrike"],"picked":"SKIP","floor":36.0},{"not_picked":["champ:BerserkersShout+1","champ:CrookedStrike"],"picked":"champ:DefensiveShout+1","floor":37.0},{"not_picked":["champ:TornadoPunch+1","champ:BladeFlurry","champ:PerfectedStrike+1"],"picked":"SKIP","floor":38.0},{"not_picked":["champ:BringItOn","champ:FlashCut"],"picked":"champ:Circumvent","floor":39.0},{"not_picked":["champ:GladiatorsShout+1","champ:BringItOn+1","champ:FlashCut"],"picked":"SKIP","floor":40.0},{"not_picked":["champ:DefensiveShout","champ:CrookedStrike","champ:BladeFlurry"],"picked":"SKIP","floor":43},{"not_picked":["champ:CrookedStrike+1","champ:FocusedBerserking","champ:BladeFlurry"],"picked":"SKIP","floor":44},{"not_picked":["champ:Backstep+1","champ:BerserkerStyle+1","champ:StanceDance+1"],"picked":"SKIP","floor":47},{"not_picked":["champ:FocusedBerserking+1","champ:PreciseThrust+1","champ:Duel"],"picked":"SKIP","floor":48},{"not_picked":["champ:TornadoPunch+1","champ:Encircle"],"picked":"champ:CheapShot","floor":49},{"not_picked":["champ:BerserkersShout+1","champ:FlashCut","champ:CrookedStrike"],"picked":"SKIP","floor":52}],"player_experience":351231,"relics_obtained":[{"floor":6.0,"key":"Turnip"},{"floor":7.0,"key":"Mango"},{"floor":8.0,"key":"Pantograph"},{"floor":10.0,"key":"Ice Cream"},{"floor":19.0,"key":"Frozen Egg 2"},{"floor":21.0,"key":"Pear"},{"floor":23.0,"key":"Durian"},{"floor":30.0,"key":"ReplayTheSpireMod:Ring of Collecting"},{"floor":41.0,"key":"ReplayTheSpireMod:Ring of Challenge"},{"floor":41.0,"key":"Golden Egg"},{"floor":42.0,"key":"Kunai"},{"floor":44,"key":"Bird Faced Urn"},{"floor":46,"key":"TungstenRod"},{"floor":52,"key":"Vajra"}],"event_choices":[{"damage_healed":0.0,"max_hp_gain":0.0,"max_hp_loss":0.0,"gold_gain":0.0,"event_name":"NoteForYourself","player_choice":"Ignored","floor":3.0,"gold_loss":0.0,"damage_taken":0.0},{"damage_healed":0.0,"max_hp_gain":0.0,"max_hp_loss":0.0,"gold_gain":0.0,"event_name":"Vampires","player_choice":"Ignored","floor":25.0,"gold_loss":0.0,"damage_taken":0.0},{"damage_healed":0,"gold_gain":0,"player_choice":"Fight","damage_taken":0,"max_hp_gain":0,"max_hp_loss":0,"event_name":"Mysterious Sphere","floor":46,"gold_loss":0}],"is_beta":false,"boss_relics":[{"not_picked":["Fusion Hammer","Honey Jar"],"picked":"Replay:Wanted Poster"},{"not_picked":["Snecko Eye","Tiny House"],"picked":"ChewingGum"}],"items_purged_floors":[53],"is_endless":false,"potions_floor_spawned":[2,11,14,15,16,21,29,32,37,38,39,44,48,49],"ascension_level":0}}