{"host":"v0byp44r5syn346h","time":1608087429,"event":{"mods":["2.2 Compatiblity","AchievementEnabler","Act Like it!","AlwaysNeverKeys","Aspiration","BaseMod","Bestiary","Better Match","Better Note","Better Skull","Better Third Choice","Better Vampires","BetterRewards","Card Filter","Colored Map","Colored Powertips","Conspire","Defuse TimeMaze Blight","Displayed Cursed Tome","Downfall","Friendly Minions","Gremlin Skip","Halation","Highlight Path","Hubris","Infinite Spire","Minty Spire (QoL Compilation)","Pale of the Ancients","Quarter Circle Forward PUNCH!","Quick Restart","Random Character Button","Rare Cards Sparkle","Relic Filter","Relic Stats","Reorder Act Four","Replay The Spire","Reworked Bosses","Shop Mod","Spicy Shops","Spikes Relics","StSLib","SuperFastMode","The Blue Laboratory","The Construct","The Cursed","The Hierophant","The Jungle","Thieving Mod","Trackpad","Unknown Chances","egg","vexMod"],"gold_per_floor":[112,387,398,416,435,463,463,476,476,476,476,506,431,461,461,496,496,601,601,615,615,615,631,6,6,6,6,54,83,83,101,111,141,141,238,238,251,263,273,291,191,191,226,226,226,267,267,267,276,303,303,303,348,365,365,19,19,36,36,345,345,345],"floor_reached":63,"playtime":1556,"items_purged":["Writhe","Strike_P","Strike_P","Strike_P","Defend_P","Defend_P"],"score":3169,"play_id":"aa2a3506-4000-404d-9bc1-db0bd71440b7","local_time":"20201216035709","is_ascension_mode":true,"campfire_choices":[{"floor":7,"key":"DIG"},{"floor":17,"key":"DIG"},{"floor":25,"key":"DIG"},{"floor":27,"key":"DIG"},{"floor":30,"key":"DIG"},{"floor":34,"key":"DIG"},{"floor":42,"key":"DIG"},{"floor":44,"key":"DIG"},{"floor":47,"key":"DIG"},{"floor":51,"key":"DIG"},{"floor":57,"key":"DIG"},{"floor":59,"key":"DIG"}],"circlet_count":0,"master_deck":["AscendersBane","Strike_P+1","Defend_P+1","Eruption+1","Vigilance+1","TalkToTheHand+1","Wallop+1","hubris:EnhanceAbility+1","CutThroughFate+1","Brilliance+1","CutThroughFate+1","Scrawl+1","CutThroughFate+1","Omniscience+1","DevaForm+1","Wish+1","hubris:Fate+1","Omniscience"],"relics":["PureWater","hubris:OldNail","Shovel","aspiration:DSix","Frozen Egg 2","Guide Book","BargainBundle","qcfpunch:Black_Training_Shirt","Toy Ornithopter","infinitespire:CheckeredPen","HornCleat","halation:TrafficLight","qcfpunch:Necklace_of_Skulls","conspire:TreasureMap","Darkstone Periapt","Anchor","Gremlin Horn","conspire:GlowingRock","infinitespire:Joker Card","hubris:Metronome","CultistMask","Rawhide","ReplayFunnel","aspiration:PoetsPen_weak","Spirit Poop","Frozen Eye","hubris:SlimyHat","qcfpunch:Army_Boots","qcfpunch:Red_Headband","Unceasing Top","hubris:Zylophone","vexMod:ScavengeHelm","BrokenLever","Replay:Bottled Snecko","hubris:ScarierMask","aspiration:FrozenJewel","infinitespire:Bottled Soul","CeramicFish","aspiration:Lifesprig","Blue Candle","qcfpunch:Handcuffs","halation:PapillonHeart","trackpad:Mousetrap","vexMod:Dragonfruit","paleoftheancients:Timepiece","paleoftheancients:KeyRelic","Meat on the Bone","Sozu","paleoftheancients:SoulOfTheWatcher","vexMod:PaidLearning","TungstenRod","Simple Rune","hubris:NiceRug","Art of War","hubris:SphereOfDissonance","hubris:TinFlute","SnailShell","Bag of Preparation"],"acts_visited":[],"potions_floor_usage":[16,18,35,62],"damage_taken":[{"damage":0,"enemies":"2 Louse","floor":1,"turns":2},{"damage":5,"enemies":"Cultist","floor":3,"turns":3},{"damage":0,"enemies":"Small Slimes","floor":4,"turns":1},{"damage":2,"enemies":"Gremlin Gang","floor":5,"turns":3},{"damage":0,"enemies":"Lagavulin","floor":6,"turns":4},{"damage":0,"enemies":"Looter","floor":8,"turns":2},{"damage":0,"enemies":"Replay:BlueRogue","floor":12,"turns":1},{"damage":0,"enemies":"Gremlin Nob","floor":14,"turns":2},{"damage":0,"enemies":"3 Sentries","floor":16,"turns":3},{"damage":0,"enemies":"Slime Boss","floor":18,"turns":3},{"damage":0,"enemies":"Chosen","floor":20,"turns":2},{"damage":0,"enemies":"3 Byrds","floor":23,"turns":1},{"damage":0,"enemies":"conspire:SneckoGhost","floor":29,"turns":2},{"damage":0,"enemies":"Sentry and Sphere","floor":31,"turns":1},{"damage":0,"enemies":"Shelled Parasite and Fungi","floor":32,"turns":1},{"damage":0,"enemies":"Slavers","floor":33,"turns":1},{"damage":0,"enemies":"conspire:MysteriousRune","floor":35,"turns":5},{"damage":0,"enemies":"3 Darklings","floor":37,"turns":1},{"damage":0,"enemies":"3 Shapes","floor":38,"turns":1},{"damage":0,"enemies":"Writhing Mass","floor":39,"turns":2},{"damage":0,"enemies":"Transient","floor":40,"turns":5},{"damage":0,"enemies":"R_Hoarder","floor":43,"turns":3},{"damage":0,"enemies":"Nightmare","floor":46,"turns":2},{"damage":0,"enemies":"Nemesis","floor":50,"turns":2},{"damage":1,"enemies":"Awakened One","floor":52,"turns":2},{"damage":0,"enemies":"Awakened One","floor":53,"turns":2},{"damage":0,"enemies":"Awakened One","floor":54,"turns":1},{"damage":0,"enemies":"Awakened One","floor":58,"turns":1},{"damage":0,"enemies":"hubris:Merchant","floor":60,"turns":2},{"damage":1875,"enemies":"paleoftheancients:N","floor":62,"turns":6}],"seed_played":"373236730846636349","potions_obtained":[{"floor":5,"key":"Fire Potion"},{"floor":6,"key":"Swift Potion"},{"floor":14,"key":"blueLaboratory:FaithlessPotion"},{"floor":20,"key":"Regen Potion"},{"floor":31,"key":"BottledMiracle"},{"floor":32,"key":"Block Potion"},{"floor":35,"key":"Fruit Juice"},{"floor":38,"key":"blueLaboratory:AlphaPotion"},{"floor":39,"key":"blueLaboratory:LouseDecoction"}],"is_trial":false,"path_per_floor":["M","?","M","M","M","E","R","M","PTL","PTL","T","E","?","E","?","E","R","B",null,"M","?","?","M","$","R","?","R","T","E","R","M","M","E","R","B",null,"M","M","M","M","NS","R","E","R","T","NM","R","?","?","E","R","B","M","M","?","$","R","M","R","$","?","B",null],"character_chosen":"WATCHER","items_purchased":["hubris:OldNail","TalkToTheHand","Shovel","aspiration:DSix","Frozen Egg 2","Wallop","Guide Book","BargainBundle","qcfpunch:Black_Training_Shirt","Toy Ornithopter","infinitespire:CheckeredPen","HornCleat","halation:TrafficLight","hubris:EnhanceAbility+1","qcfpunch:Necklace_of_Skulls","conspire:TreasureMap","Darkstone Periapt","Frozen Eye","hubris:SlimyHat","vexMod:PaidLearning"],"campfire_rested":0,"item_purchase_floors":[0,0,0,0,0,0,0,0,0,0,0,0,0,0,0,0,0,24,24,56],"current_hp_per_floor":[23,29,24,24,22,22,22,22,22,22,22,22,22,22,22,27,27,32,67,67,67,67,67,67,67,67,67,67,67,67,67,67,67,67,77,82,82,82,82,82,82,82,82,82,82,82,82,79,61,61,66,83,87,88,88,88,88,88,88,88,88,88],"gold":345,"neow_bonus":"","is_daily":false,"chose_seed":false,"campfire_upgraded":0,"win_rate":0.0,"timestamp":1608087429,"path_taken":["M","?","M","?","M","E","R","M","PTL","PTL","T","E","?","E","?","E","R","BOSS","M","?","?","?","$","R","?","R","T","E","R","?","?","E","R","BOSS","M","M","M","M","NS","R","E","R","T","NM","R","?","?","E","R","BOSS","M","M","?","$","R","M","R","$","?","BOSS"],"items_purchased_type":["Relic","Card","Relic","Relic","Relic","Card","Relic","Relic","Relic","Relic","Relic","Relic","Relic","Card","Relic","Relic","Relic","Relic","Relic","Relic"],"build_version":"2020-12-13","purchased_purges":6,"victory":true,"max_hp_per_floor":[72,78,78,78,78,78,78,78,78,78,78,78,78,78,78,78,78,78,78,78,78,78,78,78,78,78,78,78,78,78,78,78,78,78,83,83,83,83,83,83,83,83,83,83,83,83,83,79,79,79,84,88,88,88,88,88,88,88,88,88,88,88],"relic_stats":{"Darkstone Periapt":6,"Gremlin Horn":[18,18],"counters":[209,615],"CeramicFish":27,"Blue Candle":[1],"Bag of Preparation":[80],"Sozu":4,"Shovel":12,"Art of War":[0],"obtain_stats":[{"trackpad:Mousetrap":7,"Spirit Poop":22,"aspiration:PoetsPen_weak":34,"infinitespire:Cubic Diamond":3,"qcfpunch:Red_Beret":58,"trackpad:PocketGalaxy":0,"vexMod:InvisibilityCloak":26,"conspire:GlowingRock":11,"Necronomicon":22,"HandDrill":8,"aspiration:DSix":0,"hubris:MobiusCoin":0,"Blue Candle":46,"ReplayTheSpireMod:SealedPack":37,"Akabeko":21,"infinitespire:EvilPickle":33,"qcfpunch:Broken_Tusk":47,"infinitespire:Lychee Nut":1,"Bird Faced Urn":0,"CultistMask":15,"conspire:BottledYoYo":43,"StrikeDummy":14,"Unceasing Top":28,"Regal Pillow":5,"Torii":27,"halation:TrafficLight":0,"hubris:EmptyBottle":0,"Smiling Mask":26,"Pet Ghost":44,"qcfpunch:Wild_Herbs_Ointment":58,"hubris:BlackHole":0,"infinitespire:Bottled Soul":54,"vexMod:RedPlottingStone":0,"hubris:CuriousFeather":8,"Chemical X":0,"Replay:Bottled Eggs":0,"InkBottle":7,"construct:WeddingRing":34,"NeowsBlessing":0,"Golden Idol":10,"hubris:64BitClover":52,"qcfpunch:Black_Training_Shirt":31,"PreservedInsect":0,"aspiration:RandomNobGenerator":17,"infinitespire:Lucky Rock":4,"hubris:Towel":53,"halation:NonexistentMirror":58,"Ornamental Fan":42,"SpikesRelics:DaevaFist":47,"Art of War":9,"Durian":28,"conspire:DeflatedDodgeball":54,"hubris:BottledRain":0,"Gremlin Horn":50,"aspiration:Stabinomicon":25,"halation:BlueSoulGem":30,"Sozu":50,"Prayer Wheel":0,"Iron Hammer":27,"qcfpunch:Handcuffs":60,"paleoftheancients:SoulOfTheWatcher":51,"paleoftheancients:KeyRelic":50,"hubris:Teleporter":44,"hubris:DuctTape":8,"vexMod:PaidLearning":0,"aspiration:HiddenCompartment":6,"hubris:Zylophone":29,"OrangePellets":0,"conspire:GiftBox":0,"paleoftheancients:SoulOfTheWokeBloke":51,"Onion Ring":0,"infinitespire:EmpoweringShard":11,"aspiration:TomeofQuesting":47,"Juzu Bracelet":40,"paleoftheancients:SoulOfTheDefect":56,"Replay:Mystery Machine":7,"vexMod:Spyglass":58,"PrismaticShard":54,"conspire:TopHat":40,"vexMod:FluxCapacitor":17,"Nunchaku":41,"TheAbacus":4,"MiniBlackHole":58,"qcfpunch:Necklace_of_Skulls":0,"Red Mask":48,"Replay:Bottled Snecko":58,"halation:LettersToHer":0,"Runic Pyramid":6,"qcfpunch:Army_Boots":25,"trackpad:Trackpad":17,"Guide Book":0,"Odd Mushroom":11,"Medical Kit":0,"vexMod:Dragonfruit":51,"Strange Spoon":8,"Pondfish Scales":0,"infinitespire:DarkRift":49,"vexMod:BarristanHead":10,"infinitespire:Satchel":29,"Membership Card":0,"FossilizedHelix":25,"hubris:OldNail":0,"ReplayTheSpireMod:ShopPack":10,"Golden Egg":9,"vexMod:MemoryStick":13,"Ginger":0,"Boot":9,"halation:RedSoulGem":2,"Replay:Ringing Soul":9,"vexMod:CardConverter":9,"Sundial":40,"vexMod:EndlessSickness":38,"hubris:DeckOfHolding":6,"trackpad:AdjectivePendant":3,"Replay:Wax Seal":0,"hubris:TinFlute":60,"conspire:TreasureMap":0,"GiantMaggot":4,"Counterbalance":0,"vexMod:MysteryBossChallenge":17,"hubris:SphereOfDissonance":54,"aspiration:IroncladSkillbook":12,"aspiration:FrozenJewel":42,"qcfpunch:School_Backpack":58,"halation:Jellyphish":0,"halation:PenCase":0,"hubris:TenFootPole":2,"trackpad:WindUpAutoDealer":7,"Abe\u0027s Treasure":13,"infinitespire:Cupcake":6,"conspire:Flyswatter":27,"halation:BlackBeret":10,"WizardHat":35,"qcfpunch:Spiky_Bracers":48,"Lantern":40,"hubris:Metronome":0,"aspiration:Lifesprig":45,"hierophant:PropheticMaskRelic":3,"RoseTintedShades":12,"Blue Doll":1,"Rawhide":16,"Replay:Multitool":46,"Bag of Preparation":0,"Cursed Key":17,"Replay:Rubber Ducky":0,"BranchBurnRelic":25,"Shovel":0,"hubris:ScarierMask":36,"WingedGreaves":0,"hubris:FunFungus":0,"Ring of Panic":2,"BicycleWheel":8,"construct:ClawGrip":17,"CherryCoatedStake":1,"halation:Yufonium":34,"Damaru":0,"infinitespire:Joker Card":8,"Omamori":27,"infinitespire:CheckeredPen":0,"Frozen Egg 2":0,"Orrery":58,"halation:AfternoonTea":13,"Bottled Lightning":31,"ReplayTheSpireMod:Ring of Challenge":2,"ReplayTheSpireMod:Lightbulb":28,"Toy Ornithopter":0,"Mark of the Bloom":47,"trackpad:IceCube":25,"CeramicFish":0,"halation:Prosthetics":17,"trackpad:ZombieHeart":48,"HornCleat":8,"DollysMirror":0,"Strawberry":30,"qcfpunch:Red_Gi":58,"halation:VictoryRuler":26,"aspiration:ArtOfWarUpgrade":23,"Happy Flower":6,"trackpad:SappingStone":0,"vexMod:ScavengeHelm":9,"Dead Branch":19,"Oddly Smooth Stone":22,"infinitespire:Beetle Shell":9,"conspire:Boomerang":8,"Question Card":26,"paleoftheancients:Timepiece":50,"Replay:Baseball":0,"vexMod:Cooldron":0,"Bottled Flame":31,"Shuriken":58,"Molten Egg 2":0,"Simple Rune":59,"ReplayTheSpireMod:TigerMarble":0,"Grinning Jar":38,"trackpad:BottledTsunami":0,"Meat on the Bone":8,"ReplayFunnel":2,"Darkstone Periapt":0,"halation:PapillonHeart":49,"SnailShell":60,"trackpad:PetRock":43,"BrokenLever":33,"Incense Burner":54,"hubris:SlimyHat":43,"Frozen Eye":24,"Gambling Chip":11,"Pantograph":4,"Tiny Chest":7,"RollingBoulder":51,"qcfpunch:Wrestler\u0027s_Cloak":16,"trackpad:VoidSphere":58,"Gremlin Food":30,"hubris:DisguiseKit":9,"BargainBundle":8,"trackpad:HandOfMidas":0,"Replay:Towering Pillar of Hats":27,"aspiration:FetidBarrel":0,"paleoftheancients:SoulOfTheHexaghost":56,"aspiration:HummingbirdHeart":5,"qcfpunch:White_Boots":43,"White Beast Statue":33,"Sandwich":34,"Peace Pipe":38,"Anchor":50,"CaptainsWheel":5,"infinitespire:WardingShard":13,"ChewingGum":4,"Snack Pack":23,"qcfpunch:Red_Headband":6,"PureWater":0,"TungstenRod":57,"hubris:NiceRug":58},{"trackpad:Mousetrap":16,"Spirit Poop":190,"aspiration:PoetsPen_weak":99,"infinitespire:Cubic Diamond":143,"qcfpunch:Red_Beret":178,"trackpad:PocketGalaxy":32,"vexMod:InvisibilityCloak":125,"conspire:GlowingRock":185,"Necronomicon":23,"HandDrill":114,"aspiration:DSix":179,"hubris:MobiusCoin":32,"Blue Candle":202,"ReplayTheSpireMod:SealedPack":169,"Akabeko":161,"infinitespire:EvilPickle":168,"qcfpunch:Broken_Tusk":172,"infinitespire:Lychee Nut":147,"Bird Faced Urn":142,"CultistMask":187,"conspire:BottledYoYo":172,"StrikeDummy":158,"Unceasing Top":191,"Regal Pillow":54,"Torii":62,"halation:TrafficLight":179,"hubris:EmptyBottle":111,"Smiling Mask":62,"Pet Ghost":73,"qcfpunch:Wild_Herbs_Ointment":110,"hubris:BlackHole":152,"infinitespire:Bottled Soul":139,"vexMod:RedPlottingStone":29,"hubris:CuriousFeather":85,"Chemical X":32,"Replay:Bottled Eggs":152,"InkBottle":144,"construct:WeddingRing":128,"NeowsBlessing":0,"Golden Idol":85,"hubris:64BitClover":175,"qcfpunch:Black_Training_Shirt":65,"PreservedInsect":12,"aspiration:RandomNobGenerator":41,"infinitespire:Lucky Rock":143,"hubris:Towel":79,"halation:NonexistentMirror":140,"Ornamental Fan":72,"SpikesRelics:DaevaFist":135,"Art of War":156,"Durian":165,"conspire:DeflatedDodgeball":79,"hubris:BottledRain":111,"Gremlin Horn":77,"aspiration:Stabinomicon":125,"halation:BlueSoulGem":126,"Sozu":107,"Prayer Wheel":81,"Iron Hammer":62,"qcfpunch:Handcuffs":178,"paleoftheancients:SoulOfTheWatcher":175,"paleoftheancients:KeyRelic":77,"hubris:Teleporter":106,"hubris:DuctTape":156,"vexMod:PaidLearning":32,"aspiration:HiddenCompartment":3,"hubris:Zylophone":192,"OrangePellets":32,"conspire:GiftBox":81,"paleoftheancients:SoulOfTheWokeBloke":138,"Onion Ring":142,"infinitespire:EmpoweringShard":156,"aspiration:TomeofQuesting":135,"Juzu Bracelet":70,"paleoftheancients:SoulOfTheDefect":109,"Replay:Mystery Machine":85,"vexMod:Spyglass":110,"PrismaticShard":139,"conspire:TopHat":132,"vexMod:FluxCapacitor":57,"Nunchaku":71,"TheAbacus":30,"MiniBlackHole":178,"qcfpunch:Necklace_of_Skulls":179,"Red Mask":173,"Replay:Bottled Snecko":110,"halation:LettersToHer":81,"Runic Pyramid":150,"qcfpunch:Army_Boots":191,"trackpad:Trackpad":8,"Guide Book":32,"Odd Mushroom":86,"Medical Kit":111,"vexMod:Dragonfruit":203,"Strange Spoon":85,"Pondfish Scales":12,"infinitespire:DarkRift":173,"vexMod:BarristanHead":151,"infinitespire:Satchel":167,"Membership Card":111,"FossilizedHelix":162,"hubris:OldNail":179,"ReplayTheSpireMod:ShopPack":114,"Golden Egg":4,"vexMod:MemoryStick":18,"Ginger":111,"Boot":47,"halation:RedSoulGem":1,"Replay:Ringing Soul":16,"vexMod:CardConverter":85,"Sundial":172,"vexMod:EndlessSickness":170,"hubris:DeckOfHolding":114,"trackpad:AdjectivePendant":1,"Replay:Wax Seal":111,"hubris:TinFlute":208,"conspire:TreasureMap":152,"GiantMaggot":153,"Counterbalance":111,"vexMod:MysteryBossChallenge":8,"hubris:SphereOfDissonance":139,"aspiration:IroncladSkillbook":146,"aspiration:FrozenJewel":200,"qcfpunch:School_Backpack":110,"halation:Jellyphish":142,"halation:PenCase":152,"hubris:TenFootPole":33,"trackpad:WindUpAutoDealer":54,"Abe\u0027s Treasure":157,"infinitespire:Cupcake":154,"conspire:Flyswatter":165,"halation:BlackBeret":37,"WizardHat":168,"qcfpunch:Spiky_Bracers":76,"Lantern":104,"hubris:Metronome":152,"aspiration:Lifesprig":201,"hierophant:PropheticMaskRelic":143,"RoseTintedShades":38,"Blue Doll":142,"Rawhide":188,"Replay:Multitool":75,"Bag of Preparation":152,"Cursed Key":20,"Replay:Rubber Ducky":152,"BranchBurnRelic":94,"Shovel":179,"hubris:ScarierMask":196,"WingedGreaves":32,"hubris:FunFungus":111,"Ring of Panic":30,"BicycleWheel":85,"construct:ClawGrip":89,"CherryCoatedStake":152,"halation:Yufonium":66,"Damaru":52,"infinitespire:Joker Card":4,"Omamori":62,"infinitespire:CheckeredPen":179,"Frozen Egg 2":179,"Orrery":178,"halation:AfternoonTea":6,"Bottled Lightning":98,"ReplayTheSpireMod:Ring of Challenge":30,"ReplayTheSpireMod:Lightbulb":63,"Toy Ornithopter":179,"Mark of the Bloom":75,"trackpad:IceCube":163,"CeramicFish":142,"halation:Prosthetics":118,"trackpad:ZombieHeart":136,"HornCleat":114,"DollysMirror":81,"Strawberry":27,"qcfpunch:Red_Gi":141,"halation:VictoryRuler":94,"aspiration:ArtOfWarUpgrade":162,"Happy Flower":45,"trackpad:SappingStone":111,"vexMod:ScavengeHelm":114,"Dead Branch":90,"Oddly Smooth Stone":11,"infinitespire:Beetle Shell":36,"conspire:Boomerang":47,"Question Card":25,"paleoftheancients:Timepiece":77,"Replay:Baseball":81,"vexMod:Cooldron":152,"Bottled Flame":167,"Shuriken":110,"Molten Egg 2":142,"Simple Rune":207,"ReplayTheSpireMod:TigerMarble":81,"Grinning Jar":170,"trackpad:BottledTsunami":111,"Meat on the Bone":36,"ReplayFunnel":143,"Darkstone Periapt":179,"halation:PapillonHeart":76,"SnailShell":208,"trackpad:PetRock":105,"BrokenLever":195,"Incense Burner":108,"hubris:SlimyHat":134,"Frozen Eye":191,"Gambling Chip":49,"Pantograph":84,"Tiny Chest":145,"RollingBoulder":174,"qcfpunch:Wrestler\u0027s_Cloak":158,"trackpad:VoidSphere":110,"Gremlin Food":167,"hubris:DisguiseKit":145,"BargainBundle":85,"trackpad:HandOfMidas":42,"Replay:Towering Pillar of Hats":164,"aspiration:FetidBarrel":152,"paleoftheancients:SoulOfTheHexaghost":80,"aspiration:HummingbirdHeart":44,"qcfpunch:White_Boots":72,"White Beast Statue":167,"Sandwich":168,"Peace Pipe":171,"Anchor":77,"CaptainsWheel":143,"infinitespire:WardingShard":50,"ChewingGum":148,"Snack Pack":24,"qcfpunch:Red_Headband":155,"PureWater":0,"TungstenRod":206,"hubris:NiceRug":141},{"trackpad:Mousetrap":57,"Spirit Poop":574,"aspiration:PoetsPen_weak":313,"infinitespire:Cubic Diamond":465,"qcfpunch:Red_Beret":545,"trackpad:PocketGalaxy":124,"vexMod:InvisibilityCloak":394,"conspire:GlowingRock":563,"Necronomicon":88,"HandDrill":361,"aspiration:DSix":548,"hubris:MobiusCoin":124,"Blue Candle":599,"ReplayTheSpireMod:SealedPack":527,"Akabeko":514,"infinitespire:EvilPickle":526,"qcfpunch:Broken_Tusk":535,"infinitespire:Lychee Nut":474,"Bird Faced Urn":463,"CultistMask":566,"conspire:BottledYoYo":535,"StrikeDummy":501,"Unceasing Top":575,"Regal Pillow":190,"Torii":208,"halation:TrafficLight":548,"hubris:EmptyBottle":349,"Smiling Mask":208,"Pet Ghost":226,"qcfpunch:Wild_Herbs_Ointment":347,"hubris:BlackHole":492,"infinitespire:Bottled Soul":449,"vexMod:RedPlottingStone":114,"hubris:CuriousFeather":254,"Chemical X":124,"Replay:Bottled Eggs":492,"InkBottle":467,"construct:WeddingRing":406,"NeowsBlessing":0,"Golden Idol":254,"hubris:64BitClover":538,"qcfpunch:Black_Training_Shirt":214,"PreservedInsect":38,"aspiration:RandomNobGenerator":149,"infinitespire:Lucky Rock":465,"hubris:Towel":240,"halation:NonexistentMirror":450,"Ornamental Fan":224,"SpikesRelics:DaevaFist":431,"Art of War":499,"Durian":522,"conspire:DeflatedDodgeball":240,"hubris:BottledRain":349,"Gremlin Horn":236,"aspiration:Stabinomicon":394,"halation:BlueSoulGem":398,"Sozu":338,"Prayer Wheel":248,"Iron Hammer":208,"qcfpunch:Handcuffs":545,"paleoftheancients:SoulOfTheWatcher":538,"paleoftheancients:KeyRelic":236,"hubris:Teleporter":336,"hubris:DuctTape":499,"vexMod:PaidLearning":124,"aspiration:HiddenCompartment":3,"hubris:Zylophone":577,"OrangePellets":124,"conspire:GiftBox":248,"paleoftheancients:SoulOfTheWokeBloke":446,"Onion Ring":463,"infinitespire:EmpoweringShard":499,"aspiration:TomeofQuesting":431,"Juzu Bracelet":220,"paleoftheancients:SoulOfTheDefect":345,"Replay:Mystery Machine":254,"vexMod:Spyglass":347,"PrismaticShard":449,"conspire:TopHat":423,"vexMod:FluxCapacitor":195,"Nunchaku":221,"TheAbacus":119,"MiniBlackHole":545,"qcfpunch:Necklace_of_Skulls":548,"Red Mask":536,"Replay:Bottled Snecko":347,"halation:LettersToHer":248,"Runic Pyramid":481,"qcfpunch:Army_Boots":575,"trackpad:Trackpad":22,"Guide Book":124,"Odd Mushroom":258,"Medical Kit":349,"vexMod:Dragonfruit":601,"Strange Spoon":254,"Pondfish Scales":38,"infinitespire:DarkRift":536,"vexMod:BarristanHead":487,"infinitespire:Satchel":524,"Membership Card":349,"FossilizedHelix":519,"hubris:OldNail":548,"ReplayTheSpireMod:ShopPack":361,"Golden Egg":6,"vexMod:MemoryStick":63,"Ginger":349,"Boot":170,"halation:RedSoulGem":1,"Replay:Ringing Soul":57,"vexMod:CardConverter":254,"Sundial":535,"vexMod:EndlessSickness":528,"hubris:DeckOfHolding":361,"trackpad:AdjectivePendant":1,"Replay:Wax Seal":349,"hubris:TinFlute":609,"conspire:TreasureMap":492,"GiantMaggot":493,"Counterbalance":349,"vexMod:MysteryBossChallenge":22,"hubris:SphereOfDissonance":449,"aspiration:IroncladSkillbook":471,"aspiration:FrozenJewel":594,"qcfpunch:School_Backpack":347,"halation:Jellyphish":463,"halation:PenCase":492,"hubris:TenFootPole":126,"trackpad:WindUpAutoDealer":190,"Abe\u0027s Treasure":500,"infinitespire:Cupcake":495,"conspire:Flyswatter":522,"halation:BlackBeret":138,"WizardHat":526,"qcfpunch:Spiky_Bracers":235,"Lantern":327,"hubris:Metronome":492,"aspiration:Lifesprig":597,"hierophant:PropheticMaskRelic":465,"RoseTintedShades":139,"Blue Doll":463,"Rawhide":569,"Replay:Multitool":234,"Bag of Preparation":492,"Cursed Key":73,"Replay:Rubber Ducky":492,"BranchBurnRelic":292,"Shovel":548,"hubris:ScarierMask":585,"WingedGreaves":124,"hubris:FunFungus":349,"Ring of Panic":119,"BicycleWheel":254,"construct:ClawGrip":275,"CherryCoatedStake":492,"halation:Yufonium":216,"Damaru":185,"infinitespire:Joker Card":6,"Omamori":208,"infinitespire:CheckeredPen":548,"Frozen Egg 2":548,"Orrery":545,"halation:AfternoonTea":12,"Bottled Lightning":308,"ReplayTheSpireMod:Ring of Challenge":119,"ReplayTheSpireMod:Lightbulb":210,"Toy Ornithopter":548,"Mark of the Bloom":234,"trackpad:IceCube":520,"CeramicFish":463,"halation:Prosthetics":375,"trackpad:ZombieHeart":436,"HornCleat":361,"DollysMirror":248,"Strawberry":105,"qcfpunch:Red_Gi":452,"halation:VictoryRuler":292,"aspiration:ArtOfWarUpgrade":519,"Happy Flower":163,"trackpad:SappingStone":349,"vexMod:ScavengeHelm":361,"Dead Branch":279,"Oddly Smooth Stone":35,"infinitespire:Beetle Shell":136,"conspire:Boomerang":170,"Question Card":96,"paleoftheancients:Timepiece":236,"Replay:Baseball":248,"vexMod:Cooldron":492,"Bottled Flame":524,"Shuriken":347,"Molten Egg 2":463,"Simple Rune":607,"ReplayTheSpireMod:TigerMarble":248,"Grinning Jar":528,"trackpad:BottledTsunami":349,"Meat on the Bone":136,"ReplayFunnel":465,"Darkstone Periapt":548,"halation:PapillonHeart":235,"SnailShell":609,"trackpad:PetRock":334,"BrokenLever":580,"Incense Burner":343,"hubris:SlimyHat":430,"Frozen Eye":575,"Gambling Chip":177,"Pantograph":252,"Tiny Chest":469,"RollingBoulder":537,"qcfpunch:Wrestler\u0027s_Cloak":501,"trackpad:VoidSphere":347,"Gremlin Food":524,"hubris:DisguiseKit":469,"BargainBundle":254,"trackpad:HandOfMidas":154,"Replay:Towering Pillar of Hats":521,"aspiration:FetidBarrel":492,"paleoftheancients:SoulOfTheHexaghost":246,"aspiration:HummingbirdHeart":158,"qcfpunch:White_Boots":224,"White Beast Statue":524,"Sandwich":526,"Peace Pipe":534,"Anchor":236,"CaptainsWheel":465,"infinitespire:WardingShard":180,"ChewingGum":477,"Snack Pack":92,"qcfpunch:Red_Headband":497,"PureWater":0,"TungstenRod":606,"hubris:NiceRug":452}],"Toy Ornithopter":15,"Unceasing Top":[0],"TungstenRod":5,"Meat on the Bone":0},"card_choices":[{"not_picked":["Crescendo","Protect","Evaluate"],"picked":"SKIP","floor":1},{"not_picked":["Replay:Anticipation","FollowUp"],"picked":"CutThroughFate","floor":3},{"not_picked":["LikeWater+1","Evaluate","Replay:AtTheReady"],"picked":"SKIP","floor":4},{"not_picked":["Vengeance","CrushJoints","Collect"],"picked":"SKIP","floor":5},{"not_picked":["CutThroughFate","Fasting2+1"],"picked":"Brilliance","floor":6},{"not_picked":["WreathOfFlame","EmptyBody","Protect"],"picked":"SKIP","floor":8},{"not_picked":["InnerPeace","Halt"],"picked":"CutThroughFate","floor":12},{"not_picked":["InnerPeace+1","Perseverance+1"],"picked":"Wireheading+1","floor":13},{"not_picked":["Swivel","CrushJoints"],"picked":"MentalFortress+1","floor":14},{"not_picked":["Wallop","Meditate"],"picked":"TalkToTheHand","floor":16},{"not_picked":["Devotion+1","MasterReality+1"],"picked":"Scrawl","floor":18},{"not_picked":["WreathOfFlame+1","Evaluate","Tantrum"],"picked":"SKIP","floor":20},{"not_picked":["DeceiveReality","Indignation+1","Replay:AtTheReady+1"],"picked":"SKIP","floor":23},{"not_picked":["EmptyFist","Halt"],"picked":"CutThroughFate","floor":29},{"not_picked":["EmptyFist+1","ThirdEye","BowlingBash"],"picked":"SKIP","floor":31},{"not_picked":["Perseverance","Replay:BluntJabs","LikeWater+1"],"picked":"SKIP","floor":32},{"not_picked":["Crescendo","Weave"],"picked":"Omniscience","floor":33},{"not_picked":["Devotion+1","Establishment+1"],"picked":"DevaForm+1","floor":35},{"not_picked":["Perseverance+1","MentalFortress+1","Replay:BluntJabs"],"picked":"SKIP","floor":37},{"not_picked":["WaveOfTheHand+1","Crescendo+1","ThirdEye+1"],"picked":"SKIP","floor":38},{"not_picked":["CrushJoints","Swivel+1","Replay:BluntJabs"],"picked":"SKIP","floor":39},{"not_picked":["Perseverance+1","Replay:Cycle","Vengeance"],"picked":"SKIP","floor":40},{"not_picked":["Replay:AtTheReady","ThirdEye","Replay:Cycle+1"],"picked":"SKIP","floor":43},{"not_picked":["ReachHeaven","CutThroughFate+1"],"picked":"Wish","floor":46},{"not_picked":["infinitespire:UltimateForm","ReplayTheSpireMod:??????????????????????"],"picked":"hubris:Fate","floor":49},{"not_picked":["CarveReality","Evaluate","CrushJoints+1"],"picked":"SKIP","floor":50},{"not_picked":["Replay:AtTheReady+1","PathToVictory","ThirdEye+1"],"picked":"SKIP","floor":53},{"not_picked":["JustLucky","Replay:DivineShield","MentalFortress+1"],"picked":"SKIP","floor":54},{"not_picked":["EmptyFist+1","BowlingBash","EmptyBody+1"],"picked":"SKIP","floor":58},{"not_picked":[],"picked":"Omniscience","floor":60},{"not_picked":["Ragnarok"],"picked":"SKIP","floor":60},{"not_picked":["CarveReality"],"picked":"SKIP","floor":60},{"not_picked":["ThirdEye"],"picked":"SKIP","floor":60},{"not_picked":["Devotion+1"],"picked":"SKIP","floor":60},{"not_picked":["Finesse"],"picked":"SKIP","floor":60},{"not_picked":["Transmutation"],"picked":"SKIP","floor":60}],"player_experience":824870,"relics_obtained":[{"floor":6,"key":"Anchor"},{"floor":7,"key":"Gremlin Horn"},{"floor":11,"key":"conspire:GlowingRock"},{"floor":12,"key":"infinitespire:Joker Card"},{"floor":14,"key":"hubris:Metronome"},{"floor":16,"key":"Rawhide"},{"floor":17,"key":"ReplayFunnel"},{"floor":25,"key":"qcfpunch:Army_Boots"},{"floor":27,"key":"qcfpunch:Red_Headband"},{"floor":28,"key":"Unceasing Top"},{"floor":29,"key":"hubris:Zylophone"},{"floor":30,"key":"vexMod:ScavengeHelm"},{"floor":33,"key":"BrokenLever"},{"floor":34,"key":"Replay:Bottled Snecko"},{"floor":42,"key":"aspiration:FrozenJewel"},{"floor":43,"key":"infinitespire:Bottled Soul"},{"floor":44,"key":"CeramicFish"},{"floor":45,"key":"aspiration:Lifesprig"},{"floor":46,"key":"Blue Candle"},{"floor":47,"key":"qcfpunch:Handcuffs"},{"floor":50,"key":"trackpad:Mousetrap"},{"floor":51,"key":"vexMod:Dragonfruit"},{"floor":53,"key":"paleoftheancients:SoulOfTheWatcher"},{"floor":57,"key":"TungstenRod"},{"floor":59,"key":"Simple Rune"},{"floor":60,"key":"Art of War"},{"floor":60,"key":"hubris:SphereOfDissonance"},{"floor":60,"key":"hubris:TinFlute"},{"floor":60,"key":"SnailShell"},{"floor":60,"key":"qcfpunch:Wrestler\u0027s_Cloak"},{"floor":60,"key":"Bag of Preparation"}],"event_choices":[{"damage_healed":0,"gold_gain":275,"player_choice":"Desecrate","damage_taken":0,"max_hp_gain":0,"max_hp_loss":0,"event_name":"Golden Shrine","floor":2,"gold_loss":0,"cards_obtained":["Regret"]},{"damage_healed":0,"gold_gain":0,"player_choice":"2","damage_taken":0,"max_hp_gain":0,"max_hp_loss":0,"event_name":"betterMatch:BetterMatch","floor":13,"gold_loss":0,"cards_obtained":["betterMatch:UncommonCard"]},{"damage_healed":0,"gold_gain":0,"player_choice":"Trade","damage_taken":0,"relics_obtained":["CultistMask"],"max_hp_gain":0,"max_hp_loss":0,"event_name":"FaceTrader","floor":15,"gold_loss":0},{"cards_removed":["hubris:EnhanceAbility"],"damage_healed":0,"gold_gain":0,"player_choice":"Give","damage_taken":0,"max_hp_gain":0,"max_hp_loss":0,"event_name":"betterNote:BetterNote","floor":21,"gold_loss":0,"cards_obtained":["None"]},{"cards_removed":["Regret"],"damage_healed":0,"gold_gain":0,"player_choice":"Offered Curse","damage_taken":0,"relics_obtained":["Spirit Poop"],"max_hp_gain":0,"max_hp_loss":0,"event_name":"Bonfire Elementals","floor":22,"gold_loss":0},{"cards_removed":["Defend_P"],"damage_healed":0,"gold_gain":0,"player_choice":"Purged","damage_taken":0,"max_hp_gain":0,"max_hp_loss":0,"event_name":"Purifier","floor":26,"gold_loss":0}],"is_beta":false,"boss_relics":[{"not_picked":["ChewingGum","hubris:VirtuousBlindfold"],"picked":"aspiration:PoetsPen_weak"},{"not_picked":["halation:Yufonium","halation:HeavySnake"],"picked":"hubris:ScarierMask"}],"items_purged_floors":[0,0,0,24,24,56],"is_endless":false,"potions_floor_spawned":[5,6,14,20,31,32,35,38,39,50,62],"ascension_level":11}}