{"host":"fqid566djxhwi0rl","time":1608111025,"event":{"mods":["2.2 Compatiblity","AchievementEnabler","Aspiration","BaseMod","Downfall","Energized Spire","Faster Ascension Climbing","GifTheSpireLib","Minty Spire (QoL Compilation)","Replay The Spire","Robot Space Explorer","StSLib","The Blackbeard","The Gatherer","Trackpad","Yuri Mod"],"gold_per_floor":[116,312,59,59,59,85,85,113,113,124,134,59,72,147,147,147,147],"floor_reached":16,"playtime":547,"items_purged":["champ:Strike"],"score":277,"play_id":"1021a1d1-7677-43dc-86c8-6dad16204626","local_time":"20201216113025","is_ascension_mode":true,"campfire_choices":[{"data":"champ:ViciousMockery","floor":7,"key":"SMITH"},{"data":"champ:Duel","floor":15,"key":"SMITH"}],"circlet_count":0,"master_deck":["AscendersBane","champ:Strike","champ:Strike","champ:Strike","champ:Defend","champ:Defend","champ:Defend","champ:Defend","champ:Execute","champ:Taunt","champ:StanceDance","champ:Haymaker","champ:ViciousMockery+1","champ:EnchantShield","champ:Duel+1","champ:Devastate"],"relics":["champ:ChampionCrown","NeowsBlessing","Question Card","MealTicket","aspiration:StickyExplosives_weak","trackpad:GuardianSpirit"],"acts_visited":["Exordium"],"potions_floor_usage":[16],"damage_taken":[{"damage":0,"enemies":"Jaw Worm","floor":1,"turns":1},{"damage":0,"enemies":"Gremlin Nob","floor":6,"turns":1},{"damage":0,"enemies":"Lagavulin","floor":8,"turns":1},{"damage":1,"enemies":"2 Louse","floor":10,"turns":3},{"damage":0,"enemies":"Cultist","floor":11,"turns":5},{"damage":9,"enemies":"Blue Slaver","floor":13,"turns":3},{"damage":75,"enemies":"Slime Boss","floor":16,"turns":13}],"seed_played":"-6195108251733181809","potions_obtained":[{"floor":11,"key":"champ:OpenerPotion"},{"floor":13,"key":"LiquidBronze"}],"is_trial":false,"path_per_floor":["M","?","$","?","$","E","R","E","T","M","M","$","M","?","R","B"],"character_chosen":"THE_CHAMP","items_purchased":["Question Card"],"campfire_rested":0,"item_purchase_floors":[3],"current_hp_per_floor":[73,41,41,68,68,68,68,68,68,67,67,81,72,61,61,0,0],"gold":147,"neow_bonus":"THREE_ENEMY_KILL","is_daily":false,"chose_seed":false,"campfire_upgraded":2,"win_rate":0.0,"timestamp":1608111025,"path_taken":["M","?","$","?","?","E","R","E","T","M","M","$","?","?","R","BOSS"],"items_purchased_type":["Relic"],"build_version":"2020-12-13","purchased_purges":1,"victory":false,"max_hp_per_floor":[81,81,81,81,81,81,81,81,81,81,81,81,81,81,81,81,81],"card_choices":[{"not_picked":["champ:Circumvent","champ:CrookedStrike"],"picked":"champ:StanceDance","floor":1},{"not_picked":["champ:BladeFlurry","champ:GladiatorsShout"],"picked":"champ:Haymaker","floor":2},{"not_picked":["champ:Encircle","champ:StanceDance","champ:RapidStrikes"],"picked":"champ:ViciousMockery","floor":6},{"not_picked":["champ:ShieldSigil","champ:GladiatorsShout","champ:BerserkersShout"],"picked":"champ:EnchantShield","floor":8},{"not_picked":["champ:BerserkerStyle","champ:PerfectedStrike","champ:BringItOn"],"picked":"champ:Duel","floor":10},{"not_picked":["champ:FlashCut","champ:IronFortress","champ:GladiatorsShout"],"picked":"champ:Devastate","floor":11},{"not_picked":["champ:EnGarde","champ:EndlessRage","champ:Haymaker","champ:FanOfKnives"],"picked":"SKIP","floor":13}],"player_experience":687329,"relics_obtained":[{"floor":6,"key":"MealTicket"},{"floor":8,"key":"aspiration:StickyExplosives_weak"},{"floor":9,"key":"trackpad:GuardianSpirit"}],"event_choices":[{"damage_healed":27,"gold_gain":0,"player_choice":"Banana","damage_taken":0,"max_hp_gain":0,"max_hp_loss":0,"event_name":"Big Fish","floor":4,"gold_loss":0},{"damage_healed":0,"gold_gain":75,"player_choice":"Gather Gold","damage_taken":11,"max_hp_gain":0,"max_hp_loss":0,"event_name":"World of Goop","floor":14,"gold_loss":0}],"is_beta":false,"boss_relics":[],"items_purged_floors":[12],"is_endless":false,"potions_floor_spawned":[11,13],"killed_by":"Slime Boss","ascension_level":15}}