{"host":"sum4dy402bbv9y4o","time":1608128741,"event":{"mods":["Aspiration","BaseMod","Conspire","Highlight Path","Minty Spire (QoL Compilation)","StSLib"],"gold_per_floor":[110,4,29,179,189,189,239,239,313,332,348,5,17,27,27,101,101,118,118,129,54,70,105,124,124,151,164,164,198,198,220,220,220,220],"floor_reached":33,"playtime":1068,"items_purged":["Defend_P"],"score":558,"play_id":"dd97c161-18e4-41bc-85d7-c80d4ac5caea","local_time":"20201216172541","is_ascension_mode":true,"campfire_choices":[{"data":"Eruption","floor":6,"key":"SMITH"},{"data":"Wallop","floor":8,"key":"SMITH"},{"data":"SashWhip","floor":15,"key":"SMITH"},{"floor":25,"key":"REST"},{"data":"BowlingBash","floor":28,"key":"SMITH"},{"floor":32,"key":"REST"}],"circlet_count":0,"master_deck":["AscendersBane","Strike_P","Strike_P","Strike_P","Strike_P","Defend_P","Defend_P","Defend_P","Eruption+1","Vigilance","EmptyBody","BowlingBash+1","Protect","SashWhip+1","Doubt","Wallop+1","Consecrate","FollowUp","EmptyBody","Evaluate","Tantrum","EmptyBody","FlurryOfBlows","LikeWater","ReachHeaven","Wallop","Perseverance"],"relics":["PureWater","NeowsBlessing","Kunai","Gremlin Horn","Du-Vu Doll","aspiration:FetidBarrel","Regal Pillow","CeramicFish"],"acts_visited":["Exordium","TheCity"],"potions_floor_usage":[16,18,20,27,33],"damage_taken":[{"damage":0,"enemies":"Jaw Worm","floor":1,"turns":1},{"damage":0,"enemies":"conspire:MimicChest","floor":3,"turns":1},{"damage":0,"enemies":"Small Slimes","floor":5,"turns":1},{"damage":6,"enemies":"Cultist","floor":10,"turns":6},{"damage":0,"enemies":"2 Fungi Beasts","floor":11,"turns":2},{"damage":0,"enemies":"Large Slime","floor":13,"turns":2},{"damage":0,"enemies":"Exordium Wildlife","floor":14,"turns":1},{"damage":23,"enemies":"Slime Boss","floor":16,"turns":8},{"damage":4,"enemies":"2 Thieves","floor":18,"turns":3},{"damage":0,"enemies":"Shell Parasite","floor":20,"turns":1},{"damage":16,"enemies":"Cultist and Chosen","floor":22,"turns":6},{"damage":2,"enemies":"Slavers","floor":23,"turns":4},{"damage":0,"enemies":"Snecko","floor":24,"turns":5},{"damage":0,"enemies":"3 Cultists","floor":27,"turns":3},{"damage":36,"enemies":"Gremlin Leader","floor":29,"turns":3},{"damage":12,"enemies":"Colosseum Slavers","floor":30,"turns":3},{"damage":0,"enemies":"Chosen and Byrds","floor":31,"turns":5},{"damage":55,"enemies":"conspire:MysteriousRune","floor":33,"turns":6}],"seed_played":"-1212319516787056534","potions_obtained":[{"floor":1,"key":"SneckoOil"},{"floor":13,"key":"DistilledChaos"},{"floor":16,"key":"Fruit Juice"},{"floor":18,"key":"FearPotion"},{"floor":23,"key":"Ambrosia"},{"floor":24,"key":"DistilledChaos"},{"floor":31,"key":"Energy Potion"}],"is_trial":false,"path_per_floor":["M","$","?","?","M","R","?","R","T","M","M","$","M","M","R","B",null,"M","?","M","$","M","E","M","R","T","M","R","E","?","M","R","B"],"character_chosen":"WATCHER","items_purchased":["BowlingBash","Protect","Du-Vu Doll"],"campfire_rested":2,"item_purchase_floors":[2,2,12],"current_hp_per_floor":[61,61,61,61,61,61,61,61,61,55,55,55,55,55,55,32,59,60,60,60,60,44,42,42,63,63,63,63,27,15,15,51,0,0],"gold":220,"neow_bonus":"THREE_ENEMY_KILL","is_daily":false,"chose_seed":false,"campfire_upgraded":4,"win_rate":0.0,"timestamp":1608128741,"path_taken":["M","$","?","?","?","R","?","R","T","M","?","$","M","M","R","BOSS","M","?","M","$","M","E","M","R","T","M","R","E","?","M","R","BOSS"],"items_purchased_type":["Card","Card","Relic"],"build_version":"2020-12-13","purchased_purges":1,"victory":false,"max_hp_per_floor":[68,68,68,68,68,68,68,68,68,68,68,68,68,68,68,68,68,73,73,73,73,73,73,73,73,73,73,73,73,73,73,73,73,73],"card_choices":[{"not_picked":["Collect","Fasting2"],"picked":"EmptyBody","floor":1},{"not_picked":["Halt","FlyingSleeves"],"picked":"SashWhip","floor":3},{"not_picked":["Crescendo","Prostrate"],"picked":"Wallop","floor":5},{"not_picked":["Indignation","Fasting2"],"picked":"Consecrate","floor":10},{"not_picked":["Indignation","FlyingSleeves"],"picked":"FollowUp","floor":11},{"not_picked":["InnerPeace","WreathOfFlame"],"picked":"EmptyBody","floor":13},{"not_picked":["MasterReality","Sanctity","Indignation"],"picked":"SKIP","floor":14},{"not_picked":["PathToVictory","ThirdEye"],"picked":"Evaluate","floor":18},{"not_picked":["CrushJoints","FlyingSleeves"],"picked":"EmptyBody","floor":20},{"not_picked":["Evaluate","EmptyFist"],"picked":"FlurryOfBlows","floor":22},{"not_picked":["SignatureMove","ReachHeaven"],"picked":"LikeWater","floor":23},{"not_picked":["InnerPeace","Sanctity"],"picked":"ReachHeaven","floor":24},{"not_picked":["Vengeance","CrushJoints","Fasting2"],"picked":"SKIP","floor":27},{"not_picked":["FlyingSleeves","Swivel"],"picked":"Wallop","floor":29},{"not_picked":["Collect","Alpha"],"picked":"Perseverance","floor":31}],"player_experience":2787562,"relics_obtained":[{"floor":3,"key":"Kunai"},{"floor":9,"key":"Gremlin Horn"},{"floor":23,"key":"aspiration:FetidBarrel"},{"floor":26,"key":"Regal Pillow"},{"floor":29,"key":"CeramicFish"}],"event_choices":[{"damage_healed":0,"gold_gain":150,"player_choice":"AGREE","damage_taken":0,"max_hp_gain":0,"max_hp_loss":0,"event_name":"Liars Game","floor":4,"gold_loss":0,"cards_obtained":["Doubt"]},{"damage_healed":0,"gold_gain":50,"player_choice":"Pray","damage_taken":0,"max_hp_gain":0,"max_hp_loss":0,"event_name":"Golden Shrine","floor":7,"gold_loss":0},{"damage_healed":0,"gold_gain":0,"player_choice":"Read","damage_taken":0,"max_hp_gain":0,"max_hp_loss":0,"event_name":"The Library","floor":19,"gold_loss":0,"cards_obtained":["Tantrum"]},{"damage_healed":0,"gold_gain":0,"player_choice":"Fight","damage_taken":0,"max_hp_gain":0,"max_hp_loss":0,"event_name":"Colosseum","floor":30,"gold_loss":0},{"damage_healed":0,"gold_gain":0,"player_choice":"Fled From Nobs","damage_taken":0,"max_hp_gain":0,"max_hp_loss":0,"event_name":"Colosseum","floor":30,"gold_loss":0}],"is_beta":false,"boss_relics":[{"not_picked":["Snecko Eye","Busted Crown","Coffee Dripper"]}],"items_purged_floors":[21],"is_endless":false,"potions_floor_spawned":[1,13,16,18,23,24,31],"killed_by":"conspire:MysteriousRune","ascension_level":20}}