{"host":"c9m2z2wmcavfgdp8","time":1608081217,"event":{"mods":["2.2 Compatiblity","Act Like it!","Aspiration","BaseMod","Better Third Choice","Conspire","Downfall","Ekko","Elementarium","Energized Spire","Friendly Minions","GifTheSpireLib","Hallownest","Hermit","Hubris","Infinite Spire","Jorbs\u0027s Wanderer Trilogy","Koishi","Luminous","Marisa????????","Menagerie","Minty Spire (QoL Compilation)","Pale of the Ancients","Permanent Neow","Potionbrewer","Prisma Mod","READ ME - Guardian Mod","Remilia??????","Replay The Spire","SCP261 Mod","Shop Mod","StSLib","The Animator","The Blackbeard","The Bug Knight","The Cursed","The Death Knight","The Disciple","The Exalted","The Hierophant","The Necromancer","The Servant 0.9.4","TheBandit","TheFirefly"],"gold_per_floor":[99,117,117,117,117,148,148,160,160,186,186,205,225,275,300,302,302],"floor_reached":16,"playtime":1393,"items_purged":[],"score":160,"play_id":"a5b83df7-61d2-4464-b2fd-1a34ebf4c832","local_time":"20201216021337","is_ascension_mode":false,"campfire_choices":[{"data":"hexamod:Float","floor":1,"key":"SMITH"},{"floor":9,"key":"REST"}],"circlet_count":0,"master_deck":["conspire:GhostlyStrike","conspire:GhostlyStrike+1","conspire:GhostlyStrike","conspire:GhostlyStrike","conspire:GhostlyDefend","conspire:GhostlyDefend+1","conspire:GhostlyDefend","conspire:GhostlyDefend","hexamod:Sear+1","hexamod:Float+1","hexamod:SpectersWail","Replay:Vibes+1","hexamod:SkipABeat","hexamod:EmpoweredFlame","hexamod:SixthSeal","hexamod:GhostOfSpireFuture","hexamod:SecondSeal","Voices","hexamod:VolcanoVisage"],"relics":["hexamod:SpiritBrand","infinitespire:Satchel","Art of War","Replay:Bottled Flurry","Kunai","Unceasing Top","Ring of Greed","infinitespire:Midas Blood","MealTicket","Ring of Fangs"],"acts_visited":["Exordium"],"potions_floor_usage":[16,16,16],"damage_taken":[{"damage":0,"enemies":"Small Slimes","floor":2,"turns":3},{"damage":33,"enemies":"3 Sentries","floor":6,"turns":10},{"damage":0,"enemies":"2 Louse","floor":8,"turns":2},{"damage":20,"enemies":"Gremlin Nob","floor":10,"turns":4},{"damage":1,"enemies":"conspire:RoseBush","floor":12,"turns":3},{"damage":2,"enemies":"Lots of Slimes","floor":13,"turns":3},{"damage":4,"enemies":"Blue Slaver","floor":15,"turns":6},{"damage":9,"enemies":"downfall:Watcher","floor":16,"turns":4}],"seed_played":"7149925009682248734","potions_obtained":[{"floor":2,"key":"Elixir"},{"floor":11,"key":"Swift Potion"},{"floor":11,"key":"SmokeBomb"},{"floor":15,"key":"potionbrewer:SplittingPotion"}],"is_trial":false,"path_per_floor":["R","M","?","?","R","E","T","M","R","E","?","M","M","?","M","B"],"character_chosen":"THE_SPIRIT","items_purchased":[],"campfire_rested":1,"item_purchase_floors":[],"current_hp_per_floor":[70,70,70,43,43,10,10,10,31,11,11,10,8,8,4,0,0],"gold":302,"neow_bonus":"RANDOM_COMMON_RELIC","is_daily":false,"chose_seed":false,"campfire_upgraded":1,"win_rate":0.0,"timestamp":1608081217,"path_taken":["R","M","?","?","R","E","T","M","R","E","?","?","M","?","M","BOSS"],"items_purchased_type":[],"build_version":"2020-12-13","purchased_purges":0,"victory":false,"max_hp_per_floor":[70,70,70,70,70,70,70,70,70,70,70,70,70,70,70,70,70],"card_choices":[{"not_picked":["hexamod:BurningTouch","hexamod:RetreatToShadows"],"picked":"hexamod:SpectersWail","floor":2},{"not_picked":["hexamod:RainOfEmbers","hexamod:HeatShield"],"picked":"hexamod:SkipABeat","floor":6},{"not_picked":["hexamod:ShieldOfDarkness","hexamod:FastForward"],"picked":"hexamod:EmpoweredFlame","floor":8},{"not_picked":["hexamod:InspiringFlames","hexamod:PhantomFireball"],"picked":"hexamod:SixthSeal","floor":10},{"not_picked":["hexamod:AdvancingGuard","hexamod:SwordOfDarkness"],"picked":"hexamod:GhostOfSpireFuture","floor":12},{"not_picked":["hexamod:BacktrackSmack","hexamod:RainOfEmbers"],"picked":"hexamod:SecondSeal","floor":13},{"not_picked":["hexamod:FirstSeal","hexamod:GhostLash"],"picked":"hexamod:VolcanoVisage","floor":15}],"player_experience":1622864,"relics_obtained":[{"floor":6,"key":"Replay:Bottled Flurry"},{"floor":7,"key":"Kunai"},{"floor":10,"key":"Unceasing Top"},{"floor":14,"key":"Ring of Greed"},{"floor":14,"key":"infinitespire:Midas Blood"},{"floor":14,"key":"MealTicket"},{"floor":14,"key":"Ring of Fangs"}],"event_choices":[{"damage_healed":0,"gold_gain":0,"player_choice":"Agree","damage_taken":0,"max_hp_gain":0,"max_hp_loss":0,"event_name":"conspire:LoneGhost","floor":3,"gold_loss":0},{"damage_healed":0,"gold_gain":0,"player_choice":"Got Potions","damage_taken":0,"max_hp_gain":0,"max_hp_loss":0,"event_name":"Lab","floor":11,"gold_loss":0}],"is_beta":false,"boss_relics":[],"items_purged_floors":[],"is_endless":false,"potions_floor_spawned":[2,15],"killed_by":"downfall:Watcher","ascension_level":0}}