{"host":"ilxricga2547gmyy","time":1608139467,"event":{"mods":["AchievementEnabler","BaseMod","Minty Spire (QoL Compilation)","Quick Restart","Replay The Spire","StSLib"],"gold_per_floor":[118,88,100,111,122,152,152,182,182,182,211,79,96,96,96,96,96],"floor_reached":16,"playtime":895,"items_purged":[],"score":138,"play_id":"855b42b3-f8d7-4cb3-9ebe-4ec575dfaf40","local_time":"20201216182427","is_ascension_mode":true,"campfire_choices":[{"data":"Draining Mist","floor":7,"key":"SMITH"},{"floor":15,"key":"DIG"}],"circlet_count":0,"master_deck":["Strike_G","Strike_G+1","Strike_G","Strike_G","Strike_G","Defend_G","Defend_G+1","Defend_G","Defend_G","Defend_G","Survivor","Neutralize","Hidden Blade","Backstab","Dagger Spray","Draining Mist+1","Burst","Draining Mist+1","Hidden Blade"],"relics":["Replay:Bronze Core","Quantum Egg","Peace Pipe","Pondfish Scales","MawBank","DollysMirror","Ancient Tea Set"],"acts_visited":["Exordium"],"potions_floor_usage":[6,8,8,16],"damage_taken":[{"damage":11,"enemies":"Jaw Worm","floor":1,"turns":6},{"damage":0,"enemies":"Cultist","floor":3,"turns":4},{"damage":0,"enemies":"2 Louse","floor":4,"turns":2},{"damage":1,"enemies":"2 Fungi Beasts","floor":5,"turns":3},{"damage":2,"enemies":"3 Sentries","floor":6,"turns":5},{"damage":8,"enemies":"Gremlin Nob","floor":8,"turns":5},{"damage":11,"enemies":"Lagavulin","floor":11,"turns":6},{"damage":0,"enemies":"Exordium Wildlife","floor":13,"turns":5},{"damage":33,"enemies":"Hexaghost","floor":16,"turns":21}],"seed_played":"8995105408870328454","potions_obtained":[{"floor":1,"key":"FearPotion"},{"floor":2,"key":"Explosive Potion"},{"floor":2,"key":"Weak Potion"},{"floor":3,"key":"LifebloodPotion"},{"floor":13,"key":"Weak Potion"}],"is_trial":false,"path_per_floor":["M","?","M","M","M","E","R","E","T","?","E","$","M","?","R","B"],"character_chosen":"THE_SILENT","items_purchased":["DollysMirror"],"campfire_rested":0,"item_purchase_floors":[12],"current_hp_per_floor":[59,59,59,59,58,56,56,48,48,34,23,23,23,28,28,0,0],"gold":96,"neow_bonus":"BOSS_RELIC","is_daily":false,"chose_seed":false,"campfire_upgraded":1,"win_rate":0.0,"timestamp":1608139467,"path_taken":["M","?","M","?","M","E","R","E","T","?","E","$","M","?","R","BOSS"],"items_purchased_type":["Relic"],"build_version":"2020-12-13","purchased_purges":0,"victory":false,"max_hp_per_floor":[70,70,70,70,70,70,70,70,70,70,70,70,70,75,75,75,75],"card_choices":[{"not_picked":["Choke","PiercingWail"],"picked":"Hidden Blade","floor":1},{"not_picked":["Flying Knee","Slice"],"picked":"Backstab","floor":3},{"not_picked":["Sucker Punch","Fluid Movement"],"picked":"Dagger Spray","floor":4},{"not_picked":["Bane","Outmaneuver"],"picked":"Draining Mist","floor":5},{"not_picked":["ReplayTheSpireMod:Shiv Toss","Sneak Up","Backflip"],"picked":"SKIP","floor":6},{"not_picked":["Accuracy","Bane"],"picked":"Burst","floor":8},{"not_picked":["Dodge and Roll","ReplayTheSpireMod:Scrap Shanks","Deflect"],"picked":"SKIP","floor":11},{"not_picked":["Blur","Cloak And Dagger"],"picked":"Hidden Blade","floor":13}],"player_experience":229398,"relics_obtained":[{"floor":6,"key":"Quantum Egg"},{"floor":8,"key":"Peace Pipe"},{"floor":9,"key":"Pondfish Scales"},{"floor":11,"key":"MawBank"},{"floor":15,"key":"Ancient Tea Set"}],"event_choices":[{"damage_healed":0,"gold_gain":0,"player_choice":"Bought 2 Potions","damage_taken":0,"max_hp_gain":0,"max_hp_loss":0,"event_name":"The Woman in Blue","floor":2,"gold_loss":0},{"damage_healed":0,"gold_gain":0,"player_choice":"Entered Light","damage_taken":14,"max_hp_gain":0,"max_hp_loss":0,"event_name":"Shining Light","floor":10,"gold_loss":0,"cards_upgraded":["Strike_G","Defend_G"]},{"damage_healed":0,"gold_gain":0,"player_choice":"Donut","damage_taken":0,"max_hp_gain":5,"max_hp_loss":0,"event_name":"Big Fish","floor":14,"gold_loss":0}],"is_beta":false,"boss_relics":[],"items_purged_floors":[],"is_endless":false,"potions_floor_spawned":[1,3,4,13],"killed_by":"Hexaghost","ascension_level":3}}