{"host":"su73a2bh8339ktv3","time":1608160016,"event":{"mods":["AchievementEnabler","Aspiration","Bard","BaseMod","Beaked The Cultist","Better Altar","Better Match","Better Note","Better Sensory Stone","Better Skull","Better Third Choice","BetterRewards","CCEM","Clawfect","Colored Map","Conspire","Downfall","GifTheSpireLib","Googly Eyes","Halation","Hermit","Highlight Path","Hubris","Hunter ??","Infinite Spire","Jedi Mod","Jorbs\u0027s Wanderer Trilogy","Mad Scientist","Marisa????????","Mimic Mod","Minty Spire (QoL Compilation)","Permanent Neow","Replay The Spire","Shade Mod","Shop Mod","Spicy Shops","StSLib","Stuff the Spire","The Administrix","The Blackbeard","The Bug Knight","The Construct","The Cursed","The Disciple","The Gatherer","The Hierophant","The IronCluck","The Jungle","The Mystic","The Necromancer","The Problem Sleuth","The Runesmith","The Servant 0.9.4","The Spell Scribe","The Witch","Unceasing Turn Reminder","[IsaacMod]????","everything is the same but u backflip on backflip","slay the spire mod where everything is the same but ironclad has a cowboy hat"],"gold_per_floor":[99,119,219,219,229,249,249,278,278,306,306,317,330,330,342,439,439,364,2,22,22,39,39,73,87,101,101,116,128,128,145,156,253,253,253,303,314,314,324,358,434,448,465,465,475,486,499,499,515,515],"floor_reached":51,"playtime":3657,"items_purged":["StuffTheSpire:Perfection"],"score":724,"play_id":"1e5b6fc3-deb3-4896-a43a-4d582ff2906c","local_time":"20201217100656","is_ascension_mode":false,"campfire_choices":[{"data":"Guardian:TwinSlam","floor":4,"key":"SMITH"},{"floor":9,"key":"RECALL"},{"data":"Guardian:EvasiveProtocol","floor":18,"key":"SMITH"},{"floor":27,"key":"REST"},{"data":"infinitespire:UltimateForm","floor":35,"key":"SMITH"},{"data":"infinitespire:SevenWalls","floor":38,"key":"SMITH"},{"floor":44,"key":"REST"}],"circlet_count":0,"master_deck":["Guardian:Strike_Guardian","Guardian:Strike_Guardian","Guardian:Strike_Guardian","Guardian:Strike_Guardian","Guardian:Defend_Guardian","Guardian:Defend_Guardian","Guardian:Defend_Guardian+1","Guardian:Defend_Guardian","Guardian:CurlUp","Guardian:TwinSlam+1","Guardian:Clone","Guardian:TimeCapacitor","Guardian:Suspension","Guardian:Recover+1","Guardian:StasisField+1","Guardian:StasisStrike","Guardian:EvasiveProtocol+1","Guardian:RevengeProtocol","Guardian:EvasiveProtocol+1","Dark Shackles","Guardian:BronzeOrb","Guardian:PrismaticBeam+1","infinitespire:UltimateForm+1","infinitespire:SevenWalls+1","Guardian:ChargeUp","Guardian:PrimingBeam+1","Guardian:BaubleBeam","Guardian:SentryBeam+1","Guardian:Reroute","Guardian:BronzeArmor","Guardian:SphericShield","Guardian:Preprogram","Guardian:Emergency","Pain","Guardian:AncientConstruct","expansioncontent:CaCaw","infinitespire:Oblivion","Guardian:RollAttack+1","Guardian:TimeCapacitor+1","Guardian:TimeSifter","Guardian:TimeBomb+1","Guardian:WalkerClaw+1","Guardian:Gem_Blue","Guardian:Gem_Cyan","Guardian:Gem_White"],"relics":["Guardian:ModeShifter","HushsDoor","BookofShadows","hubris:BottledRain","Oddly Smooth Stone","GuppysTail","Painkiller Herb","downfall:HeartBlessingRed","StuffTheSpire:EmeraldSignet","Nunchaku","hubris:VirtuousBlindfold","Onion Ring","ReplayTheSpireMod:SealedPack","YumHeart","halation:PrussianBluePaint","HollowMod:LifeEnderRelic","hubris:Icosahedron"],"acts_visited":["Exordium","theJungle:Jungle","TheBeyond"],"potions_floor_usage":[10,10,16,16,25,28,28,31,40,45,50,50],"damage_taken":[{"damage":1,"enemies":"2 Louse","floor":2,"turns":4},{"damage":0,"enemies":"Jaw Worm","floor":5,"turns":2},{"damage":0,"enemies":"Cultist","floor":6,"turns":2},{"damage":10,"enemies":"Lagavulin","floor":8,"turns":8},{"damage":20,"enemies":"Gremlin Nob","floor":10,"turns":5},{"damage":10,"enemies":"Large Slime","floor":12,"turns":7},{"damage":4,"enemies":"3 Louse","floor":13,"turns":4},{"damage":6,"enemies":"2 Fungi Beasts","floor":15,"turns":4},{"damage":36,"enemies":"downfall:Ironclad","floor":16,"turns":12},{"damage":1,"enemies":"downfall:FleeingMerchant","floor":19,"turns":4},{"damage":10,"enemies":"theJungle:Flameango_and_Byrd","floor":20,"turns":5},{"damage":0,"enemies":"theJungle:5_Spyders","floor":22,"turns":7},{"damage":0,"enemies":"theJungle:2_Flameangoes","floor":24,"turns":7},{"damage":2,"enemies":"theJungle:2_Flameangoes","floor":25,"turns":7},{"damage":1,"enemies":"theJungle:Snecko_Cultist_And_Trap","floor":26,"turns":6},{"damage":0,"enemies":"theJungle:JungleHuntersEncounter","floor":28,"turns":4},{"damage":4,"enemies":"theJungle:2_Snecko_Cultists","floor":29,"turns":4},{"damage":22,"enemies":"theJungle:2_Flameangoes","floor":31,"turns":5},{"damage":7,"enemies":"theJungle:SlimyTreeVines","floor":32,"turns":6},{"damage":0,"enemies":"downfall:Silent","floor":33,"turns":6},{"damage":5,"enemies":"Mind Bloom Boss Battle","floor":36,"turns":7},{"damage":7,"enemies":"Orb Walker","floor":37,"turns":3},{"damage":23,"enemies":"3 Darklings","floor":39,"turns":8},{"damage":24,"enemies":"Nightmare","floor":40,"turns":7},{"damage":0,"enemies":"Maw","floor":42,"turns":7},{"damage":26,"enemies":"Writhing Mass","floor":43,"turns":6},{"damage":29,"enemies":"Spire Growth","floor":45,"turns":6},{"damage":9,"enemies":"Transient","floor":46,"turns":5},{"damage":21,"enemies":"Maw","floor":47,"turns":8},{"damage":6,"enemies":"Sphere and 2 Shapes","floor":49,"turns":4},{"damage":34,"enemies":"downfall:Defect","floor":50,"turns":10}],"seed_played":"-5526677531147257959","potions_obtained":[{"floor":6,"key":"Reflective Coating"},{"floor":8,"key":"Energy Potion"},{"floor":12,"key":"ColorlessPotion"},{"floor":13,"key":"Venom Potion"},{"floor":22,"key":"PowerPotion"},{"floor":25,"key":"AttackPotion"},{"floor":26,"key":"champ:CounterPotion"},{"floor":28,"key":"Weak Potion"},{"floor":32,"key":"Fire Potion"},{"floor":39,"key":"FairyPotion"},{"floor":43,"key":"jedi:tentaclejuice"},{"floor":47,"key":"Languid Potion"}],"is_trial":false,"path_per_floor":["R_BF","M","?","R","M","M","T","E","R","E","?","M","M","?","M","B",null,"T","T","?","AVR","?","?","MIM","?","?","T","?","?","T","?","?","B",null,"T","?","?","T","?","NM","T","?","?","T","?","?","?","?","?","B",null],"character_chosen":"GUARDIAN","items_purchased":["StuffTheSpire:EmeraldSignet","Dark Shackles","Guardian:Gem_Lightblue","Guardian:Gem_Cyan","Guardian:BronzeOrb","Guardian:Preprogram","Guardian:Emergency"],"campfire_rested":2,"item_purchase_floors":[19,19,19,19,19,34,34],"current_hp_per_floor":[80,79,79,79,79,79,79,69,69,49,49,39,35,50,44,8,80,80,79,69,69,79,80,80,78,79,80,80,76,80,58,63,71,74,74,69,67,73,51,33,39,47,29,57,34,31,18,24,24,22],"gold":515,"neow_bonus":"THREE_CARDS","is_daily":false,"chose_seed":false,"campfire_upgraded":4,"win_rate":0.0,"timestamp":1608160016,"path_taken":["R_BF","M","?","R","M","M","T","E","R","E","?","M","?","?","M","BOSS","T","T","?","AVR","?","?","MIM","?","?","T","?","?","?","?","?","BOSS","T","?","?","T","?","NM","T","?","?","T","?","?","?","?","?","BOSS"],"items_purchased_type":["Relic","Card","Card","Card","Card","Card","Card"],"build_version":"2020-12-13","purchased_purges":1,"victory":true,"max_hp_per_floor":[80,80,80,80,80,80,80,80,80,80,80,80,80,80,80,80,80,80,80,80,80,80,80,80,80,80,80,80,80,80,80,80,80,74,74,74,74,74,74,74,74,74,74,74,74,74,74,74,74,74],"card_choices":[{"not_picked":["Guardian:Gem_Green","Guardian:Suspension"],"picked":"Guardian:Clone","floor":0},{"not_picked":["Guardian:ChargeCore","Guardian:GuardianWhirl"],"picked":"Guardian:Gem_Fragmented","floor":2},{"not_picked":["Guardian:TemporalShield","Guardian:Gem_Purple"],"picked":"Guardian:TimeCapacitor","floor":5},{"not_picked":["Guardian:TemporalShield","Guardian:RefractedBeam"],"picked":"Guardian:Suspension","floor":6},{"not_picked":["Guardian:WalkerClaw","Guardian:ArmoredProtocol"],"picked":"Guardian:Recover","floor":8},{"not_picked":["Guardian:FloatingOrbs","Guardian:MultiBeam"],"picked":"Guardian:StasisField","floor":10},{"not_picked":["StuffTheSpire:Ambrosia","StuffTheSpire:Brawn"],"picked":"StuffTheSpire:Perfection","floor":11},{"not_picked":["Guardian:Reroute","Guardian:PiercingHide"],"picked":"Guardian:StasisStrike","floor":12},{"not_picked":["Guardian:Suspension","Guardian:BronzeArmor"],"picked":"Guardian:EvasiveProtocol","floor":13},{"not_picked":["Guardian:TemporalShield","Guardian:Gem_Lightblue"],"picked":"Guardian:Gem_Blue","floor":15},{"not_picked":["Guardian:ConstructionForm","Guardian:HyperBeam_Guardian"],"picked":"Guardian:RevengeProtocol","floor":16},{"not_picked":["Guardian:Gem_Blue","Guardian:CrystalBeam"],"picked":"Guardian:EvasiveProtocol+1","floor":19},{"not_picked":["Guardian:Clone","Guardian:RollAttack+1"],"picked":"Guardian:PrismaticBeam+1","floor":20},{"not_picked":["Guardian:Incinerate","Guardian:Suspension"],"picked":"Guardian:Gem_Green","floor":22},{"not_picked":["Guardian:Gem_Crimson","Guardian:TemporalStrike+1"],"picked":"Guardian:ChargeUp","floor":24},{"not_picked":["Guardian:SentryBeam","Guardian:Incinerate"],"picked":"Guardian:PrimingBeam+1","floor":25},{"not_picked":["Guardian:PrimingBeam","Guardian:PrismaticBarrier"],"picked":"Guardian:BaubleBeam","floor":26},{"not_picked":["Guardian:Recover+1","Guardian:Gem_Green"],"picked":"Guardian:SentryBeam+1","floor":28},{"not_picked":["Guardian:Gem_Lightblue","Guardian:RollAttack"],"picked":"Guardian:Reroute","floor":29},{"not_picked":["Guardian:PiercingHide","Guardian:GuardianWhirl+1"],"picked":"Guardian:Gem_Cyan","floor":31},{"not_picked":["Guardian:Preprogram","Guardian:RollAttack+1"],"picked":"Guardian:BronzeArmor","floor":32},{"not_picked":["Guardian:AncientConstruct","Guardian:RevengeProtocol"],"picked":"Guardian:SphericShield","floor":33},{"not_picked":["Guardian:HyperBeam_Guardian","Guardian:RevengeProtocol"],"picked":"Guardian:AncientConstruct","floor":34},{"not_picked":["Specialist","expansioncontent:DonusPower"],"picked":"expansioncontent:CaCaw","floor":34},{"not_picked":["hubris:InfiniteBlow","infinitespire:Gouge"],"picked":"infinitespire:Oblivion","floor":34},{"not_picked":["Guardian:BronzeArmor+1","Guardian:ChargeUp"],"picked":"Guardian:RollAttack+1","floor":36},{"not_picked":["Guardian:TemporalShield+1","Guardian:GuardianWhirl"],"picked":"Guardian:TimeCapacitor+1","floor":37},{"not_picked":["Guardian:Gem_Green","Guardian:Incinerate"],"picked":"Guardian:TimeSifter","floor":39},{"not_picked":["Guardian:Reroute","Guardian:DonusPower+1"],"picked":"Guardian:TimeBomb+1","floor":40},{"not_picked":["Guardian:RefractedBeam","Guardian:RollAttack"],"picked":"Guardian:WalkerClaw+1","floor":42},{"not_picked":["Guardian:DonusPower","Guardian:Suspension+1","Guardian:FloatingOrbs+1"],"picked":"SKIP","floor":43},{"not_picked":["Guardian:CrystalBeam+1","Guardian:ChargeCore"],"picked":"Guardian:Gem_Blue","floor":45},{"not_picked":["Guardian:Reroute+1","Guardian:BronzeArmor","Guardian:RefractedBeam"],"picked":"SKIP","floor":46},{"not_picked":["Guardian:PrismaticBarrier","Guardian:ChargeCore"],"picked":"Guardian:Gem_Cyan","floor":47},{"not_picked":["Guardian:SphericShield","Guardian:Gem_Lightblue"],"picked":"Guardian:Gem_White","floor":49}],"player_experience":97785,"relics_obtained":[{"floor":7,"key":"hubris:BottledRain"},{"floor":8,"key":"Oddly Smooth Stone"},{"floor":10,"key":"GuppysTail"},{"floor":24,"key":"Onion Ring"},{"floor":36,"key":"YumHeart"},{"floor":40,"key":"halation:PrussianBluePaint"},{"floor":41,"key":"HollowMod:LifeEnderRelic"}],"event_choices":[{"cards_removed":["Guardian:Gem_Cyan"],"damage_healed":0,"gold_gain":0,"player_choice":"Give","damage_taken":0,"max_hp_gain":0,"max_hp_loss":0,"event_name":"betterNote:BetterNote","floor":23,"gold_loss":0,"cards_obtained":["None"]}],"is_beta":false,"boss_relics":[{"not_picked":["hubris:ScarierMask","Ring of Chaos"],"picked":"Painkiller Herb"},{"not_picked":[]},{"not_picked":["hubris:CrackedHourglass","CCEMRelics:GreenEgg"],"picked":"ReplayTheSpireMod:SealedPack"},{"not_picked":[]}],"items_purged_floors":[21],"is_endless":false,"potions_floor_spawned":[6,8,12,13,22,25,26,28,32,39,43,47,49],"ascension_level":0}}