{"host":"qwttrqaysb380yri","time":1608147992,"event":{"mods":["BaseMod","Custom Start","Minty Spire (QoL Compilation)","Puzzle Mod","Relic Stats","StSLib","The Cursed","The Hierophant"],"gold_per_floor":[111,128,146,97,96,131,131,169,218,218,234,234,6,33,33,104,104,127,127,141,169,183,181,181,198,198,198,223,263,263],"floor_reached":29,"playtime":1059,"items_purged":[],"score":564,"play_id":"1dc96015-cd34-4dba-aa32-f57fa8c82760","local_time":"20201216204632","is_ascension_mode":true,"campfire_choices":[{"floor":7,"key":"REST"},{"data":"hierophant:DeathKnell","floor":10,"key":"SMITH"},{"data":"hierophant:FlamingChariot","floor":12,"key":"SMITH"},{"data":"Discovery","floor":15,"key":"SMITH"},{"data":"hierophant:Levitation","floor":24,"key":"SMITH"}],"circlet_count":0,"master_deck":["AscendersBane","hierophant:Strike_Hierophant","hierophant:Strike_Hierophant","hierophant:Strike_Hierophant","hierophant:Strike_Hierophant","hierophant:Punish","hierophant:Defend_Hierophant","hierophant:Defend_Hierophant","hierophant:Defend_Hierophant","hierophant:Defend_Hierophant","hierophant:ChurchCoffers","hierophant:AuricForm","hierophant:FlamingChariot+1","hierophant:HammerAndAnvil","hierophant:DeathKnell+1","hierophant:Doubloon","hierophant:CoinFling","hierophant:Embezzle","hierophant:FieryStrike","hierophant:Embezzle","Discovery+1","hierophant:Batter","hierophant:PassingBell","hierophant:Sermon","hierophant:OrnateBuckler+1","hierophant:Purify+1","hierophant:Levitation+1","hierophant:Levitation","hierophant:Upheaval"],"relics":["hierophant:PropheticMaskRelic","Pen Nib","InkBottle","MealTicket","Odd Mushroom","Ancient Tea Set","Snecko Eye","Question Card","Gremlin Horn","Omamori"],"acts_visited":["Exordium","TheCity"],"potions_floor_usage":[11,25,29],"damage_taken":[{"damage":16,"enemies":"Jaw Worm","floor":1,"turns":4},{"damage":0,"enemies":"2 Louse","floor":2,"turns":1},{"damage":7,"enemies":"Small Slimes","floor":3,"turns":4},{"damage":18,"enemies":"Exordium Thugs","floor":5,"turns":4},{"damage":0,"enemies":"Lagavulin","floor":6,"turns":4},{"damage":18,"enemies":"Gremlin Nob","floor":8,"turns":3},{"damage":7,"enemies":"The Mushroom Lair","floor":11,"turns":2},{"damage":0,"enemies":"Lagavulin","floor":14,"turns":4},{"damage":8,"enemies":"Slime Boss","floor":16,"turns":7},{"damage":0,"enemies":"Spheric Guardian","floor":18,"turns":1},{"damage":0,"enemies":"3 Byrds","floor":20,"turns":3},{"damage":0,"enemies":"Snake Plant","floor":21,"turns":2},{"damage":18,"enemies":"3 Cultists","floor":22,"turns":5},{"damage":16,"enemies":"Slavers","floor":23,"turns":4},{"damage":13,"enemies":"Gremlin Leader","floor":25,"turns":5},{"damage":1,"enemies":"Snecko","floor":28,"turns":4},{"damage":34,"enemies":"Slavers","floor":29,"turns":2}],"seed_played":"-2515740983469370185","potions_obtained":[{"floor":3,"key":"SkillPotion"},{"floor":8,"key":"Weak Potion"},{"floor":18,"key":"PowerPotion"},{"floor":25,"key":"BlessingOfTheForge"}],"is_trial":false,"path_per_floor":["M","M","M","?","M","E","R","E","T","R","?","R","$","E","R","B",null,"M","?","M","M","M","E","R","E","T","?","M","E"],"character_chosen":"HIEROPHANT","items_purchased":["hierophant:Embezzle","Discovery","FairyPotion"],"campfire_rested":1,"item_purchase_floors":[13,13,13],"current_hp_per_floor":[52,52,45,45,27,27,49,31,31,31,24,24,39,39,39,31,64,64,64,64,64,46,30,30,17,17,17,16,8,8],"gold":263,"neow_bonus":"ONE_RANDOM_RARE_CARD","is_daily":false,"chose_seed":false,"campfire_upgraded":4,"win_rate":0.0,"timestamp":1608147992,"path_taken":["M","M","M","?","M","E","R","E","T","R","?","R","$","E","R","BOSS","M","?","M","M","M","E","R","E","T","?","M","E"],"items_purchased_type":["Card","Card","Potion"],"build_version":"2020-12-13","purchased_purges":0,"victory":false,"max_hp_per_floor":[75,75,75,75,75,75,75,75,75,75,75,75,75,75,75,75,75,75,75,75,75,75,75,75,75,75,75,75,75,75],"relic_stats":{"Gremlin Horn":[0,0],"counters":[17,59],"Snecko Eye":[56,54,48,49],"MealTicket":15,"Pen Nib":[7],"Question Card":4,"obtain_stats":[{"Gremlin Horn":25,"hierophant:PropheticMaskRelic":0,"Snecko Eye":17,"MealTicket":9,"Pen Nib":6,"Omamori":26,"Odd Mushroom":11,"Ancient Tea Set":14,"Question Card":23,"InkBottle":8},{"Gremlin Horn":15,"hierophant:PropheticMaskRelic":0,"Snecko Eye":9,"MealTicket":6,"Pen Nib":5,"Omamori":15,"Odd Mushroom":7,"Ancient Tea Set":8,"Question Card":14,"InkBottle":6},{"Gremlin Horn":53,"hierophant:PropheticMaskRelic":0,"Snecko Eye":33,"MealTicket":20,"Pen Nib":17,"Omamori":53,"Odd Mushroom":22,"Ancient Tea Set":26,"Question Card":48,"InkBottle":20}],"InkBottle":[14]},"card_choices":[{"not_picked":["hierophant:AuricBeam","hierophant:Rebuild"],"picked":"hierophant:FlamingChariot","floor":1},{"not_picked":["hierophant:FieryStrike","hierophant:PassingBell"],"picked":"hierophant:HammerAndAnvil","floor":2},{"not_picked":["hierophant:Doomsaying","hierophant:Rebuild"],"picked":"hierophant:DeathKnell","floor":3},{"not_picked":["hierophant:Zeal","hierophant:Prophecy"],"picked":"hierophant:CoinFling","floor":5},{"not_picked":["hierophant:Blessing","hierophant:Zeal"],"picked":"hierophant:ThreeLashes","floor":6},{"not_picked":["hierophant:RepressedViolence","hierophant:MorningPrayer"],"picked":"hierophant:Embezzle","floor":8},{"not_picked":["hierophant:Doomsaying","hierophant:PristineSoul"],"picked":"hierophant:FieryStrike","floor":11},{"not_picked":["hierophant:LocustPlague","hierophant:RecallFunds"],"picked":"hierophant:ThreeLashes","floor":14},{"not_picked":["hierophant:Determination","hierophant:AuricForm"],"picked":"hierophant:Batter","floor":16},{"not_picked":["hierophant:Chorus","hierophant:RustyCrate+1","hierophant:Encroach"],"picked":"SKIP","floor":18},{"not_picked":["hierophant:Patience","hierophant:Shelter"],"picked":"hierophant:OrnateBuckler+1","floor":20},{"not_picked":["hierophant:ThreeLashes","hierophant:HolyVerse"],"picked":"hierophant:Purify+1","floor":21},{"not_picked":["hierophant:Smite","hierophant:Anathema","hierophant:Zeal"],"picked":"SKIP","floor":22},{"not_picked":["hierophant:Remorse","hierophant:Alms"],"picked":"hierophant:Levitation","floor":23},{"not_picked":["hierophant:Blessing","hierophant:RepressedViolence","hierophant:AuricShield"],"picked":"hierophant:Levitation","floor":25},{"not_picked":["hierophant:Doomsaying","hierophant:Flagellation","hierophant:Shelter"],"picked":"hierophant:Upheaval","floor":28}],"player_experience":1869246,"relics_obtained":[{"floor":6,"key":"Pen Nib"},{"floor":8,"key":"InkBottle"},{"floor":9,"key":"MealTicket"},{"floor":11,"key":"Odd Mushroom"},{"floor":14,"key":"Ancient Tea Set"},{"floor":23,"key":"Question Card"},{"floor":25,"key":"Gremlin Horn"},{"floor":26,"key":"Omamori"}],"event_choices":[{"damage_healed":0,"gold_gain":0,"player_choice":"Left Gold","damage_taken":0,"max_hp_gain":0,"max_hp_loss":0,"event_name":"World of Goop","floor":4,"gold_loss":49},{"damage_healed":0,"gold_gain":0,"player_choice":"Fought Mushrooms","damage_taken":0,"max_hp_gain":0,"max_hp_loss":0,"event_name":"Mushrooms","floor":11,"gold_loss":0},{"damage_healed":0,"gold_gain":0,"cards_transformed":["hierophant:ThreeLashes","hierophant:ThreeLashes"],"player_choice":"Became Test Subject","damage_taken":0,"max_hp_gain":0,"max_hp_loss":0,"event_name":"Drug Dealer","floor":19,"gold_loss":0,"cards_obtained":["hierophant:PassingBell","hierophant:Sermon"]},{"damage_healed":0,"gold_gain":0,"player_choice":"Smashed Altar","damage_taken":0,"max_hp_gain":0,"max_hp_loss":0,"event_name":"Forgotten Altar","floor":27,"gold_loss":0,"cards_obtained":["Decay"]}],"is_beta":false,"boss_relics":[{"not_picked":["Tiny House","Velvet Choker"],"picked":"Snecko Eye"}],"items_purged_floors":[],"is_endless":false,"potions_floor_spawned":[3,8,14,16,18,20,25,28],"killed_by":"Slavers","ascension_level":15}}