{"host":"kw4o7b3ro2ktmmbe","time":1608079915,"event":{"mods":["BaseMod","Minty Spire (QoL Compilation)","StSLib","The Death Knight","Treasure Hunter"],"gold_per_floor":[149,149,173,198,198,198,228,82,164,164,239,254,274,297,297,416,416,432,70,70,70,94,130,130,144,167,167,167,182,201,225,225,345,345,374,69,69,13,34,34,34,34],"floor_reached":41,"playtime":3494,"items_purged":["Injury"],"score":524,"play_id":"e89246e1-adbc-4730-81dc-adbc4593403b","local_time":"20201216135155","is_ascension_mode":true,"campfire_choices":[{"data":"DeathKnight:RuneTap","floor":6.0,"key":"SMITH"},{"data":"DeathKnight:RuneStrike","floor":10.0,"key":"SMITH"},{"data":"DeathKnight:ReapingStrike","floor":15.0,"key":"SMITH"},{"floor":24.0,"key":"REST"},{"floor":28.0,"key":"REST"},{"floor":32.0,"key":"REST"},{"data":"DeathKnight:AntiMagicShell","floor":40,"key":"SMITH"}],"circlet_count":0,"master_deck":["DeathKnight:Strike_DeathKnight","DeathKnight:Strike_DeathKnight","DeathKnight:Strike_DeathKnight","DeathKnight:Strike_DeathKnight","DeathKnight:Strike_DeathKnight","DeathKnight:Defend_DeathKnight","DeathKnight:Defend_DeathKnight","DeathKnight:Defend_DeathKnight","DeathKnight:Defend_DeathKnight","DeathKnight:Defend_DeathKnight","DeathKnight:RuneTap+1","DeathKnight:RuneStrike+1","TH:Mimic","DeathKnight:ReapingStrike+1","TH:TreasureMap","TH:ArmorSpikes","DeathKnight:UnholyExperiment","DeathKnight:HornOfWinter+1","TH:ArmorSpikes","TH:BikiniMail+1","DeathKnight:FrostStrike+1","DeathKnight:DreadStrike+1","TH:ElvenBoots+1","DeathKnight:BoneStorm","DeathKnight:Pestilence","DeathKnight:AntiMagicShell+1","TH:CopperCoins+1","DeathKnight:Simulacrum","DeathKnight:FoulBulwark+1","DeathKnight:MindFreeze+1"],"relics":["Runic Pyramid","Golden Idol","Nunchaku","DeathKnight:SylvanasMusicBox","Lee\u0027s Waffle","DeathKnight:TomeOfFrostSpecialization","Bronze Scales","DeathKnight:ScourgeInsignia","Thread and Needle","Potion Belt","TH:Anvil","Pen Nib","Coffee Dripper","MealTicket","OrangePellets","PreservedInsect"],"acts_visited":["Exordium","TheCity","TheBeyond"],"potions_floor_usage":[37,39,41],"damage_taken":[{"damage":1.0,"enemies":"Cultist","floor":1.0,"turns":4.0},{"damage":0.0,"enemies":"Jaw Worm","floor":3.0,"turns":5.0},{"damage":8.0,"enemies":"Small Slimes","floor":4.0,"turns":4.0},{"damage":0.0,"enemies":"2 Fungi Beasts","floor":12.0,"turns":5.0},{"damage":5.0,"enemies":"Gremlin Gang","floor":13.0,"turns":7.0},{"damage":19.0,"enemies":"The Guardian","floor":16.0,"turns":10.0},{"damage":27.0,"enemies":"Shell Parasite","floor":18.0,"turns":6.0},{"damage":1.0,"enemies":"2 Thieves","floor":21.0,"turns":1.0},{"damage":23.0,"enemies":"Book of Stabbing","floor":23.0,"turns":4.0},{"damage":27.0,"enemies":"Snake Plant","floor":25.0,"turns":6.0},{"damage":0.0,"enemies":"Cultist and Chosen","floor":29.0,"turns":7.0},{"damage":36.0,"enemies":"Snecko","floor":30.0,"turns":6.0},{"damage":15.0,"enemies":"Centurion and Healer","floor":31.0,"turns":7.0},{"damage":8.0,"enemies":"Champ","floor":33.0,"turns":11.0},{"damage":30.0,"enemies":"3 Darklings","floor":35.0,"turns":6.0},{"damage":0,"enemies":"3 Shapes","floor":37,"turns":1},{"damage":34,"enemies":"Jaw Worm Horde","floor":39,"turns":5},{"damage":9,"enemies":"4 Shapes","floor":41,"turns":1}],"seed_played":"1197202464166480036","potions_obtained":[{"floor":13.0,"key":"PowerPotion"},{"floor":20.0,"key":"Strength Potion"},{"floor":20.0,"key":"LiquidMemories"},{"floor":25.0,"key":"Regen Potion"},{"floor":29.0,"key":"Dexterity Potion"},{"floor":39,"key":"Fire Potion"}],"is_trial":false,"path_per_floor":["M","?","M","M","?","R","?","$","T","R","?","M","M","T","R","B",null,"M","$","?","M","T","E","R","M","T","?","R","M","M","M","R","B",null,"M","$","M","?","M","R","M"],"character_chosen":"DEATH_KNIGHT","items_purchased":["Lee\u0027s Waffle","Thread and Needle","MealTicket","OrangePellets"],"campfire_rested":3,"item_purchase_floors":[8,19,36,36],"current_hp_per_floor":[67,67,67,59,47,47,47,82,82,82,71,71,66,66,66,47,73,46,46,46,45,45,22,46,19,19,19,43,58,22,7,31,23,67,37,37,37,37,3,3,0,0],"gold":34,"neow_bonus":"BOSS_RELIC","is_daily":false,"chose_seed":false,"campfire_upgraded":4,"win_rate":0.0,"timestamp":1608079915,"path_taken":["M","?","M","M","?","R","?","$","T","R","?","M","M","?","R","BOSS","M","$","?","?","?","E","R","M","T","?","R","M","M","M","R","BOSS","M","$","M","?","M","R","M"],"items_purchased_type":["Relic","Relic","Relic","Relic"],"build_version":"2020-12-13","purchased_purges":1,"victory":false,"max_hp_per_floor":[75,75,75,75,75,75,75,82,82,82,82,82,82,82,82,82,82,82,82,82,82,82,82,82,82,82,82,82,82,82,82,82,82,82,82,82,82,82,82,82,82,82],"card_choices":[{"not_picked":["DeathKnight:Parry","DeathKnight:RuneShock","DeathKnight:HornOfWinter"],"picked":"SKIP","floor":1.0},{"not_picked":["DeathKnight:DeathRune","DeathKnight:DreadStrike","DeathKnight:HowlingBlast"],"picked":"SKIP","floor":3.0},{"not_picked":["DeathKnight:RuneShock","DeathKnight:PathOfFrost","DeathKnight:HornOfWinter"],"picked":"SKIP","floor":4.0},{"not_picked":["TH:PixieDust"],"picked":"TH:Mimic","floor":9.0},{"not_picked":["DeathKnight:DeathCoil","DeathKnight:Rot"],"picked":"DeathKnight:ReapingStrike","floor":12.0},{"not_picked":["DeathKnight:BloodStrike","DeathKnight:FrosPresence","DeathKnight:DeathsAdvance"],"picked":"SKIP","floor":13.0},{"not_picked":["TH:BikiniMail"],"picked":"TH:TreasureMap","floor":14.0},{"not_picked":["TH:EnergyPotion"],"picked":"TH:ArmorSpikes","floor":16.0},{"not_picked":["DeathKnight:ReapingStrike","DeathKnight:Simulacrum"],"picked":"DeathKnight:UnholyExperiment","floor":16.0},{"not_picked":["DeathKnight:BloodTap","DeathKnight:RuneShock+1"],"picked":"DeathKnight:HornOfWinter+1","floor":18.0},{"not_picked":["TH:EnergyPotion"],"picked":"TH:ArmorSpikes","floor":22.0},{"not_picked":["TH:CopperCoins"],"picked":"TH:BikiniMail","floor":23.0},{"not_picked":["DeathKnight:ShatteringStrikes+1","DeathKnight:BoneSpear"],"picked":"DeathKnight:FrostStrike+1","floor":23.0},{"not_picked":["DeathKnight:BloodStrike","DeathKnight:UnholyFrenzy"],"picked":"DeathKnight:DreadStrike+1","floor":25.0},{"not_picked":["TH:EnergyPotion"],"picked":"TH:ElvenBoots","floor":26.0},{"not_picked":["DeathKnight:FrostStrike+1","DeathKnight:RaiseAlly"],"picked":"DeathKnight:BoneStorm","floor":29.0},{"not_picked":["DeathKnight:DeathStrike","DeathKnight:RuneShock"],"picked":"DeathKnight:Pestilence","floor":30.0},{"not_picked":["DeathKnight:MutagenicPlague+1","DeathKnight:ChainsOfIce+1"],"picked":"DeathKnight:AntiMagicShell","floor":31.0},{"not_picked":["TH:EnergyPotion"],"picked":"TH:CopperCoins","floor":33.0},{"not_picked":["DeathKnight:Runesurge","DeathKnight:VampiricBlood"],"picked":"DeathKnight:Simulacrum","floor":33.0},{"not_picked":["DeathKnight:MutagenicPlague+1","DeathKnight:HartStrike+1"],"picked":"DeathKnight:FoulBulwark+1","floor":35.0},{"not_picked":["DeathKnight:Parry","DeathKnight:BludPresence"],"picked":"DeathKnight:MindFreeze+1","floor":39}],"player_experience":1809835,"relics_obtained":[{"floor":9.0,"key":"DeathKnight:TomeOfFrostSpecialization"},{"floor":14.0,"key":"Bronze Scales"},{"floor":22.0,"key":"Potion Belt"},{"floor":23.0,"key":"TH:Anvil"},{"floor":26.0,"key":"Pen Nib"}],"event_choices":[{"damage_healed":0.0,"max_hp_gain":0.0,"max_hp_loss":0.0,"gold_gain":0.0,"event_name":"Golden Idol","player_choice":"Take Wound","floor":2.0,"gold_loss":0.0,"damage_taken":0.0,"relics_obtained":["Golden Idol"],"cards_obtained":["Injury"]},{"damage_healed":0.0,"max_hp_gain":0.0,"max_hp_loss":0.0,"gold_gain":0.0,"event_name":"Scrap Ooze","player_choice":"Success","floor":5.0,"gold_loss":0.0,"damage_taken":12.0,"relics_obtained":["Nunchaku"]},{"damage_healed":0.0,"max_hp_gain":0.0,"max_hp_loss":0.0,"gold_gain":30.0,"event_name":"Dead Adventurer","player_choice":"Searched \u00272\u0027 times","floor":7.0,"gold_loss":0.0,"damage_taken":0.0,"relics_obtained":["DeathKnight:SylvanasMusicBox"]},{"damage_healed":0.0,"max_hp_gain":0.0,"max_hp_loss":0.0,"gold_gain":75.0,"event_name":"World of Goop","player_choice":"Gather Gold","floor":11.0,"gold_loss":0.0,"damage_taken":11.0},{"damage_healed":0.0,"max_hp_gain":0.0,"max_hp_loss":0.0,"gold_gain":0.0,"event_name":"Lab","player_choice":"Got Potions","floor":20.0,"gold_loss":0.0,"damage_taken":0.0},{"damage_healed":0.0,"max_hp_gain":0.0,"max_hp_loss":0.0,"gold_gain":0.0,"event_name":"Ghosts","player_choice":"Ignored","floor":27.0,"gold_loss":0.0,"damage_taken":0.0},{"damage_healed":0,"gold_gain":0,"player_choice":"Paid Gold","damage_taken":0,"relics_obtained":["PreservedInsect"],"max_hp_gain":0,"max_hp_loss":0,"event_name":"WeMeetAgain","floor":38,"gold_loss":56}],"is_beta":false,"boss_relics":[{"not_picked":["Sozu","Empty Cage"],"picked":"DeathKnight:ScourgeInsignia"},{"not_picked":["Black Star","SacredBark"],"picked":"Coffee Dripper"}],"items_purged_floors":[19],"is_endless":false,"potions_floor_spawned":[13,21,25,29,39],"killed_by":"4 Shapes","ascension_level":6}}