{"host":"yvb207ks1sg3cxef","time":1608150697,"event":{"mods":["2.2 Compatiblity","BaseMod","Bestiary","Colored Powertips","Minty Spire (QoL Compilation)","Permanent Neow","Quick Restart","Relic Stats","StSLib"],"gold_per_floor":[215,228,503,40,60,60,73,73,96,114,149,168,188,213,213,213,213],"floor_reached":16,"playtime":837,"items_purged":["Regret"],"score":188,"play_id":"8167c214-3387-40a1-94b8-ab78178e22a1","local_time":"20201217020137","is_ascension_mode":true,"campfire_choices":[{"data":"Neutralize","floor":6.0,"key":"SMITH"},{"data":"Well Laid Plans","floor":8.0,"key":"SMITH"},{"floor":15,"key":"REST"}],"circlet_count":0,"master_deck":["AscendersBane","Strike_G","Strike_G","Strike_G","Strike_G","Strike_G","Defend_G","Defend_G+1","Defend_G","Defend_G","Defend_G+1","Survivor","Neutralize+1","Dagger Throw","Sucker Punch","Masterful Stab","Well Laid Plans+1","Deflect","PiercingWail","Acrobatics","Corpse Explosion"],"relics":["Ring of the Snake","Tingsha","War Paint","Akabeko","Ornamental Fan"],"acts_visited":["Exordium"],"potions_floor_usage":[],"damage_taken":[{"damage":2.0,"enemies":"Jaw Worm","floor":1.0,"turns":6.0},{"damage":1.0,"enemies":"Cultist","floor":2.0,"turns":5.0},{"damage":0.0,"enemies":"2 Louse","floor":5.0,"turns":3.0},{"damage":5.0,"enemies":"Gremlin Gang","floor":7.0,"turns":3.0},{"damage":2.0,"enemies":"Exordium Thugs","floor":10.0,"turns":5.0},{"damage":18.0,"enemies":"Gremlin Nob","floor":11.0,"turns":4.0},{"damage":0.0,"enemies":"Blue Slaver","floor":12.0,"turns":3.0},{"damage":0.0,"enemies":"2 Fungi Beasts","floor":13.0,"turns":3.0},{"damage":25.0,"enemies":"3 Sentries","floor":14.0,"turns":10.0},{"damage":35,"enemies":"Slime Boss","floor":16,"turns":7}],"seed_played":"7372392164932424726","potions_obtained":[{"floor":1.0,"key":"SneckoOil"},{"floor":2.0,"key":"Ancient Potion"},{"floor":7.0,"key":"CunningPotion"}],"is_trial":false,"path_per_floor":["M","M","?","$","M","R","M","R","T","M","E","M","M","E","R","B"],"character_chosen":"THE_SILENT","items_purchased":["Tingsha","Masterful Stab"],"campfire_rested":1,"item_purchase_floors":[4,4],"current_hp_per_floor":[61,60,60,60,60,60,55,55,55,53,35,35,35,10,31,0,0],"gold":213,"neow_bonus":"HUNDRED_GOLD","is_daily":false,"chose_seed":false,"campfire_upgraded":2,"win_rate":0.0,"timestamp":1608150697,"path_taken":["M","M","?","$","M","R","M","R","T","M","E","M","M","E","R","BOSS"],"items_purchased_type":["Relic","Card"],"build_version":"2020-12-13","purchased_purges":1,"victory":false,"max_hp_per_floor":[70,70,70,70,70,70,70,70,70,70,70,70,70,70,70,70,70],"relic_stats":{"counters":[10,49],"Ornamental Fan":[12],"Tingsha":[65],"War Paint":["Defend_G","Defend_G"],"obtain_stats":[{"Ornamental Fan":14,"Tingsha":4,"War Paint":9,"Akabeko":11,"Ring of the Snake":0},{"Ornamental Fan":9,"Tingsha":2,"War Paint":4,"Akabeko":6,"Ring of the Snake":0},{"Ornamental Fan":42,"Tingsha":11,"War Paint":17,"Akabeko":26,"Ring of the Snake":0}],"Ring of the Snake":[20]},"card_choices":[{"not_picked":["Tactician","Dodge and Roll"],"picked":"Dagger Throw","floor":1.0},{"not_picked":["Outmaneuver","Terror"],"picked":"Sucker Punch","floor":2.0},{"not_picked":["Prepared","Slice"],"picked":"Well Laid Plans","floor":5.0},{"not_picked":["Slice","Eviscerate","Quick Slash"],"picked":"SKIP","floor":7.0},{"not_picked":["Underhanded Strike","Terror"],"picked":"Deflect","floor":10.0},{"not_picked":["Underhanded Strike","Quick Slash"],"picked":"PiercingWail","floor":11.0},{"not_picked":["Deadly Poison","Flying Knee"],"picked":"Acrobatics","floor":12.0},{"not_picked":["Dagger Spray","Expertise","Sucker Punch"],"picked":"SKIP","floor":13.0},{"not_picked":["Bane","Well Laid Plans"],"picked":"Corpse Explosion","floor":14.0}],"player_experience":174468,"relics_obtained":[{"floor":9.0,"key":"War Paint"},{"floor":11.0,"key":"Akabeko"},{"floor":14.0,"key":"Ornamental Fan"}],"event_choices":[{"damage_healed":0.0,"max_hp_gain":0.0,"max_hp_loss":0.0,"gold_gain":275.0,"event_name":"Golden Shrine","player_choice":"Desecrate","floor":3.0,"gold_loss":0.0,"damage_taken":0.0,"cards_obtained":["Regret"]}],"is_beta":false,"boss_relics":[],"items_purged_floors":[4],"is_endless":false,"potions_floor_spawned":[1,2,7,10],"killed_by":"Slime Boss","ascension_level":13}}