{"host":"tl8jdqk9pnwb74j1","time":1608124684,"event":{"mods":["BaseMod","BetterRewards","Custom Start","Minty Spire (QoL Compilation)","Shop Mod","StSLib","SuperFastMode"],"gold_per_floor":[115,133,133,5,5,32,32,49,49,64,82,82,32,32,32,130,130,148,148,159,24,24,24,39,39,39,56,56,56,71,86,86,86,86],"floor_reached":33,"playtime":1140,"items_purged":["Decay"],"score":272,"play_id":"1b5d1e1c-dd35-4475-b2f0-921afe5a9b85","local_time":"20201216211804","is_ascension_mode":false,"campfire_choices":[{"data":"Body Slam","floor":12,"key":"SMITH"},{"data":"Dual Wield","floor":15,"key":"SMITH"},{"data":"Body Slam","floor":23,"key":"SMITH"},{"data":"Flame Barrier","floor":28,"key":"SMITH"},{"data":"Entrench","floor":32,"key":"SMITH"}],"circlet_count":0,"master_deck":["Strike_R","Defend_R","Defend_R","Defend_R","Defend_R","Bash","True Grit","Flame Barrier+1","Shrug It Off","Metallicize","Dual Wield+1","Body Slam+1","Immolate","Shrug It Off+1","Body Slam+1","Rage","Flex","Shame","Entrench+1"],"relics":["Burning Blood","NeowsBlessing","Kunai","Gremlin Horn","Pantograph","SlaversCollar","MerchantsRug","Bottled Flame","Singing Bowl"],"acts_visited":["Exordium","TheCity"],"potions_floor_usage":[16,33,33],"damage_taken":[{"damage":0,"enemies":"Small Slimes","floor":1,"turns":1},{"damage":0,"enemies":"Cultist","floor":2,"turns":1},{"damage":0,"enemies":"Gremlin Nob","floor":6,"turns":1},{"damage":14,"enemies":"Jaw Worm","floor":8,"turns":5},{"damage":4,"enemies":"3 Louse","floor":10,"turns":6},{"damage":3,"enemies":"Exordium Wildlife","floor":11,"turns":5},{"damage":50,"enemies":"The Guardian","floor":16,"turns":14},{"damage":13,"enemies":"3 Byrds","floor":18,"turns":4},{"damage":12,"enemies":"Shell Parasite","floor":20,"turns":5},{"damage":32,"enemies":"Snake Plant","floor":24,"turns":6},{"damage":13,"enemies":"Centurion and Healer","floor":27,"turns":6},{"damage":1,"enemies":"3 Cultists","floor":30,"turns":5},{"damage":12,"enemies":"Snake Plant","floor":31,"turns":4},{"damage":63,"enemies":"Champ","floor":33,"turns":15}],"seed_played":"6500063758837038338","potions_obtained":[{"floor":2,"key":"DuplicationPotion"},{"floor":8,"key":"Strength Potion"},{"floor":16,"key":"Swift Potion"},{"floor":20,"key":"Dexterity Potion"},{"floor":24,"key":"Energy Potion"},{"floor":27,"key":"Swift Potion"},{"floor":30,"key":"DistilledChaos"}],"is_trial":false,"path_per_floor":["M","M","?","$","T","E","?","M","T","M","M","R","?","$","R","B",null,"M","?","M","$","?","R","M","?","T","M","R","?","M","M","R","B"],"character_chosen":"IRONCLAD","items_purchased":["Shrug It Off","MerchantsRug","Body Slam"],"campfire_rested":0,"item_purchase_floors":[4,21,21],"current_hp_per_floor":[80,80,80,80,80,80,80,72,72,74,77,77,77,77,77,36,80,73,73,67,67,67,67,41,41,41,34,34,34,39,35,35,0,0],"gold":86,"neow_bonus":"THREE_ENEMY_KILL","is_daily":false,"chose_seed":false,"campfire_upgraded":5,"win_rate":0.0,"timestamp":1608124684,"path_taken":["M","M","?","?","?","E","?","?","T","M","M","R","?","?","R","BOSS","M","?","M","$","?","R","M","?","T","M","R","?","M","M","R","BOSS"],"items_purchased_type":["Card","Relic","Card"],"build_version":"2020-12-13","purchased_purges":1,"victory":false,"max_hp_per_floor":[80,80,80,80,80,80,80,80,80,80,80,80,80,80,80,80,80,80,80,80,80,80,80,80,80,80,80,80,80,80,82,82,82,82],"card_choices":[{"not_picked":["Flex","Rupture"],"picked":"True Grit","floor":1},{"not_picked":["Spot Weakness","Sword Boomerang"],"picked":"Flame Barrier","floor":2},{"not_picked":["Heavy Blade","Headbutt"],"picked":"Metallicize","floor":6},{"not_picked":["Pommel Strike","Flex"],"picked":"Dual Wield","floor":8},{"not_picked":["Reckless Charge","Havoc","Dropkick"],"picked":"SKIP","floor":10},{"not_picked":["Immolate","Headbutt"],"picked":"Body Slam","floor":11},{"not_picked":["Fiend Fire","Brutality"],"picked":"Immolate","floor":16},{"not_picked":["Anger+1","Pommel Strike","Clash"],"picked":"SKIP","floor":18},{"not_picked":["Clash","Clothesline"],"picked":"Shrug It Off+1","floor":20},{"not_picked":["Intimidate","Exhume","Headbutt"],"picked":"SKIP","floor":24},{"not_picked":["Iron Wave","Heavy Blade+1","Clash+1"],"picked":"SKIP","floor":27},{"not_picked":["Body Slam","Fiend Fire"],"picked":"Entrench","floor":30},{"not_picked":["Whirlwind","Clash","Blood for Blood"],"picked":"Singing Bowl","floor":31}],"player_experience":946144,"relics_obtained":[{"floor":5,"key":"Kunai"},{"floor":6,"key":"Gremlin Horn"},{"floor":9,"key":"Pantograph"},{"floor":26,"key":"Bottled Flame"}],"event_choices":[{"damage_healed":0,"gold_gain":0,"player_choice":"Cursed","damage_taken":0,"max_hp_gain":0,"max_hp_loss":0,"event_name":"Wheel of Change","floor":3,"gold_loss":0,"cards_obtained":["Decay"]},{"cards_removed":["Strike_R"],"damage_healed":0,"gold_gain":0,"player_choice":"Forget","damage_taken":0,"max_hp_gain":0,"max_hp_loss":0,"event_name":"Living Wall","floor":7,"gold_loss":0},{"cards_removed":["Strike_R"],"damage_healed":0,"gold_gain":0,"player_choice":"Card Removal","damage_taken":0,"max_hp_gain":0,"max_hp_loss":0,"event_name":"The Cleric","floor":13,"gold_loss":50},{"damage_healed":0,"gold_gain":0,"player_choice":"Ignored","damage_taken":0,"max_hp_gain":0,"max_hp_loss":0,"event_name":"Ghosts","floor":19,"gold_loss":0},{"damage_healed":0,"gold_gain":0,"player_choice":"Ignored","damage_taken":0,"max_hp_gain":0,"max_hp_loss":0,"event_name":"Vampires","floor":22,"gold_loss":0},{"damage_healed":0,"gold_gain":0,"cards_transformed":["Strike_R","Strike_R"],"player_choice":"Became Test Subject","damage_taken":0,"max_hp_gain":0,"max_hp_loss":0,"event_name":"Drug Dealer","floor":25,"gold_loss":0,"cards_obtained":["Rage","Flex"]},{"damage_healed":0,"gold_gain":0,"player_choice":"Stole Relic","damage_taken":0,"relics_obtained":["Singing Bowl"],"max_hp_gain":0,"max_hp_loss":0,"event_name":"Addict","floor":29,"gold_loss":0,"cards_obtained":["Shame"]}],"is_beta":false,"boss_relics":[{"not_picked":["Ectoplasm","Runic Dome"],"picked":"SlaversCollar"}],"items_purged_floors":[4],"is_endless":false,"potions_floor_spawned":[2,8,16,20,24,27,30],"killed_by":"Champ","ascension_level":0}}