{"host":"h792lphzw6wlba86","time":1608077760,"event":{"mods":["AchievementEnabler","Aspiration","Bard","BaseMod","Beaked The Cultist","Better Altar","Better Match","Better Note","Better Sensory Stone","Better Skull","Better Third Choice","BetterRewards","CCEM","Clawfect","Colored Map","Conspire","Downfall","GifTheSpireLib","Googly Eyes","Halation","Hermit","Highlight Path","Hubris","Hunter ??","Jedi Mod","Jorbs\u0027s Wanderer Trilogy","Mad Scientist","Marisa????????","Mimic Mod","Minty Spire (QoL Compilation)","Permanent Neow","Replay The Spire","Shade Mod","Shop Mod","Spicy Shops","StSLib","Stuff the Spire","The Administrix","The Blackbeard","The Bug Knight","The Construct","The Cursed","The Disciple","The Gatherer","The Hierophant","The IronCluck","The Jungle","The Mystic","The Necromancer","The Problem Sleuth","The Runesmith","The Servant 0.9.4","The Spell Scribe","The Witch","Unceasing Turn Reminder","everything is the same but u backflip on backflip","slay the spire mod where everything is the same but ironclad has a cowboy hat"],"gold_per_floor":[0,14,50,62,96,133,220,232,271,208,220,232,315,245,265,378,378,378,653,679,679,679,679,679,679,704,704,729,750,766,789,808,915,915,915,958,958,958,958,981,981,997,922,955,969,119,130,146,164,164],"floor_reached":51,"playtime":4653,"items_purged":["hexamod:Strike","Regret","Pain"],"score":754,"play_id":"87e045ea-90a6-4390-bb10-7f8605812195","local_time":"20201215181600","is_ascension_mode":false,"campfire_choices":[{"floor":1,"key":"RECALL"},{"data":"hexamod:BurningTouch","floor":4,"key":"SMITH"},{"data":"hexamod:ThermalTransfer","floor":10,"key":"SMITH"},{"data":"hexamod:Rewind","floor":18,"key":"SMITH"},{"data":"hexamod:BurningTouch","floor":21,"key":"SMITH"},{"data":"hexamod:Float","floor":25,"key":"SMITH"},{"data":"hexamod:VolcanoVisage","floor":27,"key":"SMITH"},{"data":"hexamod:BurningTouch","floor":35,"key":"SMITH"},{"floor":38,"key":"REST"},{"data":"hexamod:SoulSteal","floor":43,"key":"SMITH"}],"circlet_count":0,"master_deck":["hexamod:Strike","hexamod:Strike","hexamod:Defend+1","hexamod:Defend+1","hexamod:Defend","hexamod:Sear+1","hexamod:Float+1","hexamod:VolcanoVisage+1","hexamod:SecondSeal","hexamod:BurningTouch+1","hexamod:StepThrough+1","hexamod:EmpoweringStance+1","hexamod:ThermalTransfer+1","hexamod:StepThrough+1","hexamod:FirstSeal","hexamod:Rewind+1","hexamod:BurningTouch+1","hexamod:PowerFromBeyond+1","hexamod:RadiantFlame+1","hexamod:ThermalTransfer+1","hexamod:SoulSteal+1","hexamod:BurningTouch+1","hexamod:ThermalTransfer+1","hexamod:SixthSeal","hexamod:RadiantFlame","Replay:SS_hec_2","hexamod:VolcanoVisage","hexamod:SpectralAdrenaline","Replay:SS_hec_2+1","hexamod:FastForward+1"],"relics":["hexamod:SpiritBrand","MawBank","jedi:heavyjacket","downfall:HeartBlessingRed","Pen Nib","conspire:RoyalGoblet","hubris:Towel","StuffTheSpire:CocoNut","beaked:ShinyBauble","construct:WeddingRing","ReplayTheSpireMod:TigerMarble","downfall:HeartBlessingBlue","CCEMRelics:FryingPan","Membership Card","hubris:GlazedTorus","PreservedInsect","Lee\u0027s Waffle","Potion Belt","CCEMRelics:OverlyComfyChair"],"acts_visited":["Exordium","TheCity","TheBeyond"],"potions_floor_usage":[13,20,26,29,33,33,36,50,50,50,50],"damage_taken":[{"damage":0,"enemies":"Jaw Worm","floor":2,"turns":3},{"damage":29,"enemies":"Gremlin Nob","floor":3,"turns":5},{"damage":0,"enemies":"Small Slimes","floor":5,"turns":5},{"damage":2,"enemies":"2 Louse","floor":6,"turns":5},{"damage":1,"enemies":"Blue Slaver","floor":9,"turns":4},{"damage":10,"enemies":"Lagavulin Event","floor":13,"turns":5},{"damage":0,"enemies":"downfall:FleeingMerchant","floor":14,"turns":4},{"damage":1,"enemies":"Exordium Wildlife","floor":15,"turns":4},{"damage":28,"enemies":"downfall:Ironclad","floor":16,"turns":8},{"damage":12,"enemies":"Spheric Guardian","floor":20,"turns":6},{"damage":12,"enemies":"Book of Stabbing","floor":26,"turns":4},{"damage":1,"enemies":"Chosen","floor":28,"turns":3},{"damage":8,"enemies":"Shelled Parasite and Fungi","floor":29,"turns":5},{"damage":0,"enemies":"Snecko","floor":30,"turns":3},{"damage":26,"enemies":"Centurion and Healer","floor":31,"turns":5},{"damage":15,"enemies":"Snake Plant","floor":32,"turns":3},{"damage":24,"enemies":"downfall:Watcher","floor":33,"turns":6},{"damage":51,"enemies":"Giant Head","floor":36,"turns":9},{"damage":0,"enemies":"3 Shapes","floor":40,"turns":3},{"damage":1,"enemies":"Orb Walker","floor":42,"turns":4},{"damage":30,"enemies":"HollowMod:StalkingDevout","floor":44,"turns":7},{"damage":1,"enemies":"Spire Growth","floor":45,"turns":4},{"damage":1,"enemies":"downfall:FleeingMerchant","floor":46,"turns":4},{"damage":3,"enemies":"Sphere and 2 Shapes","floor":47,"turns":3},{"damage":3,"enemies":"Jaw Worm Horde","floor":48,"turns":6},{"damage":0,"enemies":"Spire Growth","floor":49,"turns":3},{"damage":21,"enemies":"downfall:Defect","floor":50,"turns":9}],"seed_played":"-173822724962352629","potions_obtained":[{"floor":5,"key":"Energy Potion"},{"floor":13,"key":"SteroidPotion"},{"floor":15,"key":"Ancient Potion"},{"floor":16,"key":"LifebloodPotion"},{"floor":20,"key":"Fire Potion"},{"floor":26,"key":"LiquidMemories"},{"floor":31,"key":"Adrenaline Potion"},{"floor":33,"key":"Adrenaline Potion"},{"floor":44,"key":"SkillPotion"},{"floor":45,"key":"jedi:StrikingPotion"},{"floor":47,"key":"DistilledChaos"},{"floor":48,"key":"Slimebound:ThreeZeroPotion"}],"is_trial":false,"path_per_floor":["R","M","E","R","M","M","T","?","M","R","?","?","?","$","M","B",null,"R","?","M","R","?","?","T","R","E","R","M","M","M","M","M","B",null,"R","E","?","R","?","M","T","M","R","E","M","$","M","M","M","B",null],"character_chosen":"THE_SPIRIT","items_purchased":["Membership Card","hubris:GlazedTorus","Replay:SS_hec_2","PreservedInsect","Lee\u0027s Waffle","Potion Belt","CCEMRelics:OverlyComfyChair"],"campfire_rested":1,"item_purchase_floors":[46,46,46,46,46,46,46],"current_hp_per_floor":[70,70,41,41,41,39,39,39,38,38,38,38,35,42,48,27,70,70,70,65,65,65,65,72,72,67,67,73,72,72,46,38,21,77,77,33,33,56,56,56,56,62,72,56,62,94,94,94,94,81],"gold":164,"neow_bonus":"THREE_RARE_CARDS","is_daily":false,"chose_seed":false,"campfire_upgraded":8,"win_rate":0.0,"timestamp":1608077760,"path_taken":["R","M","E","R","M","M","T","?","M","R","?","?","?","$","M","BOSS","R","?","M","R","?","?","T","R","E","R","M","M","M","M","M","BOSS","R","E","?","R","?","M","T","M","R","E","M","?","?","M","M","BOSS"],"items_purchased_type":["Relic","Relic","Card","Relic","Relic","Relic","Relic"],"build_version":"2020-12-13","purchased_purges":3,"victory":true,"max_hp_per_floor":[70,70,70,70,70,70,70,70,70,70,70,70,70,70,70,70,70,70,70,70,70,70,70,77,77,77,77,77,77,77,77,77,77,77,77,77,77,77,77,77,77,77,87,87,87,94,94,94,94,95],"card_choices":[{"not_picked":["hexamod:EmpoweringStance","hexamod:HexaLevel"],"picked":"hexamod:VolcanoVisage","floor":0},{"not_picked":["hexamod:SpectersWail","hexamod:SwordOfDarkness"],"picked":"hexamod:SecondSeal","floor":2},{"not_picked":["hexamod:Again","hexamod:HeatCrush"],"picked":"hexamod:BurningTouch","floor":3},{"not_picked":["hexamod:NightmareGuise","hexamod:RecurringNightmare"],"picked":"hexamod:StepThrough","floor":5},{"not_picked":["hexamod:Firestarter","hexamod:SwordOfDarkness","hexamod:RetreatToShadows"],"picked":"SKIP","floor":6},{"not_picked":["hexamod:DynamicBlow","hexamod:TurnItUp"],"picked":"hexamod:ThermalTransfer","floor":9},{"not_picked":["hexamod:EtherealExpedition","hexamod:Firestarter"],"picked":"hexamod:Rewind","floor":13},{"not_picked":["hexamod:CrushingStance","hexamod:NightmareGuise"],"picked":"hexamod:BurningTouch","floor":14},{"not_picked":["hexamod:RainOfEmbers","hexamod:BurningTouch"],"picked":"hexamod:PowerFromBeyond","floor":15},{"not_picked":["hexamod:HauntingEcho+1","hexamod:SwordOfDarkness"],"picked":"hexamod:RadiantFlame+1","floor":20},{"not_picked":["hexamod:Hexaguard","hexamod:RetreatToShadows"],"picked":"hexamod:ThermalTransfer+1","floor":26},{"not_picked":["hexamod:GhostLash","hexamod:SpectersWail","hexamod:BacktrackSmack"],"picked":"SKIP","floor":28},{"not_picked":["hexamod:CrushingStance","hexamod:RainOfEmbers"],"picked":"hexamod:SoulSteal","floor":29},{"not_picked":["hexamod:RadiantFlame","hexamod:EmpoweredFlame"],"picked":"hexamod:BurningTouch","floor":30},{"not_picked":["hexamod:ThermalTransfer","hexamod:NightmareStrike","hexamod:SwordOfDarkness"],"picked":"SKIP","floor":31},{"not_picked":["hexamod:GhostOfSpireFuture","hexamod:Again"],"picked":"hexamod:ThermalTransfer+1","floor":32},{"not_picked":["hexamod:HexaLevel","hexamod:SearingWound"],"picked":"hexamod:SixthSeal","floor":33},{"not_picked":["hexamod:BacktrackSmack+1","hexamod:NightmareGuise"],"picked":"hexamod:RadiantFlame","floor":36},{"not_picked":["expansioncontent:DefensiveMode","Replay:SS_fish_2"],"picked":"Replay:SS_hec_2","floor":39},{"not_picked":["hexamod:BurningTouch+1","hexamod:SpectersWail","hexamod:AdvancingGuard"],"picked":"SKIP","floor":40},{"not_picked":["hexamod:BurningTouch","hexamod:RainOfEmbers+1","hexamod:AdvancingGuard"],"picked":"SKIP","floor":42},{"not_picked":["hexamod:BacktrackSmack","hexamod:ExtraCrispy+1"],"picked":"hexamod:VolcanoVisage","floor":44},{"not_picked":["hexamod:AdvancingGuard","hexamod:Incineration+1","hexamod:ShieldOfDarkness"],"picked":"SKIP","floor":45},{"not_picked":["hexamod:NightmareStrike","hexamod:DynamicBlow+1"],"picked":"hexamod:SpectralAdrenaline","floor":46},{"not_picked":["hexamod:BacktrackSmack+1","hexamod:DynamicBlow+1","hexamod:Rewind+1"],"picked":"SKIP","floor":47},{"not_picked":["hexamod:SwordOfDarkness+1","hexamod:HexaLevel"],"picked":"hexamod:FastForward+1","floor":48},{"not_picked":["hexamod:SpectersWail+1","hexamod:WildfireWeapon","hexamod:SpectralAdrenaline+1"],"picked":"SKIP","floor":49}],"player_experience":622167,"relics_obtained":[{"floor":3,"key":"MawBank"},{"floor":7,"key":"jedi:heavyjacket"},{"floor":13,"key":"Pen Nib"},{"floor":24,"key":"StuffTheSpire:CocoNut"},{"floor":26,"key":"beaked:ShinyBauble"},{"floor":36,"key":"ReplayTheSpireMod:TigerMarble"},{"floor":44,"key":"CCEMRelics:FryingPan"}],"event_choices":[{"damage_healed":0,"gold_gain":0,"cards_transformed":["hexamod:Strike"],"player_choice":"Change","damage_taken":0,"max_hp_gain":0,"max_hp_loss":0,"event_name":"Living Wall","floor":11,"gold_loss":0,"cards_obtained":["hexamod:StepThrough"]},{"damage_healed":0,"gold_gain":0,"player_choice":"Ignored","damage_taken":0,"max_hp_gain":0,"max_hp_loss":0,"event_name":"betterNote:BetterNote","floor":22,"gold_loss":0,"cards_obtained":["Bludgeon"]}],"is_beta":false,"boss_relics":[{"not_picked":["Empty Cage","halation:MonkeysPaw"],"picked":"conspire:RoyalGoblet"},{"not_picked":["conspire:SeveredTorchhead","Pandora\u0027s Box"],"picked":"construct:WeddingRing"}],"items_purged_floors":[14,46,46],"is_endless":false,"potions_floor_spawned":[5,13,15,16,20,26,31,33,44,45,47,48],"ascension_level":0}}