{"host":"kerxro2ytzukjey9","time":1608104937,"event":{"mods":["BaseMod","Colored Map","Downfall","Minty Spire (QoL Compilation)","Permanent Neow","StSLib"],"gold_per_floor":[99,110,120,120,149,149,149,149,183,183,194,206,206,220,240,345,345,345,371,371,471,471,501,501,351,378,303,213,231,23,42,58,157,157,157,172,186,301,333,378,402,402,432,146,159,172,182,194,204,204,204,230,7,7,7],"floor_reached":56,"playtime":8615,"items_purged":["champ:Strike","champ:Defend","champ:Defend","champ:Defend","champ:Strike"],"score":1627,"play_id":"4e1fdd88-9a2c-45ad-bd80-538a937d1058","local_time":"20201216024857","is_ascension_mode":false,"campfire_choices":[{"data":"champ:StrikeOfGenius","floor":1,"key":"SMITH"},{"data":"champ:Taunt","floor":4,"key":"SMITH"},{"data":"champ:RapidStrikes","floor":8,"key":"SMITH"},{"data":"champ:CrownThrow","floor":10,"key":"SMITH"},{"data":"champ:DancingMaster","floor":18,"key":"SMITH"},{"floor":22,"key":"RECALL"},{"data":"champ:IronFortress","floor":25,"key":"SMITH"},{"data":"champ:CrookedStrike","floor":27,"key":"SMITH"},{"data":"champ:Circumvent","floor":35,"key":"SMITH"},{"data":"champ:Improvising","floor":42,"key":"SMITH"},{"data":"champ:FaceSlap","floor":54,"key":"SMITH"}],"circlet_count":0,"master_deck":["champ:Strike","champ:Strike","champ:Defend","champ:Execute","champ:Taunt+1","champ:StrikeOfGenius+1","champ:FaceSlap+1","champ:Circumvent+1","champ:RapidStrikes+1","champ:CrownThrow+1","champ:FanOfKnives","champ:StanceDance+1","champ:CrookedStrike+1","champ:Haymaker","champ:DancingMaster+1","champ:BringItOn+1","champ:BerserkersShout+1","champ:IronFortress+1","champ:DefensiveShout+1","champ:IgnorePain+1","champ:Encircle+1","champ:StanceDance+1","champ:LastStand","champ:Improvising+1","champ:Backstep+1","champ:DefensiveShout+1","champ:Circumvent+1","champ:HoldFirm+1","champ:StanceDance+1","champ:StanceDance+1","champ:CheapShot+1","champ:IronFortress+1","champ:Circumvent+1"],"relics":["champ:ChampionCrown","Anchor","Toxic Egg 2","Boot","Nunchaku","Runic Pyramid","Du-Vu Doll","champ:FightingForDummies","champ:BlackKnightHelmet","Letter Opener","Orichalcum","downfall:HeartBlessingRed","downfall:HeartBlessingBlue","Bag of Preparation","downfall:HeartBlessingGreen","Membership Card","Coffee Dripper","champ:BerserkersGuideToSlaughter","Molten Egg 2","TungstenRod","Guardian:PocketSentry","Potion Belt","InkBottle","Bronze Scales","Pen Nib"],"acts_visited":["Exordium","TheCity","TheBeyond","TheEnding"],"potions_floor_usage":[16,19,26,43,55,55,55,55],"damage_taken":[{"damage":0,"enemies":"2 Louse","floor":2,"turns":3},{"damage":1,"enemies":"Jaw Worm","floor":3,"turns":5},{"damage":23,"enemies":"Lagavulin","floor":5,"turns":6},{"damage":24,"enemies":"Gremlin Nob","floor":9,"turns":4},{"damage":0,"enemies":"Small Slimes","floor":11,"turns":3},{"damage":12,"enemies":"Large Slime","floor":12,"turns":5},{"damage":0,"enemies":"2 Fungi Beasts","floor":14,"turns":2},{"damage":5,"enemies":"Lots of Slimes","floor":15,"turns":3},{"damage":18,"enemies":"downfall:Silent","floor":16,"turns":9},{"damage":29,"enemies":"Book of Stabbing","floor":19,"turns":6},{"damage":17,"enemies":"Book of Stabbing","floor":21,"turns":7},{"damage":11,"enemies":"Gremlin Leader","floor":23,"turns":7},{"damage":7,"enemies":"Book of Stabbing","floor":26,"turns":6},{"damage":14,"enemies":"downfall:FleeingMerchant","floor":28,"turns":4},{"damage":11,"enemies":"Shell Parasite","floor":29,"turns":3},{"damage":11,"enemies":"downfall:FleeingMerchant","floor":30,"turns":4},{"damage":0,"enemies":"Chosen","floor":31,"turns":3},{"damage":15,"enemies":"Centurion and Healer","floor":32,"turns":4},{"damage":18,"enemies":"downfall:Watcher","floor":33,"turns":5},{"damage":0,"enemies":"Orb Walker","floor":36,"turns":2},{"damage":15,"enemies":"3 Darklings","floor":37,"turns":3},{"damage":0,"enemies":"downfall:FleeingMerchant","floor":38,"turns":2},{"damage":32,"enemies":"Giant Head","floor":39,"turns":5},{"damage":23,"enemies":"2 Orb Walkers","floor":40,"turns":3},{"damage":13,"enemies":"Reptomancer","floor":43,"turns":5},{"damage":0,"enemies":"4 Shapes","floor":45,"turns":3},{"damage":13,"enemies":"Maw","floor":46,"turns":5},{"damage":6,"enemies":"Writhing Mass","floor":47,"turns":4},{"damage":13,"enemies":"Jaw Worm Horde","floor":48,"turns":4},{"damage":35,"enemies":"Transient","floor":49,"turns":5},{"damage":13,"enemies":"downfall:Defect","floor":50,"turns":7},{"damage":23,"enemies":"downfall:CharBossMerchant","floor":52,"turns":5},{"damage":83,"enemies":"downfall:NeowBoss","floor":55,"turns":17}],"seed_played":"7053450651724210209","potions_obtained":[{"floor":5,"key":"champ:CounterPotion"},{"floor":9,"key":"DistilledChaos"},{"floor":16,"key":"DistilledChaos"},{"floor":21,"key":"GamblersBrew"},{"floor":23,"key":"SmokeBomb"},{"floor":29,"key":"ColorlessPotion"},{"floor":31,"key":"SkillPotion"},{"floor":40,"key":"SpeedPotion"},{"floor":43,"key":"champ:OpenerPotion"},{"floor":45,"key":"Swift Potion"},{"floor":48,"key":"champ:OpenerPotion"}],"is_trial":false,"path_per_floor":["R","M","M","R","E","?","T","R","E","R","M","M","?","M","M","B",null,"R","E","?","?","R","E","T","R","E","R","$","M","$","M","M","B",null,"R","M","M","$","E","?","T","R","E","$","M","M","M","M","M","B",null,"E","$","R","B",null],"character_chosen":"THE_CHAMP","items_purchased":["Membership Card","champ:BerserkersGuideToSlaughter","champ:Improvising","champ:Circumvent+1","champ:HoldFirm+1","InkBottle","champ:Circumvent+1","Pen Nib","Ancient Potion"],"campfire_rested":0,"item_purchase_floors":[30,38,38,44,44,44,53,53,53],"current_hp_per_floor":[81,81,80,80,72,54,54,54,30,30,30,23,23,23,23,10,81,81,60,60,60,60,60,60,70,69,69,69,79,79,79,75,75,91,91,91,91,91,91,91,91,91,91,91,91,91,91,91,91,91,91,91,91,91,91],"gold":7,"neow_bonus":"THREE_RARE_CARDS","is_daily":false,"chose_seed":false,"campfire_upgraded":10,"win_rate":0.0,"timestamp":1608104937,"path_taken":["R","M","M","R","E","?","T","R","E","R","M","M","?","M","M","BOSS","R","E","?","?","R","E","T","R","E","R","$","M","$","M","M","BOSS","R","M","M","$","E","?","T","R","E","$","M","M","M","M","M","BOSS","E","$","R","BOSS"],"items_purchased_type":["Relic","Relic","Card","Card","Card","Relic","Card","Relic","Potion"],"build_version":"2020-12-13","purchased_purges":5,"victory":true,"max_hp_per_floor":[81,81,81,81,81,81,81,81,81,81,81,81,81,81,81,81,81,81,81,81,81,81,81,81,91,91,91,91,91,91,91,91,91,91,91,91,91,91,91,91,91,91,91,91,91,91,91,91,91,91,91,91,91,91,91],"card_choices":[{"not_picked":["champ:SwordThrow","champ:CheapShot"],"picked":"champ:StrikeOfGenius","floor":0},{"not_picked":["champ:PerfectedStrike","champ:EndlessRage"],"picked":"champ:FaceSlap","floor":2},{"not_picked":["champ:CrookedStrike","champ:FocusedGladiator"],"picked":"champ:Circumvent","floor":3},{"not_picked":["champ:SkillfulDodge","champ:Circumvent"],"picked":"champ:RapidStrikes","floor":5},{"not_picked":["champ:StrikeOfGenius","champ:HeartStrike"],"picked":"champ:CrownThrow","floor":9},{"not_picked":["champ:AdrenalArmor+1","champ:BerserkersShout+1"],"picked":"champ:FanOfKnives","floor":11},{"not_picked":["champ:Backstep+1","champ:Duel"],"picked":"champ:StanceDance+1","floor":12},{"not_picked":["champ:BringItOn+1","champ:GladiatorsShout+1"],"picked":"champ:CrookedStrike","floor":14},{"not_picked":["champ:BringItOn+1","champ:Riposte+1"],"picked":"champ:Haymaker","floor":15},{"not_picked":["champ:ShieldSlam","champ:PerfectForm"],"picked":"champ:DancingMaster","floor":16},{"not_picked":["champ:FocusedGladiator+1","champ:PreciseThrust+1"],"picked":"champ:BringItOn+1","floor":19},{"not_picked":["champ:DeathBlow","champ:Haymaker"],"picked":"champ:BerserkersShout+1","floor":21},{"not_picked":["champ:DefensiveStyle","champ:RapidStrikes"],"picked":"champ:IronFortress","floor":23},{"not_picked":["champ:FaceSlap","champ:BladeFlurry","champ:Encircle"],"picked":"SKIP","floor":26},{"not_picked":["champ:Haymaker","champ:FocusedBerserking+1"],"picked":"champ:DefensiveShout+1","floor":28},{"not_picked":["champ:PerfectedStrike","champ:SkillfulDodge+1","champ:FaceSlap+1"],"picked":"SKIP","floor":29},{"not_picked":["champ:RecklessLeap","champ:Haymaker","champ:PreciseThrust"],"picked":"SKIP","floor":30},{"not_picked":["champ:FanOfKnives","champ:BerserkerStyle","champ:BladeFlurry"],"picked":"SKIP","floor":31},{"not_picked":["champ:DefensiveStyle","champ:PerfectedStrike+1","champ:FaceSlap"],"picked":"SKIP","floor":32},{"not_picked":["champ:LastStand","champ:Devastate"],"picked":"champ:IgnorePain+1","floor":33},{"not_picked":["champ:Shatter+1","champ:FaceSlap+1"],"picked":"champ:Encircle+1","floor":36},{"not_picked":["champ:Circumvent+1","champ:BladeFlurry"],"picked":"champ:StanceDance+1","floor":37},{"not_picked":["champ:BladeFlurry","champ:Haymaker"],"picked":"champ:LastStand","floor":38},{"not_picked":["champ:SkillfulDodge+1","champ:HeavySlash+1"],"picked":"champ:Backstep+1","floor":39},{"not_picked":["champ:SteelEdge+1","champ:TornadoPunch+1"],"picked":"champ:DefensiveShout+1","floor":43},{"not_picked":["champ:PerfectedStrike+1","champ:Encircle+1"],"picked":"champ:StanceDance+1","floor":45},{"not_picked":["champ:BerserkersShout+1","champ:Duel+1"],"picked":"champ:StanceDance+1","floor":46},{"not_picked":["champ:Circumvent+1","champ:BladeFlurry+1"],"picked":"champ:CheapShot+1","floor":47},{"not_picked":["champ:TornadoPunch+1","champ:RisingSlash+1"],"picked":"champ:IronFortress+1","floor":48},{"not_picked":["champ:PerfectedStrike+1","champ:FlashCut+1","champ:BringItOn+1"],"picked":"SKIP","floor":49},{"not_picked":["champ:FanOfKnives+1","champ:FalseCounter+1","champ:DefensiveStyle"],"picked":"SKIP","floor":52}],"player_experience":732561,"relics_obtained":[{"floor":5,"key":"Anchor"},{"floor":7,"key":"Boot"},{"floor":9,"key":"Nunchaku"},{"floor":19,"key":"Du-Vu Doll"},{"floor":21,"key":"champ:BlackKnightHelmet"},{"floor":21,"key":"Letter Opener"},{"floor":23,"key":"Orichalcum"},{"floor":26,"key":"Bag of Preparation"},{"floor":39,"key":"Molten Egg 2"},{"floor":40,"key":"TungstenRod"},{"floor":41,"key":"Guardian:PocketSentry"},{"floor":43,"key":"Potion Belt"},{"floor":52,"key":"Bronze Scales"}],"event_choices":[{"damage_healed":0,"gold_gain":0,"player_choice":"Success","damage_taken":18,"relics_obtained":["Toxic Egg 2"],"max_hp_gain":0,"max_hp_loss":0,"event_name":"Scrap Ooze","floor":6,"gold_loss":0},{"damage_healed":0,"gold_gain":0,"player_choice":"Fight","damage_taken":0,"max_hp_gain":0,"max_hp_loss":0,"event_name":"Mysterious Sphere","floor":40,"gold_loss":0}],"is_beta":false,"boss_relics":[{"not_picked":["Philosopher\u0027s Stone","Black Star"],"picked":"Runic Pyramid"},{"not_picked":["Cursed Key","Busted Crown"],"picked":"Coffee Dripper"}],"items_purged_floors":[28,30,38,44,53],"is_endless":false,"potions_floor_spawned":[5,9,16,21,23,29,31,37,40,43,45,48],"ascension_level":0}}