{"host":"ktg5lwritr12xyhv","time":1608108565,"event":{"mods":["Aspiration","BaseMod","Challenge The Spire","Conspire","Downfall","Hermit","Koishi","KomeijiMod","Minty Spire (QoL Compilation)","Quick Restart","Relic Stats","Replay The Spire","RumiaBox-Â¶Ã×æ«µÄÉñÃØºÐ×Ó","SIMod","Spicy Shops","StSLib","vexMod","óô»ðÖ¸ÄÏ"],"gold_per_floor":[154,154,181,181,196,229,252,252,268,294,313,313,374,374,392,489,489,489,507,238,256,256,286,309,334,346,387,384,403,429,455,482,589,601,613,638,675,520,520,552,552,402,432,357,374,392,392,392,408,408,408,438,111,111,111],"floor_reached":56,"playtime":5713,"items_purged":["Regret","sneckomod:Strike","sneckomod:Defend+1"],"score":1756,"play_id":"d88ca44a-8e24-4b91-a9b1-59c46f9ec8fb","local_time":"20201216164925","is_ascension_mode":true,"campfire_choices":[{"data":"sneckomod:MorePower","floor":4.0,"key":"SMITH"},{"data":"sneckomod:WideSting","floor":8.0,"key":"SMITH"},{"data":"sneckomod:QuickMove","floor":18.0,"key":"SMITH"},{"data":"sneckomod:SoulRoll","floor":22.0,"key":"SMITH"},{"floor":35.0,"key":"RECALL"},{"data":"sneckomod:MasterEye","floor":42.0,"key":"SMITH"},{"data":"sneckomod:SoulExchange","floor":44.0,"key":"SMITH"},{"data":"sneckomod:TrashToTreasure","floor":54,"key":"SMITH"}],"circlet_count":0,"master_deck":["sneckomod:Strike","sneckomod:Strike","sneckomod:TailWhip","sneckomod:SnekBite+1","sneckomod:Unknown","sneckomod:Unknown","sneckomod:MorePower+1","sneckomod:UnknownRareSkill+1","sneckomod:QuickMove+1","sneckomod:UnknownUncommonAttack+1","sneckomod:WideSting+1","sneckomod:UnknownRareAttack+1","sneckomod:UnknownExhaust","sneckomod:DiceBlock","sneckomod:SoulDraw","sneckomod:UnknownClassGREEN+1","sneckomod:UnknownUncommonPower","sneckomod:UnknownRarePower+1","sneckomod:UnknownRarePower","sneckomod:UnknownExhaust+1","sneckomod:SoulRoll+1","sneckomod:MorePower","sneckomod:SoulRoll+1","sneckomod:UnknownUncommonPower","Master of Strategy+1","Replay:SS_hec_2","expansioncontent:DefensiveMode","sneckomod:UnknownRarePower+1","sneckomod:UnknownClassTHE_CHAMP_GRAY+1","sneckomod:UnknownBlock+1","sneckomod:SerpentMind","sneckomod:Unknown3Cost+1","sneckomod:RainOfDice","sneckomod:Restock","sneckomod:DiceBlock+1","sneckomod:UnknownRareSkill+1","sneckomod:UnknownUncommonPower+1","sneckomod:SerpentIdol","sneckomod:UnknownClassRED+1","sneckomod:UnknownStrike","sneckomod:UnknownClassGUARDIAN+1","sneckomod:UnknownVulnerable","sneckomod:UnknownUncommonPower+1","sneckomod:SerpentMind","sneckomod:UnknownColorless+1","sneckomod:WideSting+1","sneckomod:UnknownRareSkill","sneckomod:TrashToTreasure","Creative AI","sneckomod:UnknownRarePower+1","sneckomod:MasterEye+1","sneckomod:UnknownClassRARITYBELL_COLOR","sneckomod:SoulExchange+1","sneckomod:UnknownColorless+1","sneckomod:UnknownRarePower","sneckomod:UnknownClassHEXA_GHOST_PURPLE+1","sneckomod:QuickMove","sneckomod:UnknownClassSLIMEBOUND+1","sneckomod:QuickBite+1","sneckomod:TrashToTreasure+1","sneckomod:QuickBite+1","sneckomod:SerpentMind","sneckomod:Mudshield","Violence"],"relics":["sneckomod:SneckoSoul","Dream Catcher","Du-Vu Doll","Eternal Feather","ZombieArmy","Anchor","vexMod:HeadHunter","SoulBox","ReplayTheSpireMod:CursedCoin","PreservedInsect","ReplayTheSpireMod:ShopPack","MawBank","Smiling Mask","SlaversCollar","Simple Rune","Prayer Wheel","Blood Vial","vexMod:GhostlyGear","ReplayTheSpireMod:Shallot","downfall:HeartBlessingRed","downfall:HeartBlessingBlue","Replay:Bottled Eggs","downfall:HeartBlessingGreen","Ring of Fury","Ring of Panic","conspire:Flyswatter"],"acts_visited":["Exordium","TheCity","TheBeyond","TheEnding"],"potions_floor_usage":[55,55,55],"damage_taken":[{"damage":32.0,"enemies":"3 Sentries","floor":3.0,"turns":12.0},{"damage":5.0,"enemies":"Small Slimes","floor":5.0,"turns":3.0},{"damage":0.0,"enemies":"Lagavulin","floor":6.0,"turns":6.0},{"damage":0.0,"enemies":"Cultist","floor":9.0,"turns":2.0},{"damage":15.0,"enemies":"Gremlin Nob","floor":10.0,"turns":3.0},{"damage":0.0,"enemies":"conspire:RoseBush","floor":11.0,"turns":1.0},{"damage":9.0,"enemies":"Gremlin Nob","floor":13.0,"turns":3.0},{"damage":8.0,"enemies":"Large Slime","floor":15.0,"turns":5.0},{"damage":21.0,"enemies":"downfall:Watcher","floor":16.0,"turns":5.0},{"damage":5.0,"enemies":"Spheric Guardian","floor":19.0,"turns":4.0},{"damage":10.0,"enemies":"downfall:FleeingMerchant","floor":20.0,"turns":4.0},{"damage":25.0,"enemies":"conspire:HollyBat","floor":21.0,"turns":7.0},{"damage":2.0,"enemies":"Gremlin Leader","floor":23.0,"turns":3.0},{"damage":8.0,"enemies":"Snake Plant","floor":25.0,"turns":4.0},{"damage":30.0,"enemies":"Slavers","floor":27.0,"turns":3.0},{"damage":0.0,"enemies":"downfall:FleeingMerchant","floor":28.0,"turns":4.0},{"damage":0.0,"enemies":"Chosen and Byrds","floor":29.0,"turns":4.0},{"damage":7.0,"enemies":"Centurion and Healer","floor":30.0,"turns":7.0},{"damage":20.0,"enemies":"Shelled Parasite and Fungi","floor":31.0,"turns":4.0},{"damage":2.0,"enemies":"Snake Plant","floor":32.0,"turns":4.0},{"damage":0.0,"enemies":"downfall:Defect","floor":33.0,"turns":8.0},{"damage":13.0,"enemies":"3 Darklings","floor":36.0,"turns":7.0},{"damage":66.0,"enemies":"Reptomancer","floor":37.0,"turns":6.0},{"damage":0.0,"enemies":"downfall:FleeingMerchant","floor":38.0,"turns":4.0},{"damage":0.0,"enemies":"Giant Head","floor":40.0,"turns":5.0},{"damage":38.0,"enemies":"Nemesis","floor":43.0,"turns":6.0},{"damage":25.0,"enemies":"Orb Walker","floor":45.0,"turns":3.0},{"damage":0.0,"enemies":"4 Shapes","floor":46.0,"turns":5.0},{"damage":21.0,"enemies":"Jaw Worm Horde","floor":49.0,"turns":4.0},{"damage":1,"enemies":"downfall:Ironclad","floor":50,"turns":6},{"damage":0,"enemies":"downfall:CharBossMerchant","floor":52,"turns":10},{"damage":24,"enemies":"downfall:NeowBoss","floor":55,"turns":14}],"seed_played":"1795560131033083688","potions_obtained":[{"floor":5.0,"key":"Regen Potion"},{"floor":6.0,"key":"Fire Potion"},{"floor":13.0,"key":"DistilledChaos"},{"floor":16.0,"key":"Fire Potion"},{"floor":25.0,"key":"DistilledChaos"},{"floor":26.0,"key":"Energy Potion"},{"floor":32.0,"key":"EssenceOfSteel"},{"floor":33.0,"key":"Strength Potion"},{"floor":36.0,"key":"Venom Potion"},{"floor":45.0,"key":"Fire Potion"},{"floor":46.0,"key":"SpeedPotion"},{"floor":49.0,"key":"ColorlessPotion"}],"is_trial":false,"path_per_floor":["R","?","E","R","M","E","T","R","M","E","M","?","?","?","M","B",null,"R","M","$","M","R","E","T","M","?","E","$","M","M","M","M","B",null,"R","M","E","$","?","E","T","R","E","R","M","M","?","?","M","B",null,"E","$","R","B",null],"character_chosen":"THE_SNECKO","items_purchased":["ReplayTheSpireMod:CursedCoin","PreservedInsect","sneckomod:SoulRoll","sneckomod:UnknownUncommonPower","ReplayTheSpireMod:ShopPack","sneckomod:MasterEye","Blood Vial","vexMod:GhostlyGear","DuplicationPotion","Violence"],"campfire_rested":0,"item_purchase_floors":[20,20,20,20,20,38,38,38,38,53],"current_hp_per_floor":[90,90,58,58,54,70,70,79,81,67,67,67,60,97,90,71,100,100,101,92,70,88,87,87,85,85,55,57,67,60,42,42,65,113,113,101,46,47,48,60,60,103,69,102,104,109,109,109,90,91,135,135,135,135,111],"gold":111,"neow_bonus":"RANDOM_COMMON_RELIC","is_daily":false,"chose_seed":false,"campfire_upgraded":7,"win_rate":0.0,"timestamp":1608108565,"path_taken":["R","?","E","R","M","E","T","R","M","E","?","?","?","?","M","BOSS","R","M","$","M","R","E","T","M","?","E","$","M","?","M","M","BOSS","R","M","E","$","?","E","T","R","E","R","M","?","?","?","M","BOSS","E","$","R","BOSS"],"items_purchased_type":["Relic","Relic","Card","Card","Relic","Card","Relic","Relic","Potion","Card"],"build_version":"2020-12-13","purchased_purges":3,"victory":true,"max_hp_per_floor":[90,90,90,90,91,92,92,92,94,95,95,95,97,97,98,100,100,100,101,102,105,105,106,106,106,106,106,108,108,108,110,112,113,113,113,114,117,118,119,120,120,130,132,132,132,135,135,135,135,135,135,135,135,135,135],"relic_stats":{"Blood Vial":12,"Dream Catcher":0,"counters":[32,166],"Eternal Feather":93,"Prayer Wheel":3,"PreservedInsect":416,"MawBank":168,"Smiling Mask":125,"obtain_stats":[{"downfall:HeartBlessingGreen":44,"SoulBox":17,"Whetstone":23,"sneckomod:SneckoSoul":0,"Smiling Mask":27,"Blood Vial":38,"Dream Catcher":0,"downfall:HeartBlessingBlue":42,"Prayer Wheel":38,"Replay:Bottled Eggs":43,"Ring of Panic":47,"ZombieArmy":7,"downfall:HeartBlessingRed":42,"ReplayTheSpireMod:CursedCoin":20,"Eternal Feather":6,"PreservedInsect":20,"MawBank":24,"Du-Vu Doll":3,"vexMod:GhostlyGear":38,"SlaversCollar":34,"Anchor":10,"ReplayTheSpireMod:Shallot":40,"vexMod:HeadHunter":13,"Simple Rune":37,"Ring of Fury":47,"ReplayTheSpireMod:ShopPack":20,"conspire:Flyswatter":52},{"downfall:HeartBlessingGreen":26,"SoulBox":9,"Whetstone":13,"sneckomod:SneckoSoul":0,"Smiling Mask":15,"Blood Vial":24,"Dream Catcher":0,"downfall:HeartBlessingBlue":25,"Prayer Wheel":24,"Replay:Bottled Eggs":26,"Ring of Panic":28,"ZombieArmy":3,"downfall:HeartBlessingRed":25,"ReplayTheSpireMod:CursedCoin":11,"Eternal Feather":3,"PreservedInsect":11,"MawBank":13,"Du-Vu Doll":1,"vexMod:GhostlyGear":24,"SlaversCollar":21,"Anchor":5,"ReplayTheSpireMod:Shallot":25,"vexMod:HeadHunter":7,"Simple Rune":23,"Ring of Fury":28,"ReplayTheSpireMod:ShopPack":11,"conspire:Flyswatter":31},{"downfall:HeartBlessingGreen":124,"SoulBox":40,"Whetstone":58,"sneckomod:SneckoSoul":0,"Smiling Mask":65,"Blood Vial":113,"Dream Catcher":0,"downfall:HeartBlessingBlue":118,"Prayer Wheel":113,"Replay:Bottled Eggs":124,"Ring of Panic":132,"ZombieArmy":21,"downfall:HeartBlessingRed":118,"ReplayTheSpireMod:CursedCoin":48,"Eternal Feather":21,"PreservedInsect":48,"MawBank":58,"Du-Vu Doll":12,"vexMod:GhostlyGear":113,"SlaversCollar":96,"Anchor":26,"ReplayTheSpireMod:Shallot":118,"vexMod:HeadHunter":30,"Simple Rune":109,"Ring of Fury":132,"ReplayTheSpireMod:ShopPack":48,"conspire:Flyswatter":152}]},"card_choices":[{"not_picked":["sneckomod:UnknownCommonSkill","sneckomod:Mudshield"],"picked":"sneckomod:MorePower","floor":3.0},{"not_picked":["sneckomod:Unknown0Cost+1","sneckomod:UnknownColorless+1"],"picked":"sneckomod:UnknownRareSkill+1","floor":5.0},{"not_picked":["sneckomod:Unknown1Cost","sneckomod:UnknownClassBLUE"],"picked":"sneckomod:QuickMove","floor":5.0},{"not_picked":["sneckomod:UnknownClassAPPLEJACK_COLOR+1","sneckomod:UnknownClassRED+1"],"picked":"sneckomod:UnknownUncommonAttack+1","floor":6.0},{"not_picked":["sneckomod:SoulExchange","sneckomod:SoulRoll"],"picked":"sneckomod:WideSting","floor":6.0},{"not_picked":["sneckomod:UnknownStrength+1","sneckomod:UnknownClassGUARDIAN+1"],"picked":"sneckomod:UnknownRareAttack+1","floor":9.0},{"not_picked":["sneckomod:QuickMove","sneckomod:DiceCrush"],"picked":"sneckomod:UnknownExhaust","floor":9.0},{"not_picked":["sneckomod:UnknownClassPURPLE+1","sneckomod:UnknownClassFLUTTERSHY_COLOR+1"],"picked":"sneckomod:UnknownClassRemiria+1","floor":10.0},{"not_picked":["sneckomod:UnknownClassDEFAULT_GRAY_COLOR","sneckomod:UnknownCommonAttack"],"picked":"sneckomod:DiceBlock","floor":10.0},{"not_picked":["sneckomod:UnknownVulnerable","sneckomod:SnakeSap"],"picked":"sneckomod:SoulDraw","floor":11.0},{"not_picked":["sneckomod:UnknownClassFLUTTERSHY_COLOR+1","sneckomod:UnknownClassSp·û¿¨+1"],"picked":"sneckomod:UnknownClassGREEN+1","floor":13.0},{"not_picked":["sneckomod:UnknownCommonAttack","sneckomod:CheapStock"],"picked":"sneckomod:UnknownUncommonPower","floor":13.0},{"not_picked":["sneckomod:UnknownClassGUARDIAN+1","sneckomod:UnknownClassGREEN+1"],"picked":"sneckomod:UnknownRareAttack+1","floor":15.0},{"not_picked":["sneckomod:WideSting","sneckomod:UnknownStrike","sneckomod:UnknownClassPURPLE"],"picked":"SKIP","floor":15.0},{"not_picked":["sneckomod:UnknownWeak+1","sneckomod:UnknownClassDARK_GREEN_COLOR+1"],"picked":"sneckomod:UnknownRarePower+1","floor":16.0},{"not_picked":["sneckomod:UnknownRareAttack","sneckomod:Mudshield"],"picked":"sneckomod:UnknownRarePower","floor":16.0},{"not_picked":["sneckomod:Unknown+1","sneckomod:UnknownClassRemiria+1"],"picked":"sneckomod:UnknownExhaust+1","floor":19.0},{"not_picked":["sneckomod:UnknownUncommonAttack+1","sneckomod:IronFang"],"picked":"sneckomod:SoulRoll+1","floor":19.0},{"not_picked":["sneckomod:UnknownWeak","sneckomod:UnknownClassDARK_GREEN_COLOR"],"picked":"sneckomod:MorePower","floor":20.0},{"not_picked":["sneckomod:UnknownClassSp·û¿¨+1","sneckomod:UnknownClassDARK_GREEN_COLOR+1","sneckomod:UnknownClassGREEN+1"],"picked":"SKIP","floor":20.0},{"not_picked":["Midas Touch","Secret Weapon"],"picked":"Master of Strategy","floor":20.0},{"not_picked":["Chrysalis","Discovery"],"picked":"Replay:SS_hec_2","floor":20.0},{"not_picked":["Deep Breath","PreThought"],"picked":"expansioncontent:DefensiveMode","floor":20.0},{"not_picked":["sneckomod:UnknownClassDARK_GREEN_COLOR+1","sneckomod:UnknownClassPINKIE_COLOR+1"],"picked":"sneckomod:UnknownRarePower+1","floor":21.0},{"not_picked":["sneckomod:UnknownClassFLUTTERSHY_COLOR+1","sneckomod:UnknownClassBLUE+1"],"picked":"sneckomod:UnknownClassTHE_CHAMP_GRAY+1","floor":21.0},{"not_picked":["sneckomod:UnknownStrike","sneckomod:UnknownWeak+1"],"picked":"sneckomod:UnknownBlock+1","floor":21.0},{"not_picked":["sneckomod:Restock","sneckomod:UnlimitedRolls"],"picked":"sneckomod:SerpentMind","floor":23.0},{"not_picked":["sneckomod:UnknownClassPINKIE_COLOR+1","sneckomod:UnknownExhaust+1"],"picked":"sneckomod:Unknown3Cost+1","floor":23.0},{"not_picked":["sneckomod:WideSting","sneckomod:UnknownClassTWILIGHT_COLOR","sneckomod:UnknownBlock+1"],"picked":"SKIP","floor":23.0},{"not_picked":["sneckomod:UnknownWeak","sneckomod:UnknownX+1"],"picked":"sneckomod:RainOfDice","floor":25.0},{"not_picked":["sneckomod:GlitteringGambit","sneckomod:UnknownRareAttack"],"picked":"sneckomod:Restock","floor":27.0},{"not_picked":["sneckomod:WideSting","sneckomod:UnknownClassBLUE"],"picked":"sneckomod:DiceBlock+1","floor":27.0},{"not_picked":["sneckomod:UnknownEthereal+1","sneckomod:UnknownColorless+1"],"picked":"sneckomod:UnknownRareSkill+1","floor":28.0},{"not_picked":["sneckomod:UnknownClassRED+1","sneckomod:ImprovisedAttack"],"picked":"sneckomod:UnknownUncommonPower+1","floor":28.0},{"not_picked":["sneckomod:UnknownCommonSkill+1","sneckomod:Unknown2Cost+1","sneckomod:UnknownClassTHE_CHAMP_GRAY+1"],"picked":"SKIP","floor":28.0},{"not_picked":["sneckomod:UnknownClassAPPLEJACK_COLOR+1","sneckomod:UnknownClassGUARDIAN+1","sneckomod:UnknownClassDARK_GREEN_COLOR+1"],"picked":"SKIP","floor":29.0},{"not_picked":["sneckomod:UnknownDexterity","sneckomod:DiceBlock","sneckomod:UnknownBlock"],"picked":"SKIP","floor":29.0},{"not_picked":["sneckomod:UnknownStrike","sneckomod:UnknownCommonSkill+1"],"picked":"sneckomod:SerpentIdol","floor":30.0},{"not_picked":["sneckomod:UnknownUncommonSkill+1","sneckomod:UnknownX+1","sneckomod:UnknownClassItem·û¿¨+1"],"picked":"SKIP","floor":30.0},{"not_picked":["sneckomod:UnknownUncommonAttack+1","sneckomod:Unknown1Cost+1","sneckomod:UnknownStrike+1"],"picked":"SKIP","floor":30.0},{"not_picked":["sneckomod:UnknownDexterity+1","sneckomod:UnknownClassFLUTTERSHY_COLOR+1"],"picked":"sneckomod:UnknownClassRED+1","floor":31.0},{"not_picked":["sneckomod:IronFang","sneckomod:ImprovisedAttack"],"picked":"sneckomod:UnknownStrike","floor":31.0},{"not_picked":["sneckomod:UnknownClassRAINBOW_COLOR+1","sneckomod:UnknownExhaust+1"],"picked":"sneckomod:UnknownClassGUARDIAN+1","floor":32.0},{"not_picked":["sneckomod:UnknownCommonAttack","sneckomod:Unknown1Cost"],"picked":"sneckomod:UnknownVulnerable","floor":32.0},{"not_picked":["sneckomod:UnknownClassGUARDIAN+1","sneckomod:UnknownClass¹ÅÃ÷µØ¾õ+1"],"picked":"sneckomod:UnknownUncommonPower+1","floor":33.0},{"not_picked":["sneckomod:Unknown3Cost","sneckomod:DangerNoodle"],"picked":"sneckomod:SerpentMind","floor":33.0},{"not_picked":["sneckomod:UnknownClassItem·û¿¨+1","sneckomod:UnknownUncommonSkill+1"],"picked":"sneckomod:UnknownColorless+1","floor":36.0},{"not_picked":["sneckomod:UnknownWeak+1","sneckomod:UnknownVulnerable+1"],"picked":"sneckomod:WideSting+1","floor":36.0},{"not_picked":["sneckomod:UnknownUncommonAttack+1","sneckomod:UnknownClassGUARDIAN+1","sneckomod:UnknownClassRARITYBELL_COLOR+1"],"picked":"SKIP","floor":36.0},{"not_picked":["sneckomod:Transmogrify","sneckomod:GlitteringGambit"],"picked":"sneckomod:UnknownRareSkill","floor":37.0},{"not_picked":["sneckomod:Nope+1","sneckomod:UnknownExhaust"],"picked":"sneckomod:TrashToTreasure","floor":37.0},{"not_picked":["sneckomod:UnknownClassBLUE+1","sneckomod:UnknownClassRAINBOW_COLOR+1","sneckomod:UnknownClassDARK_GREEN_COLOR+1"],"picked":"SKIP","floor":37.0},{"not_picked":["sneckomod:UnknownBlock+1","sneckomod:UnknownClassPINKIE_COLOR+1"],"picked":"sneckomod:UnknownRarePower+1","floor":38.0},{"not_picked":["sneckomod:UnknownClassTWILIGHT_COLOR+1","sneckomod:UnknownUncommonAttack+1","sneckomod:UnknownClassGUARDIAN+1"],"picked":"SKIP","floor":38.0},{"not_picked":["sneckomod:UnknownClassTWILIGHT_COLOR","sneckomod:UnknownClassGREEN+1","sneckomod:UnknownClassItem·û¿¨"],"picked":"SKIP","floor":38.0},{"not_picked":["sneckomod:UnknownRareAttack","sneckomod:UnknownRareSkill"],"picked":"sneckomod:SoulExchange","floor":40.0},{"not_picked":["sneckomod:UnknownClassHEXA_GHOST_PURPLE+1","sneckomod:UnknownClassTWILIGHT_COLOR+1"],"picked":"sneckomod:UnknownColorless+1","floor":40.0},{"not_picked":["sneckomod:UnknownClassTHE_CHAMP_GRAY+1","sneckomod:UnknownClassPINKIE_COLOR+1","sneckomod:Unknown1Cost+1"],"picked":"SKIP","floor":40.0},{"not_picked":["sneckomod:WideSting+1","sneckomod:QuickMove","sneckomod:UnknownVulnerable"],"picked":"SKIP","floor":40.0},{"not_picked":["sneckomod:SoulExchange","sneckomod:Transmogrify"],"picked":"sneckomod:UnknownRarePower","floor":43.0},{"not_picked":["sneckomod:UnknownClassBLUE+1","sneckomod:UnknownClassItem·û¿¨+1"],"picked":"sneckomod:UnknownClassHEXA_GHOST_PURPLE+1","floor":43.0},{"not_picked":["sneckomod:UnknownClassRemiria+1","sneckomod:IronFang+1","sneckomod:UnknownVulnerable"],"picked":"SKIP","floor":43.0},{"not_picked":["sneckomod:RainOfDice+1","sneckomod:ImprovisedGuard"],"picked":"sneckomod:QuickMove","floor":45.0},{"not_picked":["sneckomod:IronFang+1","sneckomod:UnknownCommonSkill","sneckomod:UnknownClassRED"],"picked":"SKIP","floor":45.0},{"not_picked":["sneckomod:UnknownUncommonSkill+1","sneckomod:UnknownClassRemiria+1"],"picked":"sneckomod:UnknownClassSLIMEBOUND+1","floor":46.0},{"not_picked":["sneckomod:Unknown1Cost","sneckomod:SoulRoll"],"picked":"sneckomod:QuickBite+1","floor":46.0},{"not_picked":["sneckomod:DiceBlock+1","sneckomod:UnknownClassRAINBOW_COLOR+1","sneckomod:Unknown1Cost+1"],"picked":"SKIP","floor":46.0},{"not_picked":["sneckomod:UnknownCommonSkill+1","sneckomod:UnknownVulnerable"],"picked":"sneckomod:TrashToTreasure","floor":49.0},{"not_picked":["sneckomod:DiceCrush+1","sneckomod:IronFang+1"],"picked":"sneckomod:QuickBite+1","floor":49.0},{"not_picked":["sneckomod:Unknown3Cost","sneckomod:UnlimitedRolls"],"picked":"sneckomod:SerpentMind","floor":52},{"not_picked":["sneckomod:UnknownClassRED","sneckomod:SoulDraw+1"],"picked":"sneckomod:Mudshield","floor":52},{"not_picked":["sneckomod:UnknownClassRemiria+1","sneckomod:Unknown2Cost+1","sneckomod:UnknownClassBLUE+1"],"picked":"SKIP","floor":52},{"not_picked":["sneckomod:UnknownVulnerable+1","sneckomod:UnknownClassTWILIGHT_COLOR+1","sneckomod:UnknownClassGREEN+1"],"picked":"SKIP","floor":52}],"player_experience":260746,"relics_obtained":[{"floor":3.0,"key":"Du-Vu Doll"},{"floor":6.0,"key":"Eternal Feather"},{"floor":7.0,"key":"ZombieArmy"},{"floor":10.0,"key":"Anchor"},{"floor":13.0,"key":"vexMod:HeadHunter"},{"floor":23.0,"key":"Whetstone"},{"floor":24.0,"key":"MawBank"},{"floor":27.0,"key":"Smiling Mask"},{"floor":37.0,"key":"Simple Rune"},{"floor":40.0,"key":"ReplayTheSpireMod:Shallot"},{"floor":43.0,"key":"Replay:Bottled Eggs"},{"floor":47.0,"key":"Ring of Fury"},{"floor":47.0,"key":"Ring of Panic"},{"floor":52,"key":"conspire:Flyswatter"}],"event_choices":[{"damage_healed":0.0,"max_hp_gain":0.0,"max_hp_loss":0.0,"gold_gain":0.0,"event_name":"Upgrade Shrine","player_choice":"Upgraded","floor":2.0,"gold_loss":0.0,"damage_taken":0.0,"cards_upgraded":["sneckomod:SnekBite"]},{"cards_removed":["sneckomod:UnknownClassRemiria"],"damage_healed":37.0,"max_hp_gain":0.0,"max_hp_loss":0.0,"gold_gain":0.0,"event_name":"Bonfire Elementals","player_choice":"Offered Uncommon","floor":14.0,"gold_loss":0.0,"damage_taken":0.0},{"damage_healed":0.0,"max_hp_gain":0.0,"max_hp_loss":0.0,"gold_gain":0.0,"cards_transformed":["sneckomod:Defend"],"event_name":"Transmorgrifier","player_choice":"Transformed","floor":39.0,"gold_loss":0.0,"damage_taken":0.0,"cards_obtained":["sneckomod:UnknownClassRARITYBELL_COLOR"]},{"cards_removed":["sneckomod:UnknownRareAttack"],"damage_healed":0.0,"max_hp_gain":0.0,"max_hp_loss":0.0,"gold_gain":0.0,"event_name":"Falling","player_choice":"Removed Attack","floor":48.0,"gold_loss":0.0,"damage_taken":0.0}],"is_beta":false,"boss_relics":[{"not_picked":["vexMod:ImprovementManual","vexMod:NewClearReactor"],"picked":"SoulBox"},{"not_picked":["Replay:Ancient Bell","AddBug"],"picked":"SlaversCollar"}],"items_purged_floors":[20,38,53],"is_endless":false,"potions_floor_spawned":[5,6,13,16,25,29,32,33,36,45,46,49],"ascension_level":1}}