{"host":"fne7yx97fnz7kq05","time":1608139356,"event":{"mods":["BaseMod","Colored Map","Colored Powertips","Highlight Path","Minty Spire (QoL Compilation)","Relic Stats"],"gold_per_floor":[114,15,29,42,42,73,84,113,113,123,148,163,193,193,193,296,296,311,331,342,9,9,9,41,53,106,124,124,155,174,174,174,275,275,288,37,37,53,53,83,83,409,461,461,491,491,519,125,125,125,125,125,51,82,82],"floor_reached":56,"playtime":3856,"items_purged":["Strike_R","Strike_R"],"score":1463,"play_id":"5164270b-12dd-4a6b-98f4-5155345508a1","local_time":"20201216112236","is_ascension_mode":true,"campfire_choices":[{"data":"Armaments","floor":15.0,"key":"SMITH"},{"floor":23.0,"key":"REST"},{"data":"True Grit","floor":28.0,"key":"SMITH"},{"data":"True Grit","floor":32.0,"key":"SMITH"},{"floor":41.0,"key":"REST"},{"floor":46.0,"key":"RECALL"},{"floor":49.0,"key":"REST"},{"data":"Rampage","floor":52,"key":"PURGE"}],"circlet_count":0,"master_deck":["Defend_R","Defend_R","Defend_R","Defend_R","Bash","True Grit+1","Armaments+1","Twin Strike","True Grit+1","Spot Weakness+1","Impervious+1","Reaper+1","True Grit+1","Twin Strike+1","Metallicize+1","Dark Embrace+1","Headbutt+1","Shockwave+1","Impervious+1","Dropkick+1","Dark Embrace+1","Pummel+1","Shrug It Off+1"],"relics":["Philosopher\u0027s Stone","Molten Egg 2","HornCleat","Toxic Egg 2","Self Forming Clay","Question Card","Astrolabe","Bronze Scales","Champion Belt","Potion Belt","Nunchaku","Fusion Hammer","Vajra","Centennial Puzzle","Old Coin","Letter Opener","Peace Pipe","OrangePellets","Bag of Preparation","Toy Ornithopter"],"acts_visited":["Exordium","TheCity","TheBeyond","TheEnding"],"potions_floor_usage":[50,55,55,55,55,55],"damage_taken":[{"damage":2.0,"enemies":"Cultist","floor":1.0,"turns":3.0},{"damage":2.0,"enemies":"Small Slimes","floor":3.0,"turns":3.0},{"damage":3.0,"enemies":"Jaw Worm","floor":4.0,"turns":3.0},{"damage":6.0,"enemies":"Gremlin Nob","floor":6.0,"turns":3.0},{"damage":5.0,"enemies":"Red Slaver","floor":7.0,"turns":3.0},{"damage":11.0,"enemies":"Lagavulin","floor":8.0,"turns":7.0},{"damage":1.0,"enemies":"Blue Slaver","floor":10.0,"turns":3.0},{"damage":0.0,"enemies":"Gremlin Nob","floor":11.0,"turns":3.0},{"damage":5.0,"enemies":"3 Louse","floor":12.0,"turns":4.0},{"damage":13.0,"enemies":"3 Sentries","floor":13.0,"turns":7.0},{"damage":12.0,"enemies":"Hexaghost","floor":16.0,"turns":7.0},{"damage":9.0,"enemies":"3 Byrds","floor":18.0,"turns":7.0},{"damage":24.0,"enemies":"Chosen","floor":19.0,"turns":6.0},{"damage":18.0,"enemies":"Centurion and Healer","floor":20.0,"turns":6.0},{"damage":13.0,"enemies":"Book of Stabbing","floor":24.0,"turns":6.0},{"damage":27.0,"enemies":"Cultist and Chosen","floor":25.0,"turns":6.0},{"damage":0.0,"enemies":"Snecko","floor":27.0,"turns":4.0},{"damage":10.0,"enemies":"Slavers","floor":29.0,"turns":5.0},{"damage":5.0,"enemies":"Snake Plant","floor":30.0,"turns":4.0},{"damage":32.0,"enemies":"Champ","floor":33.0,"turns":16.0},{"damage":14.0,"enemies":"3 Darklings","floor":35.0,"turns":5.0},{"damage":8.0,"enemies":"3 Shapes","floor":38.0,"turns":37.0},{"damage":47.0,"enemies":"Giant Head","floor":40.0,"turns":8.0},{"damage":35.0,"enemies":"Nemesis","floor":42.0,"turns":12.0},{"damage":4.0,"enemies":"Giant Head","floor":45.0,"turns":8.0},{"damage":31.0,"enemies":"Nemesis","floor":47.0,"turns":13.0},{"damage":36,"enemies":"Donu and Deca","floor":50,"turns":9},{"damage":17,"enemies":"Shield and Spear","floor":54,"turns":6},{"damage":90,"enemies":"The Heart","floor":55,"turns":12}],"seed_played":"-3016095789340188253","potions_obtained":[{"floor":1.0,"key":"DistilledChaos"},{"floor":4.0,"key":"Fire Potion"},{"floor":6.0,"key":"LiquidBronze"},{"floor":8.0,"key":"Block Potion"},{"floor":12.0,"key":"LiquidMemories"},{"floor":20.0,"key":"ColorlessPotion"},{"floor":24.0,"key":"SteroidPotion"},{"floor":25.0,"key":"Explosive Potion"},{"floor":29.0,"key":"Dexterity Potion"},{"floor":38.0,"key":"PowerPotion"},{"floor":40.0,"key":"Strength Potion"},{"floor":47.0,"key":"Dexterity Potion"},{"floor":54,"key":"Strength Potion"}],"is_trial":false,"path_per_floor":["M","$","M","M","?","E","M","E","T","M","E","M","E","?","R","B",null,"M","M","M","$","?","R","E","M","T","M","R","E","M","?","R","B",null,"M","$","?","M","?","E","R","E","T","?","E","R","E","$","R","B",null,"R","$","E","B",null],"character_chosen":"IRONCLAD","items_purchased":["FearPotion","True Grit","Bronze Scales","HeartOfIron","Vajra","OrangePellets","Bag of Preparation","Dexterity Potion","Fire Potion","Shrug It Off+1","Weak Potion"],"campfire_rested":3,"item_purchase_floors":[2,2,21,21,36,48,48,48,48,53,53],"current_hp_per_floor":[78,78,76,73,73,67,62,51,51,50,50,45,32,32,32,20,80,74,55,47,47,47,71,68,51,51,51,51,62,64,64,64,39,80,76,76,76,68,68,29,51,25,25,25,48,48,17,17,39,23,76,76,76,76,21],"gold":82,"neow_bonus":"BOSS_RELIC","is_daily":false,"chose_seed":false,"campfire_upgraded":3,"win_rate":0.0,"timestamp":1608139356,"path_taken":["M","$","M","M","?","E","M","E","T","M","E","M","E","?","R","BOSS","M","M","M","$","?","R","E","M","T","M","R","E","?","?","R","BOSS","M","$","?","M","?","E","R","E","T","?","E","R","E","?","R","BOSS","R","$","E","BOSS"],"items_purchased_type":["Potion","Card","Relic","Potion","Relic","Relic","Relic","Potion","Potion","Card","Potion"],"build_version":"2020-12-13","purchased_purges":2,"victory":true,"max_hp_per_floor":[80,80,80,80,80,80,80,80,80,80,80,80,80,80,80,80,80,80,80,80,80,80,80,80,80,80,80,80,80,80,80,80,80,80,80,80,80,80,76,76,76,76,76,76,76,76,76,76,76,76,76,76,76,76,76],"relic_stats":{"counters":[29,216],"Self Forming Clay":[216],"Astrolabe":["True Grit","Twin Strike","Metallicize"],"Bag of Preparation":[6],"Letter Opener":[47],"Question Card":17,"Peace Pipe":1,"OrangePellets":[0],"Nunchaku":[14],"Centennial Puzzle":[18],"Bronze Scales":[451],"Champion Belt":[40],"obtain_stats":[{"Potion Belt":26,"Self Forming Clay":11,"Astrolabe":17,"Vajra":36,"Bag of Preparation":48,"Letter Opener":45,"Question Card":13,"Burning Blood":0,"Old Coin":42,"Peace Pipe":47,"OrangePellets":48,"Nunchaku":29,"Centennial Puzzle":40,"HornCleat":8,"Bronze Scales":21,"Philosopher\u0027s Stone":0,"Molten Egg 2":6,"Fusion Hammer":34,"Champion Belt":24,"Toxic Egg 2":9,"Toy Ornithopter":54},{"Potion Belt":16,"Self Forming Clay":8,"Astrolabe":11,"Vajra":21,"Bag of Preparation":26,"Letter Opener":25,"Question Card":10,"Burning Blood":0,"Old Coin":24,"Peace Pipe":26,"OrangePellets":26,"Nunchaku":18,"Centennial Puzzle":23,"HornCleat":6,"Bronze Scales":14,"Philosopher\u0027s Stone":0,"Molten Egg 2":4,"Fusion Hammer":20,"Champion Belt":15,"Toxic Egg 2":6,"Toy Ornithopter":28},{"Potion Belt":77,"Self Forming Clay":28,"Astrolabe":46,"Vajra":111,"Bag of Preparation":189,"Letter Opener":176,"Question Card":39,"Burning Blood":0,"Old Coin":168,"Peace Pipe":189,"OrangePellets":189,"Nunchaku":86,"Centennial Puzzle":156,"HornCleat":22,"Bronze Scales":65,"Philosopher\u0027s Stone":0,"Molten Egg 2":12,"Fusion Hammer":106,"Champion Belt":71,"Toxic Egg 2":22,"Toy Ornithopter":204}],"Toy Ornithopter":20},"card_choices":[{"not_picked":["Body Slam","Power Through"],"picked":"Rampage","floor":1.0},{"not_picked":["Iron Wave","Metallicize"],"picked":"Armaments","floor":3.0},{"not_picked":["Warcry","Sever Soul"],"picked":"Twin Strike","floor":4.0},{"not_picked":["Iron Wave+1","Havoc"],"picked":"True Grit","floor":6.0},{"not_picked":["Clash+1","Reckless Charge+1"],"picked":"Clothesline+1","floor":7.0},{"not_picked":["Sever Soul+1","Thunderclap+1","Dropkick+1"],"picked":"SKIP","floor":8.0},{"not_picked":["Armaments+1","Sword Boomerang+1","Heavy Blade+1"],"picked":"SKIP","floor":10.0},{"not_picked":["Power Through+1","Dropkick+1","Searing Blow+1"],"picked":"SKIP","floor":11.0},{"not_picked":["Power Through+1","Perfected Strike+1"],"picked":"Spot Weakness+1","floor":12.0},{"not_picked":["Battle Trance+1","Clash+1"],"picked":"Impervious+1","floor":13.0},{"not_picked":["Juggernaut","Bludgeon+1","Fiend Fire+1"],"picked":"Reaper+1","floor":16.0},{"not_picked":["Armaments+1","Metallicize","Wild Strike+1","Clothesline+1"],"picked":"SKIP","floor":18.0},{"not_picked":["Warcry+1","Iron Wave+1","Seeing Red+1","Anger+1"],"picked":"SKIP","floor":19.0},{"not_picked":["Headbutt+1","Rampage+1","Battle Trance+1"],"picked":"Dark Embrace","floor":20.0},{"not_picked":["Fiend Fire+1","Pummel+1","Armaments+1"],"picked":"Headbutt+1","floor":24.0},{"not_picked":["Headbutt+1","Flex+1","Body Slam+1","Thunderclap+1"],"picked":"SKIP","floor":25.0},{"not_picked":["Evolve","Armaments+1","Ghostly Armor+1","Entrench+1"],"picked":"SKIP","floor":27.0},{"not_picked":["Flex+1","Body Slam+1","Clash+1"],"picked":"Shockwave+1","floor":29.0},{"not_picked":["Perfected Strike+1","Blood for Blood+1","Flame Barrier+1","Whirlwind+1"],"picked":"SKIP","floor":30.0},{"not_picked":["Fiend Fire+1","Double Tap+1","Exhume+1"],"picked":"Impervious+1","floor":33.0},{"not_picked":["Rupture","Havoc+1","Warcry+1","Searing Blow+1"],"picked":"SKIP","floor":35.0},{"not_picked":["Seeing Red+1","Headbutt+1","Wild Strike+1","Shockwave+1"],"picked":"SKIP","floor":38.0},{"not_picked":["Clash+1","Twin Strike+1","Burning Pact+1"],"picked":"Dropkick+1","floor":40.0},{"not_picked":["Dropkick+1","Anger+1","Headbutt+1"],"picked":"Dark Embrace+1","floor":42.0},{"not_picked":["Bloodletting+1","Sword Boomerang+1","Metallicize","Searing Blow+1"],"picked":"SKIP","floor":45.0},{"not_picked":["Demon Form","Seeing Red+1","Perfected Strike+1"],"picked":"Pummel+1","floor":47.0},{"not_picked":["Metallicize","Wild Strike+1","Thunderclap+1","Berserk"],"picked":"SKIP","floor":54}],"player_experience":23937,"relics_obtained":[{"floor":6.0,"key":"Molten Egg 2"},{"floor":8.0,"key":"HornCleat"},{"floor":9.0,"key":"Toxic Egg 2"},{"floor":11.0,"key":"Self Forming Clay"},{"floor":13.0,"key":"Question Card"},{"floor":24.0,"key":"Champion Belt"},{"floor":26.0,"key":"Potion Belt"},{"floor":29.0,"key":"Nunchaku"},{"floor":40.0,"key":"Centennial Puzzle"},{"floor":42.0,"key":"Old Coin"},{"floor":45.0,"key":"Letter Opener"},{"floor":47.0,"key":"Peace Pipe"},{"floor":54,"key":"Toy Ornithopter"}],"event_choices":[{"damage_healed":0.0,"max_hp_gain":0.0,"max_hp_loss":0.0,"gold_gain":0.0,"event_name":"The Cleric","player_choice":"Leave","floor":5.0,"gold_loss":0.0,"damage_taken":0.0},{"damage_healed":0.0,"max_hp_gain":0.0,"max_hp_loss":0.0,"gold_gain":0.0,"event_name":"Liars Game","player_choice":"Ignored","floor":14.0,"gold_loss":0.0,"damage_taken":0.0},{"damage_healed":0.0,"max_hp_gain":0.0,"max_hp_loss":0.0,"gold_gain":0.0,"event_name":"Upgrade Shrine","player_choice":"Upgraded","floor":22.0,"gold_loss":0.0,"damage_taken":0.0,"cards_upgraded":["Dark Embrace"]},{"damage_healed":0.0,"max_hp_gain":0.0,"max_hp_loss":0.0,"gold_gain":0.0,"event_name":"Vampires","player_choice":"Ignored","floor":31.0,"gold_loss":0.0,"damage_taken":0.0},{"cards_removed":["Clothesline"],"damage_healed":0.0,"max_hp_gain":0.0,"max_hp_loss":0.0,"gold_gain":0.0,"event_name":"Falling","player_choice":"Removed Attack","floor":37.0,"gold_loss":0.0,"damage_taken":0.0},{"damage_healed":0.0,"max_hp_gain":0.0,"max_hp_loss":4.0,"gold_gain":0.0,"event_name":"Winding Halls","player_choice":"Max HP","floor":39.0,"gold_loss":0.0,"damage_taken":0.0},{"damage_healed":0.0,"max_hp_gain":0.0,"max_hp_loss":0.0,"gold_gain":0.0,"event_name":"Mysterious Sphere","player_choice":"Ignored","floor":44.0,"gold_loss":0.0,"damage_taken":0.0}],"is_beta":false,"boss_relics":[{"not_picked":["Cursed Key","Sozu"],"picked":"Astrolabe"},{"not_picked":["Snecko Eye","SlaversCollar"],"picked":"Fusion Hammer"}],"items_purged_floors":[21,36],"is_endless":false,"potions_floor_spawned":[1,4,6,8,12,20,24,25,29,38,40,47,54],"ascension_level":3}}