{"host":"eij2hi4lqijdd5un","time":1608150472,"event":{"mods":["BaseMod","Colored Map","Colored Powertips","Minty Spire (QoL Compilation)","Quick Restart","StSLib"],"gold_per_floor":[115,65,65,81,98,128,128,158,182,182,199,228,228,247,247,347,347,359,359,376,387,3,3,3],"floor_reached":23,"playtime":752,"items_purged":["Strike_R"],"score":330,"play_id":"5049bf61-2ab3-46a2-954f-7efe8d065468","local_time":"20201216212752","is_ascension_mode":true,"campfire_choices":[{"data":"Juggernaut","floor":7,"key":"SMITH"},{"floor":10,"key":"REST"},{"data":"Second Wind","floor":13,"key":"SMITH"},{"data":"Demon Form","floor":15,"key":"SMITH"}],"circlet_count":0,"master_deck":["Strike_R","Strike_R","Strike_R","Defend_R","Defend_R","Defend_R","Defend_R","Bash","Immolate","Iron Wave+1","Juggernaut+1","Rupture","Second Wind+1","Twin Strike","Flame Barrier","Demon Form+1","Exhume"],"relics":["Burning Blood","Bag of Preparation","Vajra","Regal Pillow","Bottled Tornado","Black Star","Red Skull","Pen Nib"],"acts_visited":["Exordium","TheCity"],"potions_floor_usage":[12,12,16,23],"damage_taken":[{"damage":4,"enemies":"Jaw Worm","floor":1,"turns":4},{"damage":12,"enemies":"Small Slimes","floor":4,"turns":2},{"damage":6,"enemies":"Cultist","floor":5,"turns":5},{"damage":37,"enemies":"Gremlin Nob","floor":6,"turns":5},{"damage":27,"enemies":"3 Sentries","floor":8,"turns":5},{"damage":0,"enemies":"Exordium Wildlife","floor":11,"turns":3},{"damage":0,"enemies":"Gremlin Nob","floor":12,"turns":2},{"damage":9,"enemies":"Lots of Slimes","floor":14,"turns":3},{"damage":45,"enemies":"The Guardian","floor":16,"turns":8},{"damage":25,"enemies":"Shell Parasite","floor":18,"turns":7},{"damage":0,"enemies":"Chosen","floor":20,"turns":3},{"damage":31,"enemies":"Snake Plant","floor":21,"turns":6},{"damage":17,"enemies":"Slavers","floor":23,"turns":3}],"seed_played":"8392441762689464738","potions_obtained":[{"floor":1,"key":"Fire Potion"},{"floor":6,"key":"AttackPotion"},{"floor":12,"key":"ElixirPotion"},{"floor":18,"key":"Energy Potion"}],"is_trial":false,"path_per_floor":["M","?","?","M","M","E","R","E","T","R","M","E","R","M","R","B",null,"M","?","M","M","$","E"],"character_chosen":"IRONCLAD","items_purchased":["Red Skull","Pen Nib"],"campfire_rested":1,"item_purchase_floors":[22,22],"current_hp_per_floor":[74,74,74,68,68,37,37,16,16,55,61,67,67,64,64,25,66,47,47,53,28,28,11,11],"gold":3,"neow_bonus":"ONE_RANDOM_RARE_CARD","is_daily":false,"chose_seed":false,"campfire_upgraded":3,"win_rate":0.0,"timestamp":1608150472,"path_taken":["M","?","?","M","M","E","R","E","T","R","?","E","R","M","R","BOSS","M","?","M","?","$","E"],"items_purchased_type":["Relic","Relic"],"build_version":"2020-12-13","purchased_purges":1,"victory":false,"max_hp_per_floor":[80,80,80,80,80,80,80,80,80,80,80,80,80,80,80,80,80,80,80,80,80,80,80,80],"card_choices":[{"not_picked":["Entrench","Anger"],"picked":"Iron Wave","floor":1},{"not_picked":["Perfected Strike","Wild Strike","Pommel Strike"],"picked":"SKIP","floor":4},{"not_picked":["Havoc","Perfected Strike","Heavy Blade"],"picked":"SKIP","floor":5},{"not_picked":["Impervious","Clothesline"],"picked":"Second Wind","floor":6},{"not_picked":["Immolate","Wild Strike","Warcry"],"picked":"SKIP","floor":8},{"not_picked":["Flex","Cleave"],"picked":"Twin Strike","floor":11},{"not_picked":["Sentinel","Clash"],"picked":"Flame Barrier","floor":12},{"not_picked":["Searing Blow","Uppercut"],"picked":"Demon Form","floor":14},{"not_picked":["Berserk","Corruption"],"picked":"Exhume","floor":16},{"not_picked":["Rupture","Anger","Heavy Blade"],"picked":"SKIP","floor":18},{"not_picked":["Iron Wave","Power Through","Clash"],"picked":"SKIP","floor":20},{"not_picked":["Twin Strike","Flex","Wild Strike"],"picked":"SKIP","floor":21}],"player_experience":511097,"relics_obtained":[{"floor":6,"key":"Bag of Preparation"},{"floor":8,"key":"Vajra"},{"floor":9,"key":"Regal Pillow"},{"floor":12,"key":"Bottled Tornado"}],"event_choices":[{"cards_removed":["Strike_R"],"damage_healed":0,"gold_gain":0,"player_choice":"Card Removal","damage_taken":0,"max_hp_gain":0,"max_hp_loss":0,"event_name":"The Cleric","floor":2,"gold_loss":50},{"damage_healed":0,"gold_gain":0,"player_choice":"2 cards matched","damage_taken":0,"max_hp_gain":0,"max_hp_loss":0,"event_name":"Match and Keep!","floor":3,"gold_loss":0,"cards_obtained":["Juggernaut","Rupture"]},{"damage_healed":0,"gold_gain":0,"player_choice":"Forge","damage_taken":0,"max_hp_gain":0,"max_hp_loss":0,"event_name":"Accursed Blacksmith","floor":19,"gold_loss":0,"cards_upgraded":["Iron Wave"]}],"is_beta":false,"boss_relics":[{"not_picked":["Cursed Key","Ectoplasm"],"picked":"Black Star"}],"items_purged_floors":[22],"is_endless":false,"potions_floor_spawned":[1,6,12,18],"killed_by":"Slavers","ascension_level":8}}