{"host":"dwyzfvnzfcqffr30","time":1608151209,"event":{"mods":["2.2 Compatiblity","Act Like it!","BaseMod","Beaked The Cultist","Better Altar","Better Sensory Stone","Better Third Choice","Clockwork Mod","Colored Map","Colored Powertips","Conspire","Elementarium","GifTheSpireLib","Halation","Hubris","Jedi Mod","Menagerie","Mimic Mod","Minty Spire (QoL Compilation)","Permanent Neow","Random Character Button","Replay The Spire","Spicy Shops","StSLib","Stuff the Spire","The Construct","The Druid","TheFirefly","Trackpad","vexMod"],"gold_per_floor":[117,132,150,150,211,239,239,279,306,325,362,362,399,418,418,526,526,550,559,582,607,616,645,654,698,698,719,719,749,388,363,363,475,511,525,70,70,70,70,113,113,53,87,87,115,115,145,162,162,170,170,170,41,77,153],"floor_reached":56,"playtime":5097,"items_purged":["StuffTheSpire:CuriosityCurse","StuffTheSpire:Perfection"],"score":1951,"play_id":"71707918-ef94-4e14-aa40-3a52d04de143","local_time":"20201216124009","is_ascension_mode":true,"campfire_choices":[{"floor":7,"key":"REST"},{"floor":12,"key":"REST"},{"floor":15,"key":"REST"},{"floor":28,"key":"RECALL"},{"floor":32,"key":"REST"},{"floor":41,"key":"REST"},{"floor":46,"key":"REST"},{"floor":49,"key":"REST"},{"floor":52,"key":"REST"}],"circlet_count":0,"master_deck":["Defend_G+1","Defend_G+1","Defend_G+1","Defend_G+1","Defend_G+1","Survivor+1","Neutralize+1","MasterReality+1","StuffTheSpire:Python+1","Underhanded Strike+1","Accuracy+1","Underhanded Strike+1","StuffTheSpire:BumpUp+1","ReplayTheSpireMod:Speed Training+1","Dagger Spray+1","A Thousand Cuts+1","Dagger Spray+1","Cloak And Dagger+1","jedi:rejectivetoxin+1","StuffTheSpire:BumpUp+1","Elementarium:VoidblessedBlade+1","hubris:Sniper+1","Cloak And Dagger+1","ReplayTheSpireMod:Private Reserves+1","hubris:Sniper+1","Infinite Blades+1","A Thousand Cuts+1","Clumsy","StuffTheSpire:Brawn+1","StuffTheSpire:Shiver+1","hubris:SlightOfHand+1","hubris:SlightOfHand+1","Injury","StuffTheSpire:Perfection"],"relics":["Ring of the Snake","Bottled Tornado","Quantum Egg","Frozen Egg 2","Toxic Egg 2","Molten Egg 2","Black Star","Juzu Bracelet","Replay:Baseball","trackpad:WritersBlock","vexMod:BarristanHead","vexMod:MemoryStick","Pantograph","CeramicFish","Ancient Tea Set","Ninja Scroll","Garlic","Thread and Needle","conspire:SpecialSausage","vexMod:Dragonfruit","Eternal Feather","Ornamental Fan","Tough Bandages","Mercury Hourglass","StuffTheSpire:Experiment12","Incense Burner","Medical Kit","StuffTheSpire:Saxophone","Elementarium:ElementariumTrophy","Kintsugi","Shuriken","Vajra","Strawberry","StuffTheSpire:RubySignet","trackpad:AdjectivePendant","hubris:CuriousFeather","ReplayTheSpireMod:Ninjato","HornCleat","hubris:TinFlute","Bag of Preparation","halation:IllGainedPizza","Replay:WaspNest","StuffTheSpire:SapphireSignet","Torii"],"acts_visited":["Menagerie:Menagerie","Elementarium:Elementarium","TheBeyond","TheEnding"],"potions_floor_usage":[6,8,11,13,20,40,50,55],"damage_taken":[{"damage":0,"enemies":"Menagerie:MonstrousExperiment","floor":1,"turns":4},{"damage":0,"enemies":"Menagerie:WhisperingWraith","floor":2,"turns":4},{"damage":0,"enemies":"Menagerie:2_RABBITS","floor":3,"turns":4},{"damage":9,"enemies":"Menagerie:MaskedSummoner","floor":6,"turns":10},{"damage":26,"enemies":"Menagerie:VoidReaper","floor":8,"turns":6},{"damage":0,"enemies":"Menagerie:EntropyWarlock","floor":10,"turns":4},{"damage":0,"enemies":"Menagerie:MaskedSummoner","floor":11,"turns":8},{"damage":11,"enemies":"Menagerie:VoidReaper","floor":13,"turns":3},{"damage":0,"enemies":"Menagerie:MeltingSalamander","floor":14,"turns":2},{"damage":7,"enemies":"Menagerie:Chimera","floor":16,"turns":6},{"damage":0,"enemies":"Elementarium:MUD_AND_TAR_GOLEMS","floor":18,"turns":2},{"damage":0,"enemies":"Elementarium:2_ELEMENTALS","floor":20,"turns":1},{"damage":0,"enemies":"Elementarium:RubyGolem","floor":21,"turns":4},{"damage":10,"enemies":"Elementarium:WarGolem","floor":23,"turns":4},{"damage":0,"enemies":"Elementarium:FIRE_NOBILITY","floor":25,"turns":4},{"damage":6,"enemies":"Elementarium:VoidBeast","floor":27,"turns":3},{"damage":2,"enemies":"Elementarium:WarGolem","floor":29,"turns":2},{"damage":0,"enemies":"Elementarium:PHOENIXES","floor":33,"turns":9},{"damage":0,"enemies":"3 Darklings","floor":35,"turns":3},{"damage":39,"enemies":"Nemesis","floor":40,"turns":5},{"damage":17,"enemies":"Reptomancer","floor":42,"turns":6},{"damage":0,"enemies":"Orb Walker","floor":43,"turns":7},{"damage":0,"enemies":"Giant Head","floor":45,"turns":5},{"damage":0,"enemies":"Reptomancer","floor":47,"turns":4},{"damage":0,"enemies":"Orb Walker","floor":48,"turns":2},{"damage":14,"enemies":"Awakened One","floor":50,"turns":7},{"damage":40,"enemies":"Shield and Spear","floor":54,"turns":4},{"damage":75,"enemies":"The Heart","floor":55,"turns":8}],"seed_played":"-2249544281809076864","potions_obtained":[{"floor":2,"key":"Venom Potion"},{"floor":3,"key":"SkillPotion"},{"floor":8,"key":"LiquidBronze"},{"floor":10,"key":"AttackPotion"},{"floor":13,"key":"Explosive Potion"},{"floor":20,"key":"Regen Potion"},{"floor":21,"key":"Ancient Potion"},{"floor":23,"key":"Elixir"},{"floor":45,"key":"Energy Potion"}],"is_trial":false,"path_per_floor":["M","M","M","?","?","E","R","E","T","M","E","R","E","M","R","B",null,"M","?","M","M","?","E","?","E","T","M","R","E","$","?","R","B",null,"M","$","?","?","$","E","R","E","MIM","T","E","R","E","M","R","B",null,"R","$","E","B",null],"character_chosen":"THE_SILENT","items_purchased":["Medical Kit","StuffTheSpire:Saxophone","Shuriken","StuffTheSpire:Shiver+1","Replay:WaspNest","Explosive Potion"],"campfire_rested":8,"item_purchase_floors":[30,30,36,36,53,53],"current_hp_per_floor":[70,70,70,70,51,42,65,39,39,39,39,62,51,51,74,70,75,75,75,75,75,75,70,70,70,70,64,82,80,80,80,82,82,82,82,82,82,82,82,55,89,72,75,75,78,89,89,89,89,75,86,89,89,49,6],"gold":153,"neow_bonus":"TEN_PERCENT_HP_BONUS","is_daily":false,"chose_seed":false,"campfire_upgraded":0,"win_rate":0.0,"timestamp":1608151209,"path_taken":["M","M","M","?","?","E","R","E","T","M","E","R","E","M","R","BOSS","M","?","M","M","?","E","?","E","T","M","R","E","$","?","R","BOSS","M","$","?","?","$","E","R","E","MIM","?","E","R","E","M","R","BOSS","R","$","E","BOSS"],"items_purchased_type":["Relic","Relic","Relic","Card","Relic","Potion"],"build_version":"2020-12-13","purchased_purges":2,"victory":true,"max_hp_per_floor":[77,77,77,77,77,77,77,77,77,77,77,77,77,77,77,77,77,77,77,77,77,77,82,82,82,82,82,82,82,82,82,82,82,82,82,82,82,82,82,89,89,89,89,89,89,89,89,89,89,89,89,89,89,89,89],"card_choices":[{"not_picked":["Bane+1","Prepared+1"],"picked":"StuffTheSpire:Python+1","floor":1},{"not_picked":["Setup+1","Deflect+1"],"picked":"Underhanded Strike+1","floor":2},{"not_picked":["Blade Dance+1","Deflect+1"],"picked":"Accuracy+1","floor":3},{"not_picked":["Hidden Blade+1","Poisoned Stab+1"],"picked":"Underhanded Strike+1","floor":5},{"not_picked":["Flechettes+1","hubris:SlightOfHand+1"],"picked":"StuffTheSpire:BumpUp+1","floor":5},{"not_picked":["Envenom+1","Accuracy+1"],"picked":"ReplayTheSpireMod:Speed Training+1","floor":6},{"not_picked":["Outmaneuver+1","Slice+1"],"picked":"Dagger Spray+1","floor":8},{"not_picked":["Sucker Punch+1","Bane+1","Outmaneuver+1"],"picked":"SKIP","floor":10},{"not_picked":["Heel Hook+1","Underhanded Strike+1"],"picked":"A Thousand Cuts+1","floor":11},{"not_picked":["jedi:brewingpoison+1","Malaise+1"],"picked":"Dagger Spray+1","floor":13},{"not_picked":["Acrobatics+1","Sucker Punch+1"],"picked":"Cloak And Dagger+1","floor":14},{"not_picked":["Die Die Die+1","Wraith Form v2+1"],"picked":"jedi:rejectivetoxin+1","floor":16},{"not_picked":["ReplayTheSpireMod:Exploit Weakness+1","Caltrops+1"],"picked":"StuffTheSpire:BumpUp+1","floor":18},{"not_picked":["Cloak And Dagger+1","Escape Plan+1"],"picked":"hubris:Sniper+1","floor":20},{"not_picked":["Heel Hook+1","Underhanded Strike+1"],"picked":"Cloak And Dagger+1","floor":21},{"not_picked":["jedi:forcepush+1","Forethought+1"],"picked":"ReplayTheSpireMod:Private Reserves+1","floor":22},{"not_picked":["Bane+1","Skewer+1","Dagger Throw+1"],"picked":"SKIP","floor":23},{"not_picked":["Infinite Blades+1","Dash+1"],"picked":"hubris:Sniper+1","floor":25},{"not_picked":["Outmaneuver+1","StuffTheSpire:FinalStruggle+1"],"picked":"Infinite Blades+1","floor":27},{"not_picked":["jedi:poisonivy+1","Endless Agony+1","Backflip+1"],"picked":"SKIP","floor":29},{"not_picked":["Phantasmal Killer+1","Unload+1"],"picked":"A Thousand Cuts+1","floor":33},{"not_picked":["Choke+1","StuffTheSpire:Python+1","Backstab+1"],"picked":"SKIP","floor":35},{"not_picked":["ReplayTheSpireMod:The Works+1","Cloak And Dagger+1"],"picked":"hubris:SlightOfHand+1","floor":40},{"not_picked":["Dagger Throw+1","jedi:pocketpoison+1"],"picked":"hubris:SlightOfHand+1","floor":42},{"not_picked":["Catalyst+1","Dodge and Roll+1","Quick Slash+1"],"picked":"SKIP","floor":45},{"not_picked":["ReplayTheSpireMod:Exploit Weakness+1","Infinite Blades+1","Terror+1"],"picked":"SKIP","floor":47},{"not_picked":["Heel Hook+1","Outmaneuver+1","Backflip+1"],"picked":"SKIP","floor":48},{"not_picked":["Catalyst+1","hubris:TrickCloak+1","Prepared+1"],"picked":"SKIP","floor":54}],"player_experience":1266201,"relics_obtained":[{"floor":5,"key":"trackpad:WritersBlock"},{"floor":6,"key":"vexMod:BarristanHead"},{"floor":6,"key":"vexMod:MemoryStick"},{"floor":8,"key":"Pantograph"},{"floor":8,"key":"CeramicFish"},{"floor":11,"key":"Ancient Tea Set"},{"floor":11,"key":"Ninja Scroll"},{"floor":13,"key":"Garlic"},{"floor":13,"key":"Thread and Needle"},{"floor":23,"key":"vexMod:Dragonfruit"},{"floor":23,"key":"Eternal Feather"},{"floor":25,"key":"Tough Bandages"},{"floor":26,"key":"Mercury Hourglass"},{"floor":29,"key":"StuffTheSpire:Experiment12"},{"floor":29,"key":"Incense Burner"},{"floor":40,"key":"Vajra"},{"floor":40,"key":"Strawberry"},{"floor":42,"key":"StuffTheSpire:RubySignet"},{"floor":42,"key":"trackpad:AdjectivePendant"},{"floor":43,"key":"hubris:CuriousFeather"},{"floor":43,"key":"ReplayTheSpireMod:Ninjato"},{"floor":44,"key":"HornCleat"},{"floor":45,"key":"hubris:TinFlute"},{"floor":47,"key":"Bag of Preparation"},{"floor":47,"key":"halation:IllGainedPizza"},{"floor":54,"key":"StuffTheSpire:SapphireSignet"},{"floor":54,"key":"Torii"}],"event_choices":[{"damage_healed":0,"gold_gain":0,"player_choice":"Simplicity","damage_taken":0,"max_hp_gain":0,"max_hp_loss":10,"event_name":"betterThird:BetterWriting","floor":0,"gold_loss":0},{"damage_healed":0,"gold_gain":0,"player_choice":"Upgraded","damage_taken":0,"max_hp_gain":0,"max_hp_loss":0,"event_name":"Upgrade Shrine","floor":0,"gold_loss":0,"cards_upgraded":["Survivor"]},{"damage_healed":0,"gold_gain":0,"player_choice":"Upgraded","damage_taken":0,"max_hp_gain":0,"max_hp_loss":0,"event_name":"Upgrade Shrine","floor":0,"gold_loss":0,"cards_upgraded":["Neutralize"]},{"damage_healed":0,"gold_gain":0,"player_choice":"Take","damage_taken":0,"max_hp_gain":0,"max_hp_loss":0,"event_name":"Elementarium:BladeSeller","floor":19,"gold_loss":0,"cards_obtained":["Elementarium:VoidblessedBlade"]},{"damage_healed":0,"gold_gain":2,"player_choice":"1","damage_taken":0,"max_hp_gain":0,"max_hp_loss":0,"event_name":"betterStone:BetterStone","floor":22,"gold_loss":0},{"damage_healed":0,"gold_gain":0,"player_choice":"Open","damage_taken":0,"relics_obtained":["Ornamental Fan"],"max_hp_gain":0,"max_hp_loss":0,"event_name":"Elementarium:TarCoveredCasket","floor":24,"gold_loss":0,"cards_obtained":["Elementarium:StickyTar"]}],"is_beta":false,"boss_relics":[{"not_picked":["halation:Yufonium","vexMod:TanglingVine"],"picked":"conspire:SpecialSausage"},{"not_picked":["StuffTheSpire:Kangaroo","Runic Pyramid"],"picked":"Kintsugi"}],"items_purged_floors":[30,36],"is_endless":false,"potions_floor_spawned":[2,3,8,10,13,20,21,23,27,33,45,48],"ascension_level":8}}