{"host":"iy58fyt9wsbv4cf1","time":1608077064,"event":{"mods":["BaseMod","Better Altar","Better Match","Better Skull","Better Third Choice","BetterRewards","Conspire","Custom Start","Defuse TimeMaze Blight","Hubris","Minty Spire (QoL Compilation)","Permanent Neow","Quick Restart","Spicy Shops","StSLib"],"gold_per_floor":[118,135,36,56,76,104,29,29,29,42,42,71,90,101,101,203,203,223,23,43,43,43,77,2,14,14,30,64,77,77,77,77,174,174,190,190,190,200,211,211,244,244,244,244,279,279,279],"floor_reached":46,"playtime":1207,"items_purged":["Strike_B","Strike_B"],"score":550,"play_id":"e0aa2b19-efa5-453c-ab20-4416d4b030a0","local_time":"20201215190424","is_ascension_mode":false,"campfire_choices":[{"floor":8.0,"key":"REST"},{"floor":11.0,"key":"REST"},{"data":"Double Energy","floor":15.0,"key":"SMITH"},{"floor":30,"key":"REST"},{"data":"Double Energy","floor":32,"key":"SMITH"},{"data":"Fission","floor":40,"key":"SMITH"},{"floor":44,"key":"REST"}],"circlet_count":0,"master_deck":["Defend_B","Defend_B","Defend_B","Defend_B","Zap","Dualcast","hubris:PowerSurge","Ball Lightning","Fusion","BootSequence","Reboot","Thunder Strike","Turbo","Coolheaded","Double Energy+1","Fission+1","Conserve Battery","Double Energy+1","Shame","Electrodynamics","Turbo+1","Tempest+1","Steam+1","Reboot"],"relics":["Cracked Core","DataDisk","Membership Card","hubris:Zylophone","Lantern","Bronze Scales","Sundial","Dream Catcher","hubris:TerracottaHorce","Juzu Bracelet","Chemical X","Regal Pillow","hubris:MedicalManual","Girya","SlaversCollar","hubris:TenFootPole","hubris:RGBLights"],"acts_visited":["Exordium","TheCity","TheBeyond"],"potions_floor_usage":[],"damage_taken":[{"damage":1.0,"enemies":"Cultist","floor":1.0,"turns":4.0},{"damage":0.0,"enemies":"2 Louse","floor":2.0,"turns":2.0},{"damage":6.0,"enemies":"Jaw Worm","floor":4.0,"turns":2.0},{"damage":10.0,"enemies":"Looter","floor":5.0,"turns":2.0},{"damage":20.0,"enemies":"Gremlin Nob","floor":6.0,"turns":4.0},{"damage":2.0,"enemies":"Blue Slaver","floor":10.0,"turns":2.0},{"damage":21.0,"enemies":"3 Sentries","floor":12.0,"turns":6.0},{"damage":0.0,"enemies":"Exordium Thugs","floor":13.0,"turns":4.0},{"damage":0.0,"enemies":"3 Louse","floor":14.0,"turns":2.0},{"damage":14.0,"enemies":"The Guardian","floor":16.0,"turns":7.0},{"damage":13.0,"enemies":"2 Thieves","floor":18.0,"turns":5.0},{"damage":8.0,"enemies":"conspire:FuzzyDice","floor":20.0,"turns":3.0},{"damage":0.0,"enemies":"Book of Stabbing","floor":23.0,"turns":2.0},{"damage":9.0,"enemies":"Snake Plant","floor":25.0,"turns":2.0},{"damage":3.0,"enemies":"Sentry and Sphere","floor":27.0,"turns":3.0},{"damage":0.0,"enemies":"conspire:Head Lice","floor":28.0,"turns":3.0},{"damage":3,"enemies":"conspire:HollyBat","floor":29,"turns":4},{"damage":17,"enemies":"conspire:MysteriousRune","floor":33,"turns":4},{"damage":6,"enemies":"3 Shapes","floor":35,"turns":4},{"damage":10,"enemies":"3 Darklings","floor":38,"turns":3},{"damage":5,"enemies":"Jaw Worm Horde","floor":39,"turns":2},{"damage":34,"enemies":"Reptomancer","floor":41,"turns":3},{"damage":42,"enemies":"conspire:MimicChest","floor":45,"turns":5},{"damage":25,"enemies":"Transient","floor":46,"turns":4}],"seed_played":"2637319791387837135","potions_obtained":[{"floor":4.0,"key":"Swift Potion"},{"floor":5.0,"key":"GamblersBrew"},{"floor":6.0,"key":"FocusPotion"},{"floor":10.0,"key":"Fire Potion"},{"floor":12.0,"key":"Fruit Juice"},{"floor":23.0,"key":"DistilledChaos"},{"floor":25.0,"key":"Fruit Juice"},{"floor":27.0,"key":"Dexterity Potion"},{"floor":29,"key":"BlessingOfTheForge"}],"is_trial":false,"path_per_floor":["M","M","$","M","M","E","$","R","T","M","R","E","M","M","R","B",null,"M","$","M","?","?","E","?","M","T","M","E","M","R","?","R","B",null,"M","?","?","M","M","R","E","?","T","R","?","M"],"character_chosen":"DEFECT","items_purchased":["DataDisk","Membership Card","hubris:Zylophone","hubris:PowerSurge","Lantern","Fusion","Thunder Strike","Juzu Bracelet","Chemical X"],"campfire_rested":4,"item_purchase_floors":[0,0,0,0,3,3,7,19,19],"current_hp_per_floor":[39,39,39,33,23,3,3,25,25,23,45,29,29,29,29,15,64,51,51,43,43,24,24,24,32,32,29,29,26,66,66,66,49,76,70,70,70,60,55,55,21,21,21,60,18,0,0],"gold":279,"neow_bonus":"","is_daily":false,"chose_seed":false,"campfire_upgraded":3,"win_rate":0.0,"timestamp":1608077064,"path_taken":["M","?","?","M","M","E","$","R","T","M","R","E","M","M","R","BOSS","M","$","M","?","?","E","?","M","T","M","E","M","R","?","R","BOSS","M","?","?","M","M","R","E","?","T","R","?","M"],"items_purchased_type":["Relic","Relic","Relic","Card","Relic","Card","Card","Relic","Relic"],"build_version":"2020-12-13","purchased_purges":2,"victory":false,"max_hp_per_floor":[75,75,75,75,75,75,75,75,75,75,75,80,80,80,80,80,80,80,80,80,80,80,80,80,85,85,85,85,85,85,85,85,85,85,85,85,81,81,81,81,81,81,81,81,81,81,81],"card_choices":[{"not_picked":["Gash","Undo"],"picked":"Ball Lightning","floor":1.0},{"not_picked":["Redo","Hologram","Melter"],"picked":"SKIP","floor":2.0},{"not_picked":["Consume","Scrape","Leap"],"picked":"SKIP","floor":4.0},{"not_picked":["Compile Driver","Aggregate"],"picked":"BootSequence","floor":5.0},{"not_picked":["Force Field","Sweeping Beam"],"picked":"Reboot","floor":6.0},{"not_picked":["Undo","Go for the Eyes"],"picked":"Turbo","floor":10.0},{"not_picked":["Cold Snap","Scrape"],"picked":"Coolheaded","floor":12.0},{"not_picked":["Compile Driver","Redo","Cold Snap"],"picked":"SKIP","floor":13.0},{"not_picked":["Sunder","FTL"],"picked":"Double Energy","floor":14.0},{"not_picked":["Thunder Strike","Meteor Strike"],"picked":"Fission","floor":16.0},{"not_picked":["Gash","Cold Snap+1","Rebound"],"picked":"SKIP","floor":18.0},{"not_picked":["Chaos","Lockon","Turbo"],"picked":"SKIP","floor":20.0},{"not_picked":["Machine Learning","Beam Cell","Streamline"],"picked":"SKIP","floor":23.0},{"not_picked":["Beam Cell+1","Undo","Gash"],"picked":"SKIP","floor":25.0},{"not_picked":["Go for the Eyes","Recycle+1"],"picked":"Conserve Battery","floor":27.0},{"not_picked":["Gash","Meteor Strike","Reinforced Body+1"],"picked":"SKIP","floor":28.0},{"not_picked":["Sweeping Beam","Static Discharge","Rebound"],"picked":"SKIP","floor":29},{"not_picked":["Gash","Leap"],"picked":"Double Energy","floor":30},{"not_picked":["Machine Learning","Reboot"],"picked":"Electrodynamics","floor":33},{"not_picked":["Hologram+1","Melter+1"],"picked":"Turbo+1","floor":35},{"not_picked":["Ball Lightning","Force Field"],"picked":"Tempest+1","floor":38},{"not_picked":["Ball Lightning+1","Rebound","Chaos+1"],"picked":"SKIP","floor":39},{"not_picked":["Gash","Steam Power+1"],"picked":"Steam+1","floor":41},{"not_picked":["Sweeping Beam+1","Gash"],"picked":"Reboot","floor":44}],"player_experience":78927,"relics_obtained":[{"floor":6.0,"key":"Bronze Scales"},{"floor":9.0,"key":"Sundial"},{"floor":12.0,"key":"Dream Catcher"},{"floor":23.0,"key":"Regal Pillow"},{"floor":28.0,"key":"hubris:MedicalManual"},{"floor":43,"key":"hubris:TenFootPole"},{"floor":45,"key":"hubris:RGBLights"}],"event_choices":[{"cards_removed":["Strike_B"],"damage_healed":0.0,"max_hp_gain":0.0,"max_hp_loss":0.0,"gold_gain":0.0,"event_name":"Purifier","player_choice":"Purged","floor":21.0,"gold_loss":0.0,"damage_taken":0.0},{"damage_healed":0.0,"max_hp_gain":43.0,"max_hp_loss":24.0,"gold_gain":0.0,"event_name":"betterAltar:BetterAltar","player_choice":" Potion ","floor":22.0,"potions_obtained":["betterAltar:AltarPotion"],"relics_lost":[],"gold_loss":0.0,"damage_taken":19.0,"relics_obtained":[]},{"cards_removed":["Strike_B"],"damage_healed":0.0,"max_hp_gain":0.0,"max_hp_loss":0.0,"gold_gain":0.0,"event_name":"Beggar","player_choice":"Gave Gold","floor":24.0,"gold_loss":75.0,"damage_taken":0.0},{"damage_healed":0,"gold_gain":0,"player_choice":"Stole Relic","damage_taken":0,"relics_obtained":["Girya"],"max_hp_gain":0,"max_hp_loss":0,"event_name":"Addict","floor":31,"gold_loss":0,"cards_obtained":["Shame"]},{"damage_healed":0,"gold_gain":0,"player_choice":"Leave","damage_taken":0,"max_hp_gain":0,"max_hp_loss":0,"event_name":"conspire:Investor","floor":36,"gold_loss":0},{"damage_healed":0,"gold_gain":0,"player_choice":"Max HP","damage_taken":0,"max_hp_gain":0,"max_hp_loss":4,"event_name":"Winding Halls","floor":37,"gold_loss":0},{"damage_healed":0,"gold_gain":0,"player_choice":"Ignored","damage_taken":0,"max_hp_gain":0,"max_hp_loss":0,"event_name":"Tomb of Lord Red Mask","floor":42,"gold_loss":0}],"is_beta":false,"boss_relics":[{"not_picked":["Empty Cage","Philosopher\u0027s Stone"],"picked":"hubris:TerracottaHorce"},{"not_picked":["Black Star","conspire:RoyalGoblet"],"picked":"SlaversCollar"}],"items_purged_floors":[0,19],"is_endless":false,"potions_floor_spawned":[4,5,6,10,12,23,25,27,29,41,45],"killed_by":"Transient","ascension_level":0}}