{"host":"0cm5wy4nhuju7tij","time":1608093799,"event":{"mods":["2.2 Compatiblity","AchievementEnabler","BaseMod","Better Third Choice","BetterRewards","CCEM","Colored Powertips","Curses Come First","Custom Start","Displayed Cursed Tome","Downfall","Energized Spire","Filter the Spire","Fireblade Mod","Highlight Path","Minty Spire (QoL Compilation)","Permanent Neow","Railgun Mod","Robot Space Explorer","Shop Mod","Spicy Shops","StSLib","The Elementalist","The Mystic","The Servant 0.9.4"],"gold_per_floor":[110,124,142,160,171,171,184,218,242,260,260,260,272,287,287,383,383,395,413,19,29,45,45,45,45,71,103,103,121,76,86,86,184,184,201,219,232,232,232],"floor_reached":38,"playtime":3144,"items_purged":["Strike_S","Defend_S"],"score":453,"play_id":"d25bf2e2-e937-4c50-ae51-2cc10dd93d7e","local_time":"20201215234319","is_ascension_mode":true,"campfire_choices":[{"data":"SurpressingFire","floor":6,"key":"SMITH"},{"floor":12,"key":"REST"},{"data":"SilverBlades","floor":15,"key":"SMITH"},{"floor":23,"key":"REST"},{"data":"InstantArmor","floor":25,"key":"SMITH"},{"data":"FanOfKnives","floor":28,"key":"SMITH"},{"data":"Embodiment","floor":32,"key":"SMITH"}],"circlet_count":0,"master_deck":["Strike_S","Strike_S","Strike_S","Defend_S","Defend_S","Defend_S","KidneyShot+1","Exchange","DoubleEdge","Defy","SurpressingFire+1","InstantArmor+1","Unruled","SilverBlades+1","SpecialFormula","BottledTime","RealityMarble","SoulSculpture","Starlight","Luminosity","Ricochet+1","Barrier","Guardian:Aged","FanOfKnives+1","Hightail","Rearm","Embodiment+1","TheWorld","Collapse","Rewind+1"],"relics":["SplendidAttire","CCEMRelics:Pendulum","MealTicket","Unceasing Top","Cursed Key","Vajra","Tiny Chest","Lantern"],"acts_visited":["Exordium","TheCity","TheBeyond"],"potions_floor_usage":[],"damage_taken":[{"damage":0,"enemies":"Cultist","floor":1,"turns":4},{"damage":12,"enemies":"Jaw Worm","floor":2,"turns":3},{"damage":0,"enemies":"2 Louse","floor":3,"turns":1},{"damage":4,"enemies":"Blue Slaver","floor":4,"turns":2},{"damage":0,"enemies":"3 Louse","floor":5,"turns":3},{"damage":10,"enemies":"Exordium Thugs","floor":7,"turns":5},{"damage":14,"enemies":"Gremlin Nob","floor":8,"turns":4},{"damage":0,"enemies":"Gremlin Gang","floor":10,"turns":3},{"damage":7,"enemies":"2 Fungi Beasts","floor":13,"turns":3},{"damage":10,"enemies":"Exordium Wildlife","floor":14,"turns":4},{"damage":13,"enemies":"The Guardian","floor":16,"turns":16},{"damage":3,"enemies":"Shell Parasite","floor":18,"turns":4},{"damage":11,"enemies":"Chosen","floor":19,"turns":5},{"damage":22,"enemies":"Snake Plant","floor":21,"turns":3},{"damage":15,"enemies":"3 Cultists","floor":22,"turns":5},{"damage":0,"enemies":"Book of Stabbing","floor":27,"turns":5},{"damage":3,"enemies":"Centurion and Healer","floor":29,"turns":6},{"damage":1,"enemies":"Cultist and Chosen","floor":31,"turns":6},{"damage":16,"enemies":"Champ","floor":33,"turns":13},{"damage":0,"enemies":"3 Shapes","floor":35,"turns":1},{"damage":33,"enemies":"3 Darklings","floor":36,"turns":5},{"damage":11,"enemies":"Jaw Worm Horde","floor":37,"turns":3},{"damage":57,"enemies":"4 Shapes","floor":38,"turns":3}],"seed_played":"8503624135660426236","potions_obtained":[{"floor":2,"key":"Strength Potion"},{"floor":3,"key":"Slimebound:ThreeZeroPotion"},{"floor":5,"key":"Dexterity Potion"}],"is_trial":false,"path_per_floor":["M","M","M","M","M","R","M","E","T","M","?","R","M","M","R","B",null,"M","M","$","M","M","R","?","R","T","E","R","M","$","M","R","B",null,"M","M","M","M"],"character_chosen":"THE_SERVANT","items_purchased":["Luminosity","Vajra","Rearm"],"campfire_rested":2,"item_purchase_floors":[20,20,30],"current_hp_per_floor":[65,53,53,49,49,49,39,25,25,25,25,44,42,37,37,29,65,65,54,65,43,33,52,65,65,65,65,65,65,65,64,64,53,65,65,37,26,0,0],"gold":232,"neow_bonus":"UPGRADE_CARD","is_daily":false,"chose_seed":false,"campfire_upgraded":5,"win_rate":0.0,"timestamp":1608093799,"path_taken":["M","M","M","M","M","R","M","E","T","M","?","R","M","M","R","BOSS","M","M","$","M","M","R","?","R","T","E","R","M","$","M","R","BOSS","M","M","M","M"],"items_purchased_type":["Card","Relic","Card"],"build_version":"2020-12-13","purchased_purges":2,"victory":false,"max_hp_per_floor":[65,65,65,65,65,65,65,65,65,65,65,65,65,65,65,65,65,65,65,65,65,65,65,65,65,65,65,65,65,65,65,65,65,65,65,65,65,65,65],"card_choices":[{"not_picked":["Shuttle","Rewind"],"picked":"DoubleEdge","floor":1},{"not_picked":["FastForward","ShatteredReality"],"picked":"Defy","floor":2},{"not_picked":["BottledTime","TimeWarp"],"picked":"SurpressingFire","floor":3},{"not_picked":["FastForward","Misdirection"],"picked":"InstantArmor","floor":4},{"not_picked":["ShatteredReality","Gouge"],"picked":"Unruled","floor":5},{"not_picked":["Foresight","Potential"],"picked":"SilverBlades","floor":7},{"not_picked":["Replace","Revamp"],"picked":"Read","floor":8},{"not_picked":["DualDimension","Spin"],"picked":"SpecialFormula","floor":10},{"not_picked":["FloweringNight","DualDimension"],"picked":"BottledTime","floor":13},{"not_picked":["ShatteredReality","Deadline"],"picked":"RealityMarble","floor":14},{"not_picked":["Solidify","LightFlow"],"picked":"SoulSculpture","floor":16},{"not_picked":["Potential+1","ShatteredReality+1","Alleviate"],"picked":"SKIP","floor":18},{"not_picked":["Unruled","FastForward"],"picked":"Starlight","floor":19},{"not_picked":["Desolation","Replace"],"picked":"Ricochet+1","floor":21},{"not_picked":["Read","Moonlight"],"picked":"Barrier","floor":22},{"not_picked":["Revamp+1","Replace"],"picked":"FanOfKnives","floor":27},{"not_picked":["Revamp","Snipe"],"picked":"Hightail","floor":29},{"not_picked":["Rearm","MoonPhase"],"picked":"Embodiment","floor":31},{"not_picked":["FloweringNight","Solidify"],"picked":"TheWorld","floor":33},{"not_picked":["ShiftingGears+1","Rewind","TimeWarp"],"picked":"SKIP","floor":35},{"not_picked":["Deadline+1","ShatteredReality"],"picked":"Collapse","floor":36},{"not_picked":["ReturningBlade+1","Barrier"],"picked":"Rewind+1","floor":37}],"player_experience":222576,"relics_obtained":[{"floor":8,"key":"CCEMRelics:Pendulum"},{"floor":9,"key":"MealTicket"},{"floor":26,"key":"Tiny Chest"},{"floor":27,"key":"Lantern"}],"event_choices":[{"damage_healed":0,"gold_gain":0,"player_choice":"Searched \u00272\u0027 times","damage_taken":0,"relics_obtained":["Unceasing Top"],"max_hp_gain":0,"max_hp_loss":0,"event_name":"Dead Adventurer","floor":11,"gold_loss":0},{"cards_removed":["Read"],"damage_healed":13,"gold_gain":0,"player_choice":"Offered Uncommon","damage_taken":0,"max_hp_gain":0,"max_hp_loss":0,"event_name":"Bonfire Elementals","floor":24,"gold_loss":0}],"is_beta":false,"boss_relics":[{"not_picked":["Busted Crown","Tiny House"],"picked":"Cursed Key"},{"not_picked":["energizedSpire:DeadBattery","SacredBark"],"picked":"SplendidAttire"}],"items_purged_floors":[20,20],"is_endless":false,"potions_floor_spawned":[2,3,5,7,10,18,21,29,33,36,37],"killed_by":"4 Shapes","ascension_level":1}}