{"host":"2i0myh7fqij2ti1z","time":1608131805,"event":{"mods":["Aspiration","BaseMod","Better Third Choice","Colored Powertips","FoggyMod","Highlight Path","Infinite Spire","Minty Spire (QoL Compilation)","Quick Restart","Random Character Button","Random Character Mod","Replay The Spire","Shop Mod","Spicy Shops","StSLib","Transform Curses","Wandering Minibosses"],"gold_per_floor":[555555,554383,554383,554458,553041,553041,553076,553076,553123,553155,553155,553155,553188,553200,553200,553303,553303,553318,553318,553318,552527,552527,552558,552558,552589,552625,552657,552594,552684,552696,552765,552777,552885,552897,552927,552989,553001,553013,551918,551918,551938,551938],"floor_reached":41,"playtime":3420,"items_purged":["Thunderclap","Injury","Thunderclap","Iron Wave","Voices","Fluid Movement"],"score":818,"play_id":"53ca0369-881d-4de7-8fab-89b5dcbba9c9","local_time":"20201216231645","daily_mods":["Draft","Red Cards","Elite Swarm"],"is_ascension_mode":true,"campfire_choices":[{"data":"Perfected Strike","floor":6.0,"key":"SMITH"},{"data":"Offering","floor":8.0,"key":"SMITH"},{"data":"Metallicize","floor":12.0,"key":"SMITH"},{"data":"Perfected Strike","floor":32.0,"key":"SMITH"},{"data":"Offering","floor":40,"key":"SMITH"}],"circlet_count":0,"master_deck":["Perfected Strike+1","Pommel Strike","Thunderclap","Perfected Strike+1","Combust","Infernal Blade","Twin Strike","Thunderclap+1","Replay:Dark Deal+1","Metallicize+1","Replay:Dark Deal+1","Offering+1","Impervious","Offering+1","Rupture+1","Feed+1","Pommel Strike+1","infinitespire:Execution","Barricade+1","Perfected Strike+1","Berserk+1","Catalyst","A Thousand Cuts+1"],"relics":["Burning Blood","Ring of Chaos","Replay:Mystery Machine","Vajra","Orichalcum","BargainBundle","Replay:Towering Pillar of Hats","Frozen Eye","Molten Egg 2","King of Hearts","OrangePellets","Replay:Rubber Ducky","Regal Pillow","Lee\u0027s Waffle","aspiration:Lifesprig","Replay:Bottled Eggs","infinitespire:Beetle Shell","Question Card","Magic Flower","Black Star","Self Forming Clay","ReplayTheSpireMod:Ring of Challenge","ReplayTheSpireMod:Ring of Collecting","Golden Egg","Another Sword","Replay:WaspNest","Torii","Turnip","Blue Doll","MawBank","Pet Ghost","ReplayTheSpireMod:Ring of Addiction","Potion Belt","Toy Ornithopter","wanderingMiniBosses:AbyssPearl","Bird Faced Urn","Bottled Lightning","aspiration:PoetsPen_weak","Mango","Juzu Bracelet","Gremlin Food","aspiration:Nostalgia","Iron Core","Snack Pack","Bronze Scales"],"acts_visited":["Exordium","TheCity","TheBeyond"],"potions_floor_usage":[],"damage_taken":[{"damage":2.0,"enemies":"Small Slimes","floor":1.0,"turns":2.0},{"damage":2.0,"enemies":"Lagavulin","floor":7.0,"turns":3.0},{"damage":9.0,"enemies":"3 Sentries","floor":10.0,"turns":3.0},{"damage":2.0,"enemies":"Gremlin Nob","floor":13.0,"turns":3.0},{"damage":6.0,"enemies":"Cultist","floor":14.0,"turns":1.0},{"damage":36.0,"enemies":"Fading Forest","floor":16.0,"turns":9.0},{"damage":14.0,"enemies":"Shell Parasite","floor":18.0,"turns":3.0},{"damage":9.0,"enemies":"Replay:Snechameleon","floor":23.0,"turns":2.0},{"damage":19.0,"enemies":"Gremlin Leader","floor":25.0,"turns":2.0},{"damage":12.0,"enemies":"3 Byrds","floor":27.0,"turns":5.0},{"damage":12.0,"enemies":"Replay:Snechameleon","floor":29.0,"turns":2.0},{"damage":14.0,"enemies":"Sentry and Sphere","floor":31.0,"turns":3.0},{"damage":8.0,"enemies":"Automaton","floor":33.0,"turns":2.0},{"damage":6.0,"enemies":"3 Darklings","floor":35.0,"turns":2.0},{"damage":14.0,"enemies":"Mind Bloom Boss Battle","floor":36.0,"turns":3.0},{"damage":12.0,"enemies":"infinitespire:Three Voidlings","floor":38.0,"turns":3.0},{"damage":17.0,"enemies":"Nightmare_Alpha","floor":38.0,"turns":5.0},{"damage":12,"enemies":"R_Hoarder","floor":41,"turns":7}],"seed_played":"-6235735852902014000","potions_obtained":[{"floor":11.0,"key":"Flashbang"},{"floor":11.0,"key":"SteroidPotion"},{"floor":11.0,"key":"CultistPotion"},{"floor":18.0,"key":"Reflective Coating"},{"floor":25.0,"key":"AttackPotion"},{"floor":26.0,"key":"SpeedPotion"},{"floor":26.0,"key":"SkillPotion"},{"floor":26.0,"key":"Elixir"},{"floor":29.0,"key":"AttackPotion"},{"floor":31.0,"key":"Energy Potion"},{"floor":33.0,"key":"Energy Potion"},{"floor":35.0,"key":"LifebloodPotion"}],"is_trial":true,"path_per_floor":["M","$","?","?","$","R","E","R","T","E","?","R","E","M","R","B",null,"M","AVR","?","$","?","E","?","E","T","M","?","E","?","M","R","B",null,"M","?","?","?","$","R","E"],"character_chosen":"IRONCLAD","items_purchased":["Replay:Mystery Machine","Vajra","Orichalcum","BargainBundle","Replay:Dark Deal","Replay:Towering Pillar of Hats","Frozen Eye","King of Hearts","OrangePellets","Replay:Rubber Ducky","Regal Pillow","Lee\u0027s Waffle","aspiration:Lifesprig","Metallicize","Replay:Dark Deal","Golden Egg","Another Sword","Replay:WaspNest","Juzu Bracelet","Gremlin Food","aspiration:Nostalgia","Snack Pack","Bronze Scales","FairyPotion"],"campfire_rested":0,"item_purchase_floors":[2,2,2,2,2,2,2,5,5,5,5,5,5,5,5,21,21,21,39,39,39,39,39,39],"current_hp_per_floor":[80,80,80,69,87,87,87,87,87,84,84,84,87,87,87,60,87,82,82,82,82,82,82,87,97,97,110,110,126,126,139,139,150,150,150,164,162,165,165,165,173,173],"gold":551938,"neow_bonus":"","is_daily":false,"chose_seed":false,"campfire_upgraded":5,"win_rate":0.0,"timestamp":1608131805,"path_taken":["M","$","?","?","$","R","E","R","T","E","?","R","E","?","R","BOSS","M","AVR","?","$","?","E","?","E","T","?","?","E","?","?","R","BOSS","M","?","?","?","$","R","E"],"items_purchased_type":["Relic","Relic","Relic","Relic","Card","Relic","Relic","Relic","Relic","Relic","Relic","Relic","Relic","Card","Card","Relic","Relic","Relic","Relic","Relic","Relic","Relic","Relic","Potion"],"build_version":"2020-12-13","purchased_purges":6,"victory":false,"max_hp_per_floor":[80,80,80,80,87,87,87,87,87,87,87,87,87,87,87,87,87,87,87,87,87,87,87,87,100,100,113,113,126,126,139,139,150,150,150,164,162,175,175,175,173,173],"card_choices":[{"not_picked":["Flame Barrier","ReplayTheSpireMod:Strike From Hell"],"picked":"Perfected Strike","floor":0.0},{"not_picked":["Burning Pact","True Grit"],"picked":"Pommel Strike","floor":0.0},{"not_picked":["Blood for Blood","Flame Barrier"],"picked":"Thunderclap","floor":0.0},{"not_picked":["Body Slam","ReplayTheSpireMod:Corrosion Curse"],"picked":"Iron Wave","floor":0.0},{"not_picked":["Havoc","Blood for Blood"],"picked":"Metallicize","floor":0.0},{"not_picked":["Run Through","Fire Breathing"],"picked":"Thunderclap","floor":0.0},{"not_picked":["Anger","Entrench"],"picked":"Flex","floor":0.0},{"not_picked":["Life Link","Flame Barrier"],"picked":"Combust","floor":0.0},{"not_picked":["Fire Breathing","ReplayTheSpireMod:Stacked"],"picked":"Disarm","floor":0.0},{"not_picked":["Combust","Clothesline"],"picked":"Thunderclap","floor":0.0},{"not_picked":["Searing Blow","Thunderclap"],"picked":"Perfected Strike","floor":0.0},{"not_picked":["True Grit","Body Slam"],"picked":"Combust","floor":0.0},{"not_picked":["Anger","Armaments"],"picked":"Infernal Blade","floor":0.0},{"not_picked":["Rampage","Armaments"],"picked":"Twin Strike","floor":0.0},{"not_picked":["Ghostly Armor","Uppercut"],"picked":"Inflame","floor":0.0},{"not_picked":["Clothesline","Combust"],"picked":"Thunderclap","floor":1.0},{"not_picked":["Demon Form","Demonic Infusion"],"picked":"Offering","floor":7.0},{"not_picked":["Exhume","Demon Form"],"picked":"Impervious","floor":10.0},{"not_picked":["Demon Form","Impervious","Exhume"],"picked":"Offering","floor":13.0},{"not_picked":["Dual Wield","Clash+1","Battle Trance"],"picked":"Rupture","floor":14.0},{"not_picked":["Berserk","Limit Break","Offering"],"picked":"Feed+1","floor":16.0},{"not_picked":["Flex","Carnage+1","Dual Wield"],"picked":"Pommel Strike+1","floor":18.0},{"not_picked":["Demonic Infusion","Bludgeon+1","Demon Form","Replay:Many Hands"],"picked":"SKIP","floor":23.0},{"not_picked":["Feed+1","Fiend Fire+1","Immolate+1","Juggernaut"],"picked":"SKIP","floor":25.0},{"not_picked":["Flex","Iron Wave+1","ReplayTheSpireMod:Strike From Hell+1","Armaments"],"picked":"SKIP","floor":27.0},{"not_picked":["Demon Form","Offering","Fiend Fire+1"],"picked":"Barricade","floor":29.0},{"not_picked":["Pommel Strike+1","Dropkick+1","True Grit"],"picked":"Perfected Strike+1","floor":31.0},{"not_picked":["Juggernaut","Replay:Many Hands","Hemogenesis+1"],"picked":"Berserk","floor":33.0},{"not_picked":["Headbutt+1","Havoc","ReplayTheSpireMod:Strike From Hell+1","Cleave+1"],"picked":"SKIP","floor":35.0}],"player_experience":170891,"relics_obtained":[{"floor":7.0,"key":"Replay:Bottled Eggs"},{"floor":9.0,"key":"infinitespire:Beetle Shell"},{"floor":10.0,"key":"Question Card"},{"floor":13.0,"key":"Magic Flower"},{"floor":20.0,"key":"ReplayTheSpireMod:Ring of Challenge"},{"floor":20.0,"key":"ReplayTheSpireMod:Ring of Collecting"},{"floor":23.0,"key":"Torii"},{"floor":23.0,"key":"Turnip"},{"floor":25.0,"key":"Blue Doll"},{"floor":25.0,"key":"MawBank"},{"floor":26.0,"key":"Pet Ghost"},{"floor":26.0,"key":"ReplayTheSpireMod:Ring of Addiction"},{"floor":26.0,"key":"Potion Belt"},{"floor":26.0,"key":"Toy Ornithopter"},{"floor":27.0,"key":"wanderingMiniBosses:AbyssPearl"},{"floor":29.0,"key":"Bird Faced Urn"},{"floor":29.0,"key":"Bottled Lightning"},{"floor":36.0,"key":"Mango"}],"event_choices":[{"damage_healed":0.0,"max_hp_gain":0.0,"max_hp_loss":0.0,"gold_gain":75.0,"event_name":"betterThird:BetterGoop","player_choice":"Gold","floor":4.0,"gold_loss":0.0,"damage_taken":11.0},{"damage_healed":0.0,"max_hp_gain":0.0,"max_hp_loss":0.0,"gold_gain":0.0,"event_name":"Lab","player_choice":"Got Potions","floor":11.0,"gold_loss":0.0,"damage_taken":0.0},{"cards_removed":["Combust"],"damage_healed":5.0,"max_hp_gain":0.0,"max_hp_loss":0.0,"gold_gain":0.0,"event_name":"Bonfire Elementals","player_choice":"Offered Uncommon","floor":24.0,"gold_loss":0.0,"damage_taken":0.0},{"cards_removed":["Flex"],"damage_healed":0.0,"max_hp_gain":0.0,"max_hp_loss":0.0,"gold_gain":0.0,"event_name":"Beggar","player_choice":"Gave Gold","floor":28.0,"gold_loss":75.0,"damage_taken":0.0},{"damage_healed":0.0,"max_hp_gain":0.0,"max_hp_loss":0.0,"gold_gain":0.0,"event_name":"Upgrade Shrine","player_choice":"Upgraded","floor":30.0,"gold_loss":0.0,"damage_taken":0.0,"cards_upgraded":["Rupture"]},{"damage_healed":0.0,"max_hp_gain":0.0,"max_hp_loss":0.0,"gold_gain":0.0,"event_name":"MindBloom","player_choice":"Fight","floor":36.0,"gold_loss":0.0,"damage_taken":0.0},{"damage_healed":0,"gold_gain":0,"player_choice":"Memory 3","damage_taken":10,"max_hp_gain":0,"max_hp_loss":0,"event_name":"SensoryStone","floor":38,"gold_loss":0}],"is_beta":false,"boss_relics":[{"not_picked":["Runic Dome","Replay:Drink Me"],"picked":"Black Star"},{"not_picked":["Tiny House","Ring of Chaos"],"picked":"aspiration:PoetsPen_weak"}],"items_purged_floors":[2,5,5,19,21,39],"is_endless":false,"potions_floor_spawned":[13,14,18,25,29,31,33,35],"killed_by":"R_Hoarder","ascension_level":1}}