{"host":"p084pgp93u1tv48k","time":1608078170,"event":{"mods":["AchievementEnabler","BaseMod","Bestiary","Colored Map","Downfall","Minty Spire (QoL Compilation)","Quick Restart","StSLib"],"gold_per_floor":[99,99,24,24,24,24,24,53,53,82,101,120,30,48,61,162,162,87,26,42,42,142,142,190,222,57,88,101,116,116,67,83,181,181,106,116,116,134,134,160,160,175,175,208,222,272,272,289,307,307,307,332,87,87,87,87],"floor_reached":55,"playtime":4129,"items_purged":["Slimebound:Tackle"],"score":873,"play_id":"bd5fe7d8-d98b-4742-be21-8ea5dd7ef7af","local_time":"20201215195250","is_ascension_mode":false,"campfire_choices":[{"floor":1,"key":"RECALL"},{"data":"Slimebound:Schlurp","floor":3,"key":"SMITH"},{"floor":9,"key":"REST"},{"data":"Slimebound:Schlurp","floor":18,"key":"SMITH"},{"data":"Slimebound:SlimeSpikes","floor":21,"key":"SMITH"},{"floor":23,"key":"REST"},{"data":"Slimebound:DouseInSlime","floor":35,"key":"SMITH"},{"data":"Slimebound:RejuvenatingLick","floor":37,"key":"SMITH"},{"data":"Slimebound:Replication","floor":39,"key":"SMITH"},{"data":"Slimebound:SamplingLick","floor":43,"key":"SMITH"},{"data":"Slimebound:AcidTongue","floor":54,"key":"SMITH"}],"circlet_count":0,"master_deck":["Slimebound:Strike_Slimebound","Slimebound:Strike_Slimebound","Slimebound:Strike_Slimebound","Slimebound:Defend_Slimebound","Slimebound:Defend_Slimebound","Slimebound:Defend_Slimebound","Slimebound:Defend_Slimebound","Slimebound:Split","Slimebound:CorrosiveSpit","Slimebound:Schlurp+1","Slimebound:SamplingLick+1","Slimebound:Schlurp+1","Slimebound:AcidTongue+1","Slimebound:Schlurp+1","Slimebound:SlimeSpikes+1","Slimebound:RejuvenatingLick+1","Slimebound:LeechingTouch","Slimebound:LeechLife","Slimebound:SlimeSpikes","Slimebound:Dissolve+1","Slimebound:ViciousTackle","Slimebound:HauntingLick+1","Slimebound:LeechingTouch","Slimebound:SamplingLick+1","Slimebound:SpikyOuterGoop+1","Slimebound:DouseInSlime+1","Slimebound:Prepare+1","Slimebound:Replication+1","Slimebound:GrowthPunch+1","Slimebound:SamplingLick+1","Slimebound:MegaLick+1","Slimebound:ComboTackle+1","Slimebound:RainOfGoop+1","Slimebound:ViciousTackle"],"relics":["Slimebound:AbsorbEndCombat","downfall:HeartsMalice","downfall:HeartBlessingRed","Shuriken","InkBottle","Letter Opener","SlaversCollar","downfall:HeartBlessingGreen","downfall:GremlinWheel","War Paint","Anchor","Eternal Feather","ClockworkSouvenir","Bottled Lightning","Slimebound:TarBlob","downfall:HeartBlessingBlue","The Courier","FossilizedHelix","Smiling Mask","TungstenRod","Boot","CaptainsWheel","Strawberry","Vajra"],"acts_visited":["Exordium","TheCity","TheBeyond","TheEnding"],"potions_floor_usage":[11,12,13,25,27,33,55,55],"damage_taken":[{"damage":0,"enemies":"Cultist","floor":2,"turns":1},{"damage":0,"enemies":"downfall:FleeingMerchant","floor":4,"turns":1},{"damage":0,"enemies":"2 Louse","floor":6,"turns":1},{"damage":46,"enemies":"3 Sentries","floor":8,"turns":11},{"damage":41,"enemies":"Lagavulin","floor":10,"turns":8},{"damage":9,"enemies":"Small Slimes","floor":11,"turns":3},{"damage":10,"enemies":"2 Fungi Beasts","floor":12,"turns":3},{"damage":7,"enemies":"downfall:FleeingMerchant","floor":13,"turns":4},{"damage":4,"enemies":"Gremlin Gang","floor":14,"turns":3},{"damage":8,"enemies":"3 Louse","floor":15,"turns":2},{"damage":22,"enemies":"downfall:Silent","floor":16,"turns":9},{"damage":4,"enemies":"downfall:FleeingMerchant","floor":19,"turns":4},{"damage":20,"enemies":"3 Byrds","floor":20,"turns":4},{"damage":56,"enemies":"3 Byrds","floor":22,"turns":4},{"damage":9,"enemies":"Book of Stabbing","floor":25,"turns":5},{"damage":4,"enemies":"downfall:FleeingMerchant","floor":26,"turns":4},{"damage":12,"enemies":"Gremlin Leader","floor":27,"turns":4},{"damage":43,"enemies":"Snecko","floor":28,"turns":6},{"damage":14,"enemies":"Centurion and Healer","floor":29,"turns":4},{"damage":0,"enemies":"downfall:FleeingMerchant","floor":31,"turns":2},{"damage":14,"enemies":"Shelled Parasite and Fungi","floor":32,"turns":4},{"damage":4,"enemies":"downfall:Defect","floor":33,"turns":3},{"damage":21,"enemies":"3 Darklings","floor":36,"turns":4},{"damage":6,"enemies":"3 Shapes","floor":38,"turns":3},{"damage":42,"enemies":"Nemesis","floor":40,"turns":3},{"damage":0,"enemies":"Transient","floor":42,"turns":5},{"damage":0,"enemies":"Giant Head","floor":44,"turns":4},{"damage":0,"enemies":"Jaw Worm Horde","floor":45,"turns":4},{"damage":0,"enemies":"Mind Bloom Boss Battle","floor":46,"turns":3},{"damage":0,"enemies":"Writhing Mass","floor":48,"turns":4},{"damage":0,"enemies":"3 Darklings","floor":49,"turns":3},{"damage":44,"enemies":"downfall:Ironclad","floor":50,"turns":8},{"damage":2,"enemies":"downfall:CharBossMerchant","floor":52,"turns":3},{"damage":88,"enemies":"downfall:NeowBoss","floor":55,"turns":13}],"seed_played":"7263358289612201234","potions_obtained":[{"floor":8,"key":"AttackPotion"},{"floor":10,"key":"Regen Potion"},{"floor":12,"key":"Weak Potion"},{"floor":14,"key":"FearPotion"},{"floor":16,"key":"Regen Potion"},{"floor":22,"key":"Strength Potion"},{"floor":25,"key":"LiquidBronze"},{"floor":28,"key":"SkillPotion"},{"floor":33,"key":"Energy Potion"},{"floor":48,"key":"Slimebound:ThreeZeroPotion"}],"is_trial":false,"path_per_floor":["R","M","R","$","?","M","T","E","R","E","M","M","$","M","M","B",null,"R","$","M","R","?","R","T","E","$","E","M","M","?","$","M","B",null,"R","M","R","M","R","E","T","M","R","E","M","?","?","M","M","B",null,"E","$","R","B"],"character_chosen":"SLIMEBOUND","items_purchased":["Slimebound:SlimeSpikes","Anchor","ClockworkSouvenir","Bottled Lightning","Strawberry","Vajra"],"campfire_rested":2,"item_purchase_floors":[19,26,31,31,53,53],"current_hp_per_floor":[60,60,60,60,60,60,60,26,44,9,15,13,14,16,18,14,60,60,60,60,60,6,24,24,39,60,60,52,50,50,54,54,60,60,70,55,70,70,70,34,34,70,70,70,70,70,70,70,70,54,70,70,77,77,1,1],"gold":87,"neow_bonus":"THREE_ENEMY_KILL","is_daily":false,"chose_seed":false,"campfire_upgraded":8,"win_rate":0.0,"timestamp":1608078170,"path_taken":["R","M","R","?","?","?","T","E","R","E","M","?","$","M","M","BOSS","R","?","M","R","?","R","T","E","$","E","M","?","?","$","M","BOSS","R","M","R","M","R","E","T","M","R","E","?","?","?","M","M","BOSS","E","$","R","BOSS"],"items_purchased_type":["Card","Relic","Relic","Relic","Relic","Relic"],"build_version":"2020-12-13","purchased_purges":1,"victory":false,"max_hp_per_floor":[60,60,60,60,60,60,60,60,60,60,60,60,60,60,60,60,60,60,60,60,60,60,60,60,60,60,60,60,60,60,60,60,60,60,70,70,70,70,70,70,70,70,70,70,70,70,70,70,70,70,70,70,77,77,77,77],"card_choices":[{"not_picked":["Slimebound:LeechEnergy","Slimebound:FinishingTackle"],"picked":"Slimebound:Schlurp","floor":2},{"not_picked":["Slimebound:SplitBruiser","Slimebound:Prepare"],"picked":"Slimebound:SamplingLick","floor":4},{"not_picked":["Slimebound:FirmFortitude","Slimebound:SlimeBrawl"],"picked":"Slimebound:Schlurp","floor":6},{"not_picked":["Slimebound:Dissolve","Slimebound:LeechingTouch"],"picked":"Slimebound:AcidTongue","floor":8},{"not_picked":["Slimebound:LeadByExample","Slimebound:GoopSpray"],"picked":"Slimebound:Schlurp","floor":10},{"not_picked":["Slimebound:ProtectTheBoss","Slimebound:Repurpose","Slimebound:RainOfGoop"],"picked":"SKIP","floor":11},{"not_picked":["Slimebound:Repurpose","Slimebound:RollThrough","Slimebound:Chomp"],"picked":"SKIP","floor":12},{"not_picked":["Slimebound:LeechEnergy","Slimebound:GoopSpray"],"picked":"Slimebound:SlimeSpikes","floor":13},{"not_picked":["Slimebound:MegaLick","Slimebound:Repurpose"],"picked":"Slimebound:RejuvenatingLick","floor":14},{"not_picked":["Slimebound:GrowthPunch","Slimebound:ViciousTackle"],"picked":"Slimebound:LeechingTouch","floor":15},{"not_picked":["Slimebound:DouseInSlime","Slimebound:WasteNot"],"picked":"Slimebound:LeechLife","floor":16},{"not_picked":["Slimebound:Equalize","Slimebound:MinionMaster","Slimebound:Nibble"],"picked":"SKIP","floor":19},{"not_picked":["Slimebound:SplitLeeching","Slimebound:LeadByExample+1"],"picked":"Slimebound:Dissolve","floor":20},{"not_picked":["Slimebound:GoopSpray","Slimebound:FinishingTackle","Slimebound:PressTheAttack"],"picked":"SKIP","floor":25},{"not_picked":["Slimebound:SplitLeeching+1","Slimebound:PressTheAttack","Slimebound:GoopTackle"],"picked":"SKIP","floor":26},{"not_picked":["Slimebound:FlameTackle","Slimebound:PressTheAttack"],"picked":"Slimebound:ViciousTackle","floor":27},{"not_picked":["Slimebound:Grow","Slimebound:FinishingTackle"],"picked":"Slimebound:HauntingLick","floor":28},{"not_picked":["Slimebound:Nibble","Slimebound:LeechEnergy"],"picked":"Slimebound:LeechingTouch","floor":29},{"not_picked":["Slimebound:FlameTackle","Slimebound:Schlurp"],"picked":"Slimebound:SamplingLick+1","floor":31},{"not_picked":["Slimebound:HauntingLick","Slimebound:PrepareCrush"],"picked":"Slimebound:SpikyOuterGoop+1","floor":32},{"not_picked":["Slimebound:PrepareCrush","Slimebound:SlimeSlap"],"picked":"Slimebound:DouseInSlime","floor":33},{"not_picked":["Slimebound:SlimeTap","Slimebound:SlimeSpikes"],"picked":"Slimebound:Prepare+1","floor":36},{"not_picked":["Slimebound:PressTheAttack+1","Slimebound:SplitLeeching+1"],"picked":"Slimebound:Replication","floor":38},{"not_picked":["Slimebound:LeechingTouch","Slimebound:ComboTackle+1"],"picked":"Slimebound:GrowthPunch+1","floor":40},{"not_picked":["Slimebound:HauntingLick","Slimebound:RollThrough+1"],"picked":"Slimebound:SamplingLick","floor":42},{"not_picked":["Slimebound:PressTheAttack","Slimebound:LeechingTouch"],"picked":"Slimebound:MegaLick+1","floor":44},{"not_picked":["Slimebound:MinionMaster","Slimebound:LivingWall"],"picked":"Slimebound:ComboTackle+1","floor":45},{"not_picked":["Slimebound:SamplingLick","Slimebound:SplitMire+1"],"picked":"Slimebound:RainOfGoop+1","floor":46},{"not_picked":["Slimebound:SplitMire","Slimebound:Replication"],"picked":"Slimebound:ViciousTackle","floor":48},{"not_picked":["Slimebound:SplitLeeching+1","Slimebound:PressTheAttack+1","Slimebound:ItLooksTasty+1"],"picked":"SKIP","floor":49},{"not_picked":["Slimebound:Chomp+1","Slimebound:SplitBruiser+1","Slimebound:FinishingTackle"],"picked":"SKIP","floor":52}],"player_experience":115292,"relics_obtained":[{"floor":7,"key":"Shuriken"},{"floor":8,"key":"InkBottle"},{"floor":10,"key":"Letter Opener"},{"floor":22,"key":"downfall:GremlinWheel"},{"floor":25,"key":"War Paint"},{"floor":27,"key":"Eternal Feather"},{"floor":40,"key":"The Courier"},{"floor":41,"key":"FossilizedHelix"},{"floor":44,"key":"Smiling Mask"},{"floor":46,"key":"TungstenRod"},{"floor":47,"key":"Boot"},{"floor":52,"key":"CaptainsWheel"}],"event_choices":[{"damage_healed":0,"gold_gain":0,"player_choice":"Upgraded","damage_taken":0,"max_hp_gain":0,"max_hp_loss":0,"event_name":"Upgrade Shrine","floor":5,"gold_loss":0,"cards_upgraded":["Slimebound:SamplingLick"]},{"damage_healed":0,"gold_gain":0,"player_choice":"Forge","damage_taken":0,"max_hp_gain":0,"max_hp_loss":0,"event_name":"Accursed Blacksmith","floor":30,"gold_loss":0,"cards_upgraded":["Slimebound:HauntingLick"]}],"is_beta":false,"boss_relics":[{"not_picked":["Busted Crown","Slimebound:AbsorbEndCombatUpgraded"],"picked":"SlaversCollar"},{"not_picked":["Pandora\u0027s Box","Fusion Hammer"],"picked":"Slimebound:TarBlob"}],"items_purged_floors":[13],"is_endless":false,"potions_floor_spawned":[8,10,12,14,16,22,25,28,29,33,42,44,48,49,52],"killed_by":"downfall:NeowBoss","ascension_level":0}}