{"host":"nox","time":1608114363,"event":{"mods":["BaseMod","Colored Powertips","Minty Spire (QoL Compilation)","Quick Restart","Replay The Spire","StSLib"],"gold_per_floor":[117,135,145,157,10,42,61,61,61],"floor_reached":8,"playtime":380,"items_purged":[],"score":72,"play_id":"977e151a-b365-4596-8c83-7162be8d96ad","local_time":"20201216172603","is_ascension_mode":true,"campfire_choices":[],"circlet_count":0,"master_deck":["Strike_G","Strike_G","Strike_G","Strike_G","Strike_G","Defend_G","Defend_G","Defend_G","Defend_G","Defend_G","Survivor","Neutralize","ReplayTheSpireMod:Shiv Toss","ReplayTheSpireMod:Shiv Toss"],"relics":["Ring of the Snake","DollysMirror","Oddly Smooth Stone"],"acts_visited":[],"potions_floor_usage":[6,6],"damage_taken":[{"damage":4,"enemies":"Jaw Worm","floor":1,"turns":5},{"damage":1,"enemies":"Small Slimes","floor":2,"turns":4},{"damage":0,"enemies":"Cultist","floor":3,"turns":4},{"damage":16,"enemies":"Blue Slaver","floor":4,"turns":5},{"damage":33,"enemies":"Gremlin Nob","floor":6,"turns":5},{"damage":12,"enemies":"Large Slime","floor":7,"turns":10},{"damage":39,"enemies":"3 Sentries","floor":8,"turns":6}],"seed_played":"1500732975089490844","potions_obtained":[{"floor":1,"key":"FairyPotion"},{"floor":2,"key":"Explosive Potion"},{"floor":4,"key":"Toxic Potion"}],"is_trial":false,"path_per_floor":["M","M","M","M","$","E","M","E"],"character_chosen":"THE_SILENT","items_purchased":["DollysMirror"],"campfire_rested":0,"item_purchase_floors":[5],"current_hp_per_floor":[73,72,72,56,56,23,11,0,0],"gold":61,"neow_bonus":"TEN_PERCENT_HP_BONUS","is_daily":false,"chose_seed":false,"campfire_upgraded":0,"win_rate":0.0,"timestamp":1608114363,"path_taken":["M","M","M","M","$","E","M","E"],"items_purchased_type":["Relic"],"build_version":"2020-11-17","purchased_purges":0,"victory":false,"max_hp_per_floor":[77,77,77,77,77,77,77,77,77],"card_choices":[{"not_picked":["Calculated Gamble","Sucker Punch","ReplayTheSpireMod:Exploit Weakness"],"picked":"SKIP","floor":1},{"not_picked":["Cloak And Dagger","Flechettes"],"picked":"ReplayTheSpireMod:Shiv Toss","floor":2},{"not_picked":["Crippling Poison","Bouncing Flask","Underhanded Strike"],"picked":"SKIP","floor":3},{"not_picked":["Bane","Deadly Poison","Well Laid Plans"],"picked":"SKIP","floor":4},{"not_picked":["Masterful Stab","Poisoned Stab","Catalyst"],"picked":"SKIP","floor":6},{"not_picked":["Predator","Riddle With Holes","Draining Mist"],"picked":"SKIP","floor":7}],"player_experience":130784,"relics_obtained":[{"floor":6,"key":"Oddly Smooth Stone"}],"event_choices":[],"is_beta":true,"boss_relics":[],"items_purged_floors":[],"is_endless":false,"potions_floor_spawned":[1,2,4],"killed_by":"3 Sentries","ascension_level":4}}