{"host":"87lxh7t77p9km8u4","time":1608133544,"event":{"mods":["BaseMod","Bestiary","Block Reminder","Downfall","Lobotomy","Minty Spire (QoL Compilation)","Permanent Neow","Robot Space Explorer","StSLib"],"gold_per_floor":[99,99,99,99,24,52,52,52,66,103,22,104,131,149,159,159,159],"floor_reached":16,"playtime":1004,"items_purged":["Regret"],"score":133,"play_id":"3cc9bc4e-d443-4d4f-b526-29ae7b7b70b5","local_time":"20201216164544","is_ascension_mode":false,"campfire_choices":[{"floor":1,"key":"RECALL"},{"data":"champ:Execute","floor":5,"key":"SMITH"}],"circlet_count":0,"master_deck":["champ:Strike","champ:Strike","champ:Strike","champ:Strike","champ:Defend","champ:Defend","champ:Defend","champ:Defend","champ:Execute+1","champ:Taunt","champ:Encircle","champ:FanOfKnives","champ:StanceDance","champ:FocusedGladiator","champ:FocusedBerserking","champ:AdrenalArmor"],"relics":["champ:ChampionCrown","downfall:HeartsMalice","champ:GladiatorsBookOfMartialProwess","downfall:HeartBlessingRed","Blood Vial","Singing Bowl","CeramicFish","Matryoshka"],"acts_visited":["Exordium"],"potions_floor_usage":[13,16,16],"damage_taken":[{"damage":0,"enemies":"2 Louse","floor":2,"turns":1},{"damage":0,"enemies":"3 Sentries","floor":6,"turns":1},{"damage":0,"enemies":"Small Slimes","floor":8,"turns":1},{"damage":8,"enemies":"Cultist","floor":9,"turns":3},{"damage":51,"enemies":"Gremlin Nob","floor":10,"turns":5},{"damage":32,"enemies":"downfall:FleeingMerchant","floor":11,"turns":4},{"damage":15,"enemies":"Lots of Slimes","floor":13,"turns":2},{"damage":10,"enemies":"2 Fungi Beasts","floor":14,"turns":3},{"damage":25,"enemies":"Exordium Wildlife","floor":15,"turns":6},{"damage":74,"enemies":"downfall:Silent","floor":16,"turns":7}],"seed_played":"-3605643921417981708","potions_obtained":[{"floor":10,"key":"LiquidBronze"},{"floor":13,"key":"DuplicationPotion"},{"floor":14,"key":"SneckoOil"}],"is_trial":false,"path_per_floor":["R","M","?","?","R","E","T","M","M","E","$","T","M","M","M","B"],"character_chosen":"THE_CHAMP","items_purchased":[],"campfire_rested":0,"item_purchase_floors":[],"current_hp_per_floor":[90,90,90,85,85,85,85,89,85,49,37,37,26,29,29,0,0],"gold":159,"neow_bonus":"THREE_ENEMY_KILL","is_daily":false,"chose_seed":false,"campfire_upgraded":1,"win_rate":0.0,"timestamp":1608133544,"path_taken":["R","M","?","?","R","E","T","?","M","E","$","?","M","?","M","BOSS"],"items_purchased_type":[],"build_version":"2020-12-13","purchased_purges":1,"victory":false,"max_hp_per_floor":[90,90,90,90,90,90,90,92,92,92,92,92,92,94,96,96,96],"card_choices":[{"not_picked":["champ:TornadoPunch","champ:PerfectedStrike"],"picked":"champ:Encircle","floor":2},{"not_picked":["champ:PerfectedStrike","champ:FocusedGladiator"],"picked":"champ:FanOfKnives","floor":6},{"not_picked":["champ:FaceSlap","champ:Circumvent","champ:EndlessRage"],"picked":"Singing Bowl","floor":8},{"not_picked":["champ:PreciseThrust","champ:IronFortress"],"picked":"champ:StanceDance","floor":9},{"not_picked":["champ:ShieldSlam","champ:StanceDance"],"picked":"champ:FocusedGladiator","floor":10},{"not_picked":["champ:BerserkersShout","champ:DefensiveShout"],"picked":"champ:FocusedBerserking","floor":11},{"not_picked":["champ:Shatter","champ:BerserkerStyle"],"picked":"champ:AdrenalArmor","floor":13},{"not_picked":["champ:BladeFlurry","champ:BringItOn","champ:DefensiveShout"],"picked":"Singing Bowl","floor":14},{"not_picked":["champ:PerfectedStrike","champ:AdrenalArmor","champ:RecklessLeap"],"picked":"Singing Bowl","floor":15}],"player_experience":317642,"relics_obtained":[{"floor":6,"key":"Blood Vial"},{"floor":7,"key":"Singing Bowl"},{"floor":10,"key":"CeramicFish"},{"floor":12,"key":"Matryoshka"}],"event_choices":[{"damage_healed":0,"gold_gain":0,"player_choice":"Box","damage_taken":0,"relics_obtained":["champ:GladiatorsBookOfMartialProwess"],"max_hp_gain":0,"max_hp_loss":0,"event_name":"Big Fish","floor":3,"gold_loss":0,"cards_obtained":["Regret"]}],"is_beta":false,"boss_relics":[],"items_purged_floors":[11],"is_endless":false,"potions_floor_spawned":[10,13,14],"killed_by":"downfall:Silent","ascension_level":0}}