{"host":"6115i7kcvmx8jari","time":1608150786,"event":{"mods":["AchievementEnabler","Act Like it!","Aspiration","Bard","BaseMod","Beaked The Cultist","BetterRewards","Challenge The Spire","Colored Map","Colored Powertips","Conspire","Downfall","Glutton Mod","Halation","Hermit","Highlight Path","Hubris","Infinite Spire","Jedi Mod","Jorbs\u0027s Wanderer Trilogy","Lobotomy","Mad Scientist","Marisa????????","Mimic Mod","Minty Spire (QoL Compilation)","Quick Restart","Rare Cards Sparkle","Relic Sorter","Replay The Spire","Shop Mod","StSLib","The Animator","The Construct","The Cursed","The Disciple","The Hierophant","The Jungle","The Mystic","The Necromancer","The Runesmith","vexMod"],"gold_per_floor":[119,119,131,146,181,181,220,220,266,309,331,331,376,376,376,480,480,514,291,323,354,354,401,401,437,437],"floor_reached":25,"playtime":2420,"items_purged":["Parasite"],"score":221,"play_id":"dde3a919-9812-4b19-a8f7-e1c76024d54c","local_time":"20201216203306","is_ascension_mode":false,"campfire_choices":[{"floor":6,"key":"REST"},{"floor":8,"key":"REST"},{"floor":12,"key":"REST"},{"floor":15,"key":"REST"}],"circlet_count":0,"master_deck":["Strike_MRS","Strike_MRS","Strike_MRS","Strike_MRS","Defend_MRS","Defend_MRS","Defend_MRS","Defend_MRS","MasterSpark","UpSweep","Robbery","ShootTheMoon","GalacticHalo","PulseMagic","DC","DoubleSpark","PowerUp","MaximisePower","MysteriousBeam","MachineGunSpark","BlazingStar","FinalSpark","WitchLeyline","vexMod:StairwayStrike","Singularity","Acceleration","AsteroidBelt","DoubleSpark","WitchOfGreed+1","PropBag","SprinkleStarSeal+1","infinitespire:Execution"],"relics":["MiniHakkero","Incense Burner","Ancient Tea Set","halation:LettersToHer","aspiration:Lifesprig","construct:ClawGrip","ReplayTheSpireMod:CursedCoin","Iron Hammer","Durian","Sundial"],"acts_visited":["Exordium","Exordium"],"potions_floor_usage":[3,9,11,18,25],"damage_taken":[{"damage":1,"enemies":"2 Louse","floor":1,"turns":2},{"damage":0,"enemies":"Small Slimes","floor":3,"turns":2},{"damage":1,"enemies":"Jaw Worm","floor":4,"turns":3},{"damage":11,"enemies":"Large Slime","floor":5,"turns":6},{"damage":26,"enemies":"3 Sentries","floor":7,"turns":8},{"damage":0,"enemies":"Lots of Slimes","floor":9,"turns":7},{"damage":1,"enemies":"Lots of Slimes","floor":10,"turns":7},{"damage":20,"enemies":"Lots of Slimes","floor":11,"turns":4},{"damage":4,"enemies":"conspire:MimicChest","floor":13,"turns":4},{"damage":51,"enemies":"Hexaghost","floor":16,"turns":7},{"damage":9,"enemies":"theJungle:5_Spyders","floor":18,"turns":4},{"damage":14,"enemies":"Shell Parasite","floor":20,"turns":4},{"damage":21,"enemies":"Snake Plant","floor":21,"turns":3},{"damage":5,"enemies":"theJungle:MamaSnecko","floor":23,"turns":5},{"damage":37,"enemies":"theJungle:JungleHuntersEncounter","floor":25,"turns":3}],"seed_played":"-3405657907228151652","potions_obtained":[{"floor":1,"key":"Fire Potion"},{"floor":7,"key":"Explosive Potion"},{"floor":11,"key":"Fruit Juice"},{"floor":16,"key":"Weak Potion"},{"floor":23,"key":"Toxic Potion"}],"is_trial":false,"path_per_floor":["M","?","M","M","M","R","E","R","MIM","MIM","M","R","?","?","R","B",null,"M","$","M","M","?","E","AVR","M"],"character_chosen":"MARISA","items_purchased":["ReplayTheSpireMod:CursedCoin","vexMod:StairwayStrike","Singularity","Acceleration","AsteroidBelt","DoubleSpark"],"campfire_rested":4,"item_purchase_floors":[19,19,19,19,19,19],"current_hp_per_floor":[53,53,53,52,41,63,37,59,59,58,43,67,63,63,80,29,80,71,71,57,36,36,31,36,0,0],"gold":437,"neow_bonus":"ONE_RARE_RELIC","is_daily":false,"chose_seed":false,"campfire_upgraded":0,"win_rate":0.0,"timestamp":1608150786,"path_taken":["M","?","M","M","M","R","E","R","MIM","?","?","R","?","?","R","BOSS","M","$","M","M","?","E","AVR","?"],"items_purchased_type":["Relic","Card","Card","Card","Card","Card"],"build_version":"2020-12-13","purchased_purges":1,"victory":false,"max_hp_per_floor":[75,75,75,75,75,75,75,75,75,75,80,80,80,80,80,80,80,80,80,80,80,80,80,82,82,82],"card_choices":[{"not_picked":["ShootingEcho","IllusionStar"],"picked":"Robbery","floor":1},{"not_picked":["SporeBomb","ManaConvection"],"picked":"GalacticHalo","floor":3},{"not_picked":["ShootingEcho","MagicChant"],"picked":"PulseMagic","floor":4},{"not_picked":["Acceleration","Occultation"],"picked":"DC","floor":5},{"not_picked":["Acceleration","GravityBeat"],"picked":"DoubleSpark","floor":7},{"not_picked":["MilkyWay","SporeBomb"],"picked":"PowerUp","floor":9},{"not_picked":["6A","ShootingEcho"],"picked":"MaximisePower","floor":10},{"not_picked":["MachineGunSpark","GrandCross"],"picked":"MysteriousBeam","floor":11},{"not_picked":["GravityBeat","BlazeAway"],"picked":"MachineGunSpark","floor":13},{"not_picked":["EscapeVelocity","CollectingQuirk"],"picked":"FinalSpark","floor":16},{"not_picked":["Acceleration","DoubleSpark"],"picked":"WitchLeyline","floor":18},{"not_picked":["SporeBomb","UnstableBomb"],"picked":"WitchOfGreed+1","floor":20},{"not_picked":["SporeBomb","ChargeUpSpray"],"picked":"PropBag","floor":21},{"not_picked":["FairyDestructionRay","MysteriousBeam"],"picked":"SprinkleStarSeal+1","floor":23}],"player_experience":56905,"relics_obtained":[{"floor":7,"key":"Ancient Tea Set"},{"floor":10,"key":"halation:LettersToHer"},{"floor":13,"key":"aspiration:Lifesprig"},{"floor":23,"key":"Iron Hammer"}],"event_choices":[{"damage_healed":0,"gold_gain":0,"player_choice":"1 cards matched","damage_taken":0,"max_hp_gain":0,"max_hp_loss":0,"event_name":"Match and Keep!","floor":14,"gold_loss":0,"cards_obtained":["BlazingStar"]},{"damage_healed":0,"gold_gain":0,"player_choice":"0 cards matched","damage_taken":0,"max_hp_gain":0,"max_hp_loss":0,"event_name":"Match and Keep!","floor":22,"gold_loss":0,"cards_obtained":[]}],"is_beta":false,"boss_relics":[{"not_picked":["vexMod:MegatonBomb","SlaversCollar"],"picked":"construct:ClawGrip"}],"items_purged_floors":[24],"is_endless":false,"potions_floor_spawned":[1,7,11,16,23],"killed_by":"theJungle:JungleHuntersEncounter","ascension_level":0}}