{"host":"pqs17sqrgflf4eqa","time":1608084091,"event":{"mods":["AchievementEnabler","BaseMod","Bestiary","Better Altar","Colored Map","Colored Powertips","Emptier Cage","Googly Eyes","Highlight Path","Minty Spire (QoL Compilation)","Quick Restart","StSLib","SuperFastMode","Transform Curses","slay the spire mod where everything is the same but ironclad has a cowboy hat"],"gold_per_floor":[111,111,186,1,1,29,86,111,137,137,147,147,176,188,188,291,291,307,222,6,24,43,73,73,85,108,108,108,125,152,166,166,265,315,331,57,57,57,107,138,138,171,225,243,294,319,338,369,369,369],"floor_reached":51,"playtime":1526,"items_purged":["Strike_B"],"score":1138,"play_id":"03faa13e-f1a0-4483-b737-55a34ab79fb6","local_time":"20201215210131","is_ascension_mode":true,"campfire_choices":[{"data":"Zap","floor":10.0,"key":"SMITH"},{"data":"Defragment","floor":12.0,"key":"SMITH"},{"data":"Auto Shields","floor":15.0,"key":"SMITH"},{"data":"Electrodynamics","floor":24.0,"key":"SMITH"},{"data":"Echo Form","floor":27.0,"key":"SMITH"},{"data":"Dualcast","floor":32.0,"key":"SMITH"},{"data":"Loop","floor":41.0,"key":"SMITH"},{"data":"Echo Form","floor":49,"key":"SMITH"}],"circlet_count":0,"master_deck":["Strike_B","Strike_B","Strike_B","Defend_B","Defend_B","Defend_B","Defend_B","Zap+1","Dualcast+1","Defragment+1","Doom and Gloom","BootSequence","Auto Shields+1","Coolheaded","Leap+1","Glacier","Melter","Beam Cell","Ball Lightning","Electrodynamics+1","Loop+1","Conserve Battery+1","Ball Lightning","Steam+1","Redo+1","Glacier+1","Echo Form+1","Double Energy+1","Chill+1","Fission+1","Skim+1","Conserve Battery+1","Redo+1","Redo+1","Hologram+1","Redo+1","Hologram+1","Stack+1","Echo Form+1"],"relics":["Cracked Core","NeowsBlessing","Peace Pipe","Juzu Bracelet","Toy Ornithopter","Mummified Hand","Lantern","Kunai","Philosopher\u0027s Stone","Toxic Egg 2","ClockworkSouvenir","Pen Nib","Bronze Scales","Sundial","Tiny House","DataDisk","Unceasing Top","Regal Pillow","Akabeko","Ancient Tea Set","Ginger","Strawberry","Anchor"],"acts_visited":["Exordium","TheCity","TheBeyond"],"potions_floor_usage":[47,50,50],"damage_taken":[{"damage":0.0,"enemies":"Jaw Worm","floor":1.0,"turns":1.0},{"damage":0.0,"enemies":"3 Sentries","floor":6.0,"turns":1.0},{"damage":0.0,"enemies":"3 Sentries","floor":7.0,"turns":1.0},{"damage":19.0,"enemies":"Lagavulin","floor":8.0,"turns":6.0},{"damage":0.0,"enemies":"2 Louse","floor":11.0,"turns":3.0},{"damage":16.0,"enemies":"3 Sentries","floor":13.0,"turns":7.0},{"damage":0.0,"enemies":"Small Slimes","floor":14.0,"turns":3.0},{"damage":9.0,"enemies":"Slime Boss","floor":16.0,"turns":7.0},{"damage":9.0,"enemies":"Shell Parasite","floor":18.0,"turns":4.0},{"damage":0.0,"enemies":"Chosen","floor":21.0,"turns":3.0},{"damage":2.0,"enemies":"Centurion and Healer","floor":22.0,"turns":5.0},{"damage":0.0,"enemies":"Gremlin Leader","floor":23.0,"turns":5.0},{"damage":12.0,"enemies":"Snake Plant","floor":25.0,"turns":4.0},{"damage":2.0,"enemies":"3 Cultists","floor":29.0,"turns":3.0},{"damage":24.0,"enemies":"Book of Stabbing","floor":30.0,"turns":6.0},{"damage":2.0,"enemies":"Cultist and Chosen","floor":31.0,"turns":4.0},{"damage":68.0,"enemies":"Champ","floor":33.0,"turns":13.0},{"damage":0.0,"enemies":"3 Shapes","floor":35.0,"turns":4.0},{"damage":0.0,"enemies":"Mind Bloom Boss Battle","floor":39.0,"turns":5.0},{"damage":4.0,"enemies":"Nemesis","floor":40.0,"turns":6.0},{"damage":11,"enemies":"Reptomancer","floor":42,"turns":4},{"damage":0,"enemies":"Orb Walker","floor":44,"turns":4},{"damage":15,"enemies":"2 Orb Walkers","floor":45,"turns":5},{"damage":8,"enemies":"Giant Head","floor":46,"turns":9},{"damage":10,"enemies":"Writhing Mass","floor":47,"turns":4},{"damage":12,"enemies":"Reptomancer","floor":48,"turns":4},{"damage":5,"enemies":"Donu and Deca","floor":50,"turns":4}],"seed_played":"-8116058169231296089","potions_obtained":[{"floor":1.0,"key":"Block Potion"},{"floor":8.0,"key":"ColorlessPotion"},{"floor":11.0,"key":"Explosive Potion"},{"floor":13.0,"key":"Regen Potion"},{"floor":16.0,"key":"PowerPotion"},{"floor":18.0,"key":"PowerPotion"},{"floor":23.0,"key":"Block Potion"},{"floor":29.0,"key":"FearPotion"},{"floor":34.0,"key":"Block Potion"},{"floor":39.0,"key":"SneckoOil"},{"floor":42,"key":"Strength Potion"},{"floor":44,"key":"Energy Potion"},{"floor":48,"key":"LiquidBronze"}],"is_trial":false,"path_per_floor":["M","?","?","$","?","E","?","E","T","R","M","R","E","M","R","B",null,"M","?","$","M","M","E","R","M","T","R","?","M","E","M","R","B",null,"M","$","?","?","?","E","R","E","T","M","?","E","M","E","R","B",null],"character_chosen":"DEFECT","items_purchased":["Doom and Gloom","BootSequence","Auto Shields","ClockworkSouvenir","Conserve Battery+1","Ball Lightning","DataDisk","Redo+1"],"campfire_rested":0,"item_purchase_floors":[4,4,4,20,20,20,36,36],"current_hp_per_floor":[75,80,69,69,66,66,66,47,47,47,52,52,41,41,41,37,80,71,71,71,71,69,79,79,67,67,67,67,65,41,39,39,1,85,85,85,85,81,81,77,77,66,66,66,51,50,45,33,33,38],"gold":369,"neow_bonus":"THREE_ENEMY_KILL","is_daily":false,"chose_seed":false,"campfire_upgraded":8,"win_rate":0.0,"timestamp":1608084091,"path_taken":["M","?","?","?","?","E","?","E","T","R","M","R","E","M","R","BOSS","M","?","$","M","M","E","R","M","T","R","?","M","E","M","R","BOSS","M","$","?","?","?","E","R","E","T","M","?","E","M","E","R","BOSS"],"items_purchased_type":["Card","Card","Card","Relic","Card","Card","Relic","Card"],"build_version":"2020-12-13","purchased_purges":1,"victory":true,"max_hp_per_floor":[75,80,80,80,80,80,80,80,80,80,80,80,80,80,80,80,80,80,80,80,80,80,80,80,80,80,80,80,80,80,80,80,80,85,85,85,85,81,81,81,81,81,81,81,81,88,88,88,88,88],"card_choices":[{"not_picked":["Scrape","Rebound"],"picked":"Defragment","floor":1.0},{"not_picked":["Steam","Aggregate"],"picked":"Coolheaded","floor":6.0},{"not_picked":["Compile Driver","Auto Shields"],"picked":"Leap","floor":7.0},{"not_picked":["Compile Driver","All For One"],"picked":"Glacier","floor":8.0},{"not_picked":["Double Energy","Stack"],"picked":"Melter","floor":11.0},{"not_picked":["Darkness","BootSequence"],"picked":"Beam Cell","floor":13.0},{"not_picked":["Go for the Eyes","Gash"],"picked":"Ball Lightning","floor":14.0},{"not_picked":["Thunder Strike","All For One"],"picked":"Electrodynamics","floor":16.0},{"not_picked":["Stack","Rebound"],"picked":"Loop","floor":18.0},{"not_picked":["Turbo+1","Streamline+1"],"picked":"Steam+1","floor":21.0},{"not_picked":["Conserve Battery+1","Turbo+1"],"picked":"Redo+1","floor":22.0},{"not_picked":["Barrage","Steam+1"],"picked":"Glacier+1","floor":23.0},{"not_picked":["Go for the Eyes","Scrape"],"picked":"Echo Form","floor":25.0},{"not_picked":["Stack+1","Turbo+1"],"picked":"Double Energy+1","floor":29.0},{"not_picked":["Scrape+1","Reinforced Body+1","Fusion+1"],"picked":"SKIP","floor":30.0},{"not_picked":["Sweeping Beam","Turbo+1"],"picked":"Chill+1","floor":31.0},{"not_picked":["Meteor Strike","Machine Learning"],"picked":"Fission+1","floor":33.0},{"not_picked":["Scrape","Rebound"],"picked":"Skim+1","floor":34.0},{"not_picked":["Streamline+1","Sweeping Beam"],"picked":"Conserve Battery+1","floor":35.0},{"not_picked":["Recycle+1","Go for the Eyes+1"],"picked":"Redo+1","floor":39.0},{"not_picked":["Coolheaded+1","Electrodynamics"],"picked":"Hologram+1","floor":40.0},{"not_picked":["Heatsinks","Electrodynamics"],"picked":"Redo+1","floor":42},{"not_picked":["Melter","Genetic Algorithm+1"],"picked":"Hologram+1","floor":44},{"not_picked":["Steam Power+1","Sweeping Beam"],"picked":"Stack+1","floor":45},{"not_picked":["Leap+1","Streamline+1"],"picked":"Echo Form","floor":46},{"not_picked":["Rebound","Auto Shields+1","Steam+1"],"picked":"SKIP","floor":47},{"not_picked":["Reinforced Body+1","Darkness+1","Gash+1"],"picked":"SKIP","floor":48}],"player_experience":137258,"relics_obtained":[{"floor":6.0,"key":"Juzu Bracelet"},{"floor":7.0,"key":"Toy Ornithopter"},{"floor":8.0,"key":"Mummified Hand"},{"floor":9.0,"key":"Lantern"},{"floor":13.0,"key":"Kunai"},{"floor":23.0,"key":"Pen Nib"},{"floor":26.0,"key":"Bronze Scales"},{"floor":30.0,"key":"Sundial"},{"floor":39.0,"key":"Unceasing Top"},{"floor":40.0,"key":"Regal Pillow"},{"floor":42,"key":"Akabeko"},{"floor":43,"key":"Ancient Tea Set"},{"floor":45,"key":"Ginger"},{"floor":46,"key":"Strawberry"},{"floor":48,"key":"Anchor"}],"event_choices":[{"damage_healed":0.0,"max_hp_gain":5.0,"max_hp_loss":0.0,"gold_gain":0.0,"event_name":"Big Fish","player_choice":"Donut","floor":2.0,"gold_loss":0.0,"damage_taken":0.0},{"damage_healed":0.0,"max_hp_gain":0.0,"max_hp_loss":0.0,"gold_gain":75.0,"event_name":"World of Goop","player_choice":"Gather Gold","floor":3.0,"gold_loss":0.0,"damage_taken":11.0},{"damage_healed":0.0,"max_hp_gain":0.0,"max_hp_loss":0.0,"gold_gain":0.0,"event_name":"Scrap Ooze","player_choice":"Success","floor":5.0,"gold_loss":0.0,"damage_taken":3.0,"relics_obtained":["Peace Pipe"]},{"damage_healed":0.0,"max_hp_gain":0.0,"max_hp_loss":0.0,"gold_gain":0.0,"event_name":"Dead Adventurer","player_choice":"Searched \u00272\u0027 times","floor":7.0,"gold_loss":0.0,"damage_taken":0.0},{"damage_healed":0.0,"max_hp_gain":0.0,"max_hp_loss":0.0,"gold_gain":0.0,"event_name":"Addict","player_choice":"Obtained Relic","floor":19.0,"gold_loss":85.0,"damage_taken":0.0,"relics_obtained":["Toxic Egg 2"]},{"damage_healed":0.0,"max_hp_gain":0.0,"max_hp_loss":0.0,"gold_gain":0.0,"event_name":"Ghosts","player_choice":"Ignored","floor":28.0,"gold_loss":0.0,"damage_taken":0.0},{"damage_healed":0.0,"max_hp_gain":0.0,"max_hp_loss":0.0,"gold_gain":0.0,"event_name":"SensoryStone","player_choice":"Memory 1","floor":37.0,"gold_loss":0.0,"damage_taken":0.0},{"damage_healed":0.0,"max_hp_gain":0.0,"max_hp_loss":4.0,"gold_gain":0.0,"event_name":"Winding Halls","player_choice":"Max HP","floor":38.0,"gold_loss":0.0,"damage_taken":0.0},{"damage_healed":0.0,"max_hp_gain":0.0,"max_hp_loss":0.0,"gold_gain":0.0,"event_name":"MindBloom","player_choice":"Fight","floor":39.0,"gold_loss":0.0,"damage_taken":0.0},{"damage_healed":0,"gold_gain":0,"player_choice":"Fight","damage_taken":0,"max_hp_gain":0,"max_hp_loss":0,"event_name":"Mysterious Sphere","floor":45,"gold_loss":0}],"is_beta":false,"boss_relics":[{"not_picked":["Black Star","Busted Crown"],"picked":"Philosopher\u0027s Stone"},{"not_picked":["Empty Cage","Sozu"],"picked":"Tiny House"}],"items_purged_floors":[36],"is_endless":false,"potions_floor_spawned":[1,8,11,13,16,18,22,23,29,31,39,42,44,48],"ascension_level":4}}