{"host":"cccop0r9ue4xv1s4","time":1608139409,"event":{"mods":["AchievementEnabler","BaseMod","Downfall","Marisa¡]Ãú«B¡@Å]²z¨F¡^","Minty Spire (QoL Compilation)","Quick Restart","Shop Mod","StSLib","SuperFastMode","The Servant 0.9.4"],"gold_per_floor":[99,99,99,99,99,99,99,99,99,134,152,164,179,190,202,202,202],"floor_reached":16,"playtime":884,"items_purged":[],"score":100,"play_id":"71fc667e-4ed5-486e-9b8c-aa3a9507132e","local_time":"20201217012329","is_ascension_mode":false,"campfire_choices":[{"data":"sneckomod:Unknown","floor":1.0,"key":"SMITH"},{"floor":4.0,"key":"RECALL"}],"circlet_count":0,"master_deck":["sneckomod:Strike","sneckomod:Strike","sneckomod:Defend","sneckomod:Defend","sneckomod:Defend","sneckomod:TailWhip","sneckomod:SnekBite+1","sneckomod:Unknown+1","sneckomod:Unknown","sneckomod:SlitherStrike","sneckomod:UnknownUncommonPower","sneckomod:SoulDraw","sneckomod:Mudshield","sneckomod:UnknownClassGREEN","sneckomod:WideSting"],"relics":["sneckomod:SneckoSoul","downfall:HeartsMalice","Ornamental Fan","downfall:ShatteredFragment","Tiny Chest"],"acts_visited":["Exordium"],"potions_floor_usage":[],"damage_taken":[{"damage":0.0,"enemies":"downfall:FleeingMerchant","floor":2.0,"turns":1.0},{"damage":0.0,"enemies":"Small Slimes","floor":5.0,"turns":1.0},{"damage":0.0,"enemies":"Cultist","floor":6.0,"turns":1.0},{"damage":9.0,"enemies":"3 Sentries","floor":10.0,"turns":5.0},{"damage":6.0,"enemies":"2 Louse","floor":11.0,"turns":2.0},{"damage":0.0,"enemies":"2 Fungi Beasts","floor":12.0,"turns":2.0},{"damage":0.0,"enemies":"Exordium Wildlife","floor":13.0,"turns":2.0},{"damage":5.0,"enemies":"Gremlin Gang","floor":14.0,"turns":2.0},{"damage":0.0,"enemies":"Red Slaver","floor":15.0,"turns":2.0},{"damage":55,"enemies":"downfall:Silent","floor":16,"turns":8}],"seed_played":"288860452746434087","potions_obtained":[{"floor":11.0,"key":"champ:CounterPotion"},{"floor":12.0,"key":"DistilledChaos"},{"floor":13.0,"key":"AttackPotion"},{"floor":15.0,"key":"SteroidPotion"}],"is_trial":false,"path_per_floor":["R","$","?","R","M","M","T","?","?","E","M","M","M","M","M","B"],"character_chosen":"THE_SNECKO","items_purchased":[],"campfire_rested":0,"item_purchase_floors":[],"current_hp_per_floor":[90,90,90,90,90,90,90,90,69,61,55,55,56,51,51,0,0],"gold":202,"neow_bonus":"THREE_ENEMY_KILL","is_daily":false,"chose_seed":false,"campfire_upgraded":1,"win_rate":0.0,"timestamp":1608139409,"path_taken":["R","$","?","R","M","?","T","?","?","E","?","?","M","M","M","BOSS"],"items_purchased_type":[],"build_version":"2020-12-13","purchased_purges":0,"victory":false,"max_hp_per_floor":[90,90,90,90,90,90,90,90,90,91,91,91,92,92,92,92,92],"card_choices":[{"not_picked":["sneckomod:UnknownClassRED","sneckomod:QuickMove"],"picked":"sneckomod:SlitherStrike","floor":2.0},{"not_picked":["sneckomod:DefensiveFlair","sneckomod:Unknown1Cost","sneckomod:UnknownStrike"],"picked":"SKIP","floor":5.0},{"not_picked":["sneckomod:UnknownVulnerable","sneckomod:Unknown1Cost","sneckomod:SoulRoll"],"picked":"SKIP","floor":6.0},{"not_picked":["sneckomod:Unknown1Cost","sneckomod:UnknownClassGREEN"],"picked":"sneckomod:UnknownUncommonPower","floor":10.0},{"not_picked":["sneckomod:UnknownClassGUARDIAN","sneckomod:SoulRoll"],"picked":"sneckomod:SoulDraw","floor":11.0},{"not_picked":["sneckomod:UnknownClassPURPLE","sneckomod:UnknownUncommonPower"],"picked":"sneckomod:Mudshield","floor":12.0},{"not_picked":["sneckomod:Nope","sneckomod:UnknownCommonAttack"],"picked":"sneckomod:UnknownClassGREEN","floor":13.0},{"not_picked":["sneckomod:RainOfDice","sneckomod:Unknown1Cost","sneckomod:QuickMove"],"picked":"SKIP","floor":14.0},{"not_picked":["sneckomod:UnknownExhaust","sneckomod:DefensiveFlair"],"picked":"sneckomod:WideSting","floor":15.0}],"player_experience":271764,"relics_obtained":[{"floor":10.0,"key":"Tiny Chest"}],"event_choices":[{"cards_removed":["sneckomod:Strike"],"damage_healed":0.0,"max_hp_gain":0.0,"max_hp_loss":0.0,"gold_gain":0.0,"event_name":"Bonfire Elementals","player_choice":"Offered Basic","floor":3.0,"gold_loss":0.0,"damage_taken":0.0}],"is_beta":false,"boss_relics":[],"items_purged_floors":[],"is_endless":false,"potions_floor_spawned":[11,12,13,15],"killed_by":"downfall:Silent","ascension_level":0}}