{"host":"n91txuwnyvkdwz99","time":1608085401,"event":{"mods":["AchievementEnabler","BaseMod","Bestiary","Better Altar","Better Sensory Stone","Better Third Choice","CapriCore","Colored Map","Colored Powertips","Downfall","Infinite Spire","Koishi","Minty Spire (QoL Compilation)","Potionbrewer","Relic Stats","Replay The Spire","Spicy Shops","StSLib","The Blue Laboratory","The Immortal","TheSwordswoman"],"gold_per_floor":[110,70,83,28,45,77,77,77,77,77,77,77,91,102,102,102,102],"floor_reached":16,"playtime":1163,"items_purged":[],"score":100,"play_id":"4ce526ba-b17b-4c81-bf0c-856d77fc3ead","local_time":"20201215212321","is_ascension_mode":false,"campfire_choices":[{"data":"potionbrewer:FlashPowder","floor":8,"key":"SMITH"},{"data":"potionbrewer:Experimentation","floor":11,"key":"SMITH"},{"floor":15,"key":"REST"}],"circlet_count":0,"master_deck":["potionbrewer:PotionbrewerStrike","potionbrewer:PotionbrewerStrike","potionbrewer:PotionbrewerStrike","potionbrewer:PotionbrewerStrike","potionbrewer:PotionbrewerDefend","potionbrewer:PotionbrewerDefend","potionbrewer:PotionbrewerDefend","potionbrewer:PotionbrewerDefend","potionbrewer:Collect","potionbrewer:ChemicalSpill","potionbrewer:FlashPowder+1","potionbrewer:Shovel","potionbrewer:Experimentation","potionbrewer:Experimentation+1","potionbrewer:Biohazard"],"relics":["potionbrewer:PotionKit","NeowsBlessing","HornCleat","Quantum Egg"],"acts_visited":["Exordium"],"potions_floor_usage":[6,6,6,6,10,10,14,16,16,16,16],"damage_taken":[{"damage":0,"enemies":"2 Louse","floor":1,"turns":1},{"damage":0,"enemies":"Cultist","floor":3,"turns":1},{"damage":0,"enemies":"Jaw Worm","floor":5,"turns":1},{"damage":23,"enemies":"Gremlin Nob","floor":6,"turns":5},{"damage":3,"enemies":"Gremlin Nob","floor":10,"turns":6},{"damage":12,"enemies":"3 Louse","floor":13,"turns":2},{"damage":17,"enemies":"Large Slime","floor":14,"turns":8},{"damage":67,"enemies":"Fading Forest","floor":16,"turns":10}],"seed_played":"-3155948779282504869","potions_obtained":[{"floor":2,"key":"blueLaboratory:StoneskinPotion"},{"floor":2,"key":"infinitespire:BlackPotion"},{"floor":2,"key":"Languid Potion"},{"floor":10,"key":"Elixir"},{"floor":13,"key":"SteroidPotion"},{"floor":14,"key":"Regen Potion"}],"is_trial":false,"path_per_floor":["M","?","M","$","M","E","?","R","T","?","R","?","M","M","R","B"],"character_chosen":"POTIONBREWER","items_purchased":["potionbrewer:Experimentation"],"campfire_rested":1,"item_purchase_floors":[4],"current_hp_per_floor":[75,75,75,75,75,52,52,52,52,49,49,54,42,25,49,7,7],"gold":102,"neow_bonus":"THREE_ENEMY_KILL","is_daily":false,"chose_seed":false,"campfire_upgraded":2,"win_rate":0.0,"timestamp":1608085401,"path_taken":["M","?","?","$","M","E","?","R","T","?","R","?","M","M","R","BOSS"],"items_purchased_type":["Card"],"build_version":"2020-12-13","purchased_purges":0,"victory":false,"max_hp_per_floor":[75,75,75,75,75,75,75,75,75,75,75,80,80,80,80,80,80],"relic_stats":{"counters":[8,34],"obtain_stats":[{"HornCleat":6,"NeowsBlessing":0,"Quantum Egg":9,"potionbrewer:PotionKit":0},{"HornCleat":4,"NeowsBlessing":0,"Quantum Egg":4,"potionbrewer:PotionKit":0},{"HornCleat":8,"NeowsBlessing":0,"Quantum Egg":8,"potionbrewer:PotionKit":0}]},"card_choices":[{"not_picked":["potionbrewer:Smack","potionbrewer:IronHeart"],"picked":"potionbrewer:FlashPowder","floor":1},{"not_picked":["potionbrewer:Backhand","potionbrewer:TestFormula"],"picked":"potionbrewer:Shovel","floor":3},{"not_picked":["potionbrewer:TestFormula","potionbrewer:QuickStep","potionbrewer:IronHeart"],"picked":"SKIP","floor":5},{"not_picked":["potionbrewer:ChemicalRage","potionbrewer:TimeBomb","potionbrewer:LabAccident"],"picked":"SKIP","floor":6},{"not_picked":["potionbrewer:Refill","potionbrewer:FlashPowder","potionbrewer:FlareUp","potionbrewer:Prototype"],"picked":"SKIP","floor":13},{"not_picked":["potionbrewer:FuelCell","potionbrewer:QuickStep","potionbrewer:Prototype"],"picked":"potionbrewer:Biohazard","floor":14}],"player_experience":64031,"relics_obtained":[{"floor":6,"key":"HornCleat"},{"floor":9,"key":"Quantum Egg"}],"event_choices":[{"damage_healed":0,"gold_gain":0,"player_choice":"Bought 3 Potions","damage_taken":0,"max_hp_gain":0,"max_hp_loss":0,"event_name":"The Woman in Blue","floor":2,"gold_loss":0},{"damage_healed":0,"gold_gain":0,"player_choice":"Donut","damage_taken":0,"max_hp_gain":5,"max_hp_loss":0,"event_name":"Big Fish","floor":12,"gold_loss":0}],"is_beta":false,"boss_relics":[],"items_purged_floors":[],"is_endless":false,"potions_floor_spawned":[10,13,14],"killed_by":"Fading Forest","ascension_level":0}}