{"host":"tbhNathan","time":1608087971,"event":{"mods":["AchievementEnabler","BaseMod","Better Third Choice","Highlight Path","Minty Spire (QoL Compilation)","StSLib"],"gold_per_floor":[110,110,127,127,143,171,171,204,204,220,247,8,8,21,21,119,119,139,157,157,157,0,28,28,47,95,124,124,124,139,139,139,139,139],"floor_reached":33,"playtime":4168,"items_purged":[],"score":378,"play_id":"125e99c5-c401-4971-ae98-afafb89ea310","local_time":"20201216030611","is_ascension_mode":false,"campfire_choices":[{"floor":15,"key":"REST"},{"floor":24,"key":"REST"},{"floor":29,"key":"REST"},{"floor":32,"key":"REST"}],"circlet_count":0,"master_deck":["Strike_P+1","Strike_P+1","Strike_P+1","Strike_P+1","Defend_P+1","Defend_P+1","Defend_P+1","Eruption","Vigilance","Blind","Crescendo+1","FlurryOfBlows","Burn","FollowUp","WindmillStrike","EmptyBody","WaveOfTheHand","CrushJoints","FollowUp","Blind","Adaptation","Evaluate","PathToVictory","Meditate","Establishment","ReachHeaven","BowlingBash","WheelKick","Fasting2+1","Crescendo+1","FollowUp","FlurryOfBlows","SashWhip","Writhe","Indignation"],"relics":["PureWater","Mummified Hand","War Paint","Dream Catcher","Sundial","Mango","Busted Crown","Enchiridion","Pen Nib","Toy Ornithopter","WingedGreaves","Damaru"],"acts_visited":["Exordium","TheCity"],"potions_floor_usage":[6,10,14,16,23,25,27,33],"damage_taken":[{"damage":2,"enemies":"Jaw Worm","floor":1,"turns":5},{"damage":4,"enemies":"Cultist","floor":3,"turns":3},{"damage":0,"enemies":"Small Slimes","floor":5,"turns":2},{"damage":28,"enemies":"Gremlin Nob","floor":6,"turns":5},{"damage":14,"enemies":"3 Sentries","floor":8,"turns":7},{"damage":0,"enemies":"2 Fungi Beasts","floor":10,"turns":3},{"damage":8,"enemies":"Gremlin Nob","floor":11,"turns":3},{"damage":14,"enemies":"Large Slime","floor":14,"turns":4},{"damage":2,"enemies":"Slime Boss","floor":16,"turns":5},{"damage":5,"enemies":"Spheric Guardian","floor":18,"turns":3},{"damage":4,"enemies":"Chosen","floor":19,"turns":5},{"damage":32,"enemies":"Slavers","floor":23,"turns":3},{"damage":8,"enemies":"Centurion and Healer","floor":25,"turns":5},{"damage":11,"enemies":"Book of Stabbing","floor":27,"turns":4},{"damage":12,"enemies":"3 Cultists","floor":30,"turns":4},{"damage":74,"enemies":"Collector","floor":33,"turns":5}],"seed_played":"-2503588728726859239","potions_obtained":[{"floor":1,"key":"DistilledChaos"},{"floor":6,"key":"Weak Potion"},{"floor":8,"key":"LiquidBronze"},{"floor":10,"key":"ColorlessPotion"},{"floor":18,"key":"Dexterity Potion"},{"floor":19,"key":"CultistPotion"},{"floor":23,"key":"Weak Potion"},{"floor":30,"key":"Fire Potion"}],"is_trial":false,"path_per_floor":["M","?","M","?","M","E","?","E","T","M","E","$","?","M","R","B",null,"M","M","?","?","?","E","R","M","T","E","?","R","M","?","R","B"],"character_chosen":"WATCHER","items_purchased":["FollowUp","Blind","Adaptation","Evaluate"],"campfire_rested":4,"item_purchase_floors":[12,12,12,12],"current_hp_per_floor":[70,70,66,66,66,38,31,17,17,17,23,23,23,9,34,32,86,81,77,60,44,44,12,39,31,31,25,25,52,40,40,67,0,0],"gold":139,"neow_bonus":"RANDOM_COLORLESS","is_daily":false,"chose_seed":false,"campfire_upgraded":0,"win_rate":0.0,"timestamp":1608087971,"path_taken":["M","?","?","?","M","E","?","E","T","M","E","$","?","?","R","BOSS","M","M","?","?","?","E","R","M","T","E","?","R","?","?","R","BOSS"],"items_purchased_type":["Card","Card","Card","Card"],"build_version":"2020-12-07","purchased_purges":0,"victory":false,"max_hp_per_floor":[72,72,72,72,72,72,72,72,72,72,86,86,86,86,86,86,86,86,86,91,91,91,91,91,91,91,91,91,91,91,91,91,91,91],"card_choices":[{"not_picked":["Finesse","Madness"],"picked":"Blind","floor":0},{"not_picked":["ClearTheMind","FearNoEvil"],"picked":"Crescendo","floor":1},{"not_picked":["Evaluate","LikeWater"],"picked":"FlurryOfBlows","floor":3},{"not_picked":["Pray","BattleHymn"],"picked":"FollowUp","floor":5},{"not_picked":["LikeWater","DeceiveReality"],"picked":"WindmillStrike","floor":6},{"not_picked":["FearNoEvil","JustLucky"],"picked":"EmptyBody","floor":8},{"not_picked":["EmptyBody","SashWhip"],"picked":"WaveOfTheHand","floor":10},{"not_picked":["FearNoEvil","EmptyFist"],"picked":"CrushJoints","floor":11},{"not_picked":["TalkToTheHand","Brilliance"],"picked":"PathToVictory","floor":14},{"not_picked":["Perseverance","EmptyFist"],"picked":"Meditate","floor":15},{"not_picked":["DevaForm","Omniscience"],"picked":"Establishment","floor":16},{"not_picked":[],"picked":"ReachHeaven","floor":18},{"not_picked":[],"picked":"BowlingBash","floor":19},{"not_picked":[],"picked":"WheelKick","floor":23},{"not_picked":[],"picked":"Fasting2+1","floor":24},{"not_picked":[],"picked":"Crescendo+1","floor":25},{"not_picked":[],"picked":"FollowUp","floor":27},{"not_picked":[],"picked":"FlurryOfBlows","floor":29},{"not_picked":[],"picked":"SashWhip","floor":30},{"not_picked":[],"picked":"Indignation","floor":32}],"player_experience":144488,"relics_obtained":[{"floor":6,"key":"Mummified Hand"},{"floor":8,"key":"Dream Catcher"},{"floor":9,"key":"Sundial"},{"floor":11,"key":"Mango"},{"floor":21,"key":"Enchiridion"},{"floor":23,"key":"Pen Nib"},{"floor":26,"key":"Toy Ornithopter"},{"floor":27,"key":"WingedGreaves"}],"event_choices":[{"cards_removed":["Defend_P"],"damage_healed":0,"gold_gain":0,"player_choice":"Offered Basic","damage_taken":0,"max_hp_gain":0,"max_hp_loss":0,"event_name":"Bonfire Elementals","floor":2,"gold_loss":0},{"damage_healed":66,"gold_gain":0,"player_choice":"Embrace Burn","damage_taken":0,"max_hp_gain":0,"max_hp_loss":72,"event_name":"betterThird:BetterShining","floor":4,"gold_loss":0},{"damage_healed":0,"gold_gain":0,"player_choice":"Relic ","damage_taken":7,"max_hp_gain":0,"max_hp_loss":0,"event_name":"betterThird:BetterScrap","floor":7,"gold_loss":0,"cards_obtained":["Power Through"]},{"damage_healed":0,"gold_gain":0,"player_choice":"Ignored","damage_taken":0,"max_hp_gain":0,"max_hp_loss":0,"event_name":"NoteForYourself","floor":13,"gold_loss":0},{"damage_healed":0,"gold_gain":0,"player_choice":"Shed Blood","damage_taken":22,"max_hp_gain":5,"max_hp_loss":0,"event_name":"Forgotten Altar","floor":20,"gold_loss":0},{"damage_healed":0,"gold_gain":0,"player_choice":"Obtained Book","damage_taken":16,"max_hp_gain":0,"max_hp_loss":0,"event_name":"Cursed Tome","floor":21,"gold_loss":0},{"damage_healed":0,"gold_gain":0,"player_choice":"Paid Fearfully","damage_taken":0,"max_hp_gain":0,"max_hp_loss":0,"event_name":"Masked Bandits","floor":22,"gold_loss":157},{"damage_healed":0,"gold_gain":0,"player_choice":"Simplicity","damage_taken":0,"max_hp_gain":0,"max_hp_loss":6,"event_name":"betterThird:BetterWriting","floor":28,"gold_loss":0},{"damage_healed":0,"gold_gain":0,"player_choice":"Opened","damage_taken":0,"relics_obtained":["Damaru"],"max_hp_gain":0,"max_hp_loss":0,"event_name":"The Mausoleum","floor":31,"gold_loss":0,"cards_obtained":["Writhe"]}],"is_beta":true,"boss_relics":[{"not_picked":["SlaversCollar","Ectoplasm"],"picked":"Busted Crown"}],"items_purged_floors":[],"is_endless":false,"potions_floor_spawned":[1,6,8,10,18,19,23,30],"killed_by":"Collector","ascension_level":0}}