{"host":"gu5bom8l9zwjg25u","time":1608143303,"event":{"mods":["AchievementEnabler","BaseMod","Better Altar","Better Match","Better Note","Better Sensory Stone","Better Skull","Better Third Choice","Better Vampires","Challenge The Spire","Colored Map","Colored Powertips","Conspire","Curses Come First","Downfall","Emptier Cage","Energized Spire","GifTheSpireLib","GungeonMod","Hubris","Infinite Spire","Mad Scientist","Marked Mod","Minty Spire (QoL Compilation)","Rare Cards Sparkle","Relic Sorter","Replay The Spire","Say the Spire","Shop Mod","Spicy Shops","StSLib","The Blackbeard","The Blue Laboratory","The Bug Knight","The Cursed","The Death Knight","The Hierophant","The Runesmith","The Servant 0.9.4","The Valiant","Uncapped"],"gold_per_floor":[99,114,114,129,129,144,144,144,174,174,174,9,9,9,24,124,124,124,154,64,64,64,64,64,79,79,109,109,109,109,20,20,35,135,135,135,135,135,165,180,180,180,86,86,116,116,116,131,51,66,66,66],"floor_reached":51,"playtime":5723,"items_purged":["Underhanded Strike","sneckomod:UnknownCommonAttack","Choke","sneckomod:UnknownCommonAttack"],"score":658,"play_id":"3b0a6f55-b079-4d12-b234-402b41a25d5d","local_time":"20201216202823","daily_mods":["downfall:Improvised","Flight","Night Terrors"],"is_ascension_mode":false,"campfire_choices":[{"data":"sneckomod:UnknownUncommonPower","floor":1.0,"key":"SMITH"},{"data":"sneckomod:Unknown","floor":3.0,"key":"SMITH"},{"data":"Outmaneuver","floor":5.0,"key":"SMITH"},{"data":"Neutralize","floor":8.0,"key":"SMITH"},{"data":"Backflip","floor":10.0,"key":"SMITH"},{"data":"Glass Knife","floor":18.0,"key":"SMITH"},{"data":"Well Laid Plans","floor":21.0,"key":"SMITH"},{"data":"Deadly Poison","floor":23.0,"key":"SMITH"},{"data":"Atom Bomb","floor":36.0,"key":"SMITH"},{"data":"infinitespire:Collect","floor":38.0,"key":"SMITH"},{"data":"Catalyst","floor":41,"key":"SMITH"},{"data":"Noxious Fumes","floor":44,"key":"SMITH"}],"circlet_count":0,"master_deck":["conspire:GhostlyStrike","conspire:GhostlyStrike","conspire:GhostlyStrike","conspire:GhostlyStrike","conspire:GhostlyStrike","conspire:GhostlyDefend","conspire:GhostlyDefend","conspire:GhostlyDefend","conspire:GhostlyDefend","conspire:GhostlyDefend","Survivor","sneckomod:UnknownCommonAttack","sneckomod:UnknownCommonSkill","sneckomod:UnknownCommonSkill","sneckomod:UnknownCommonSkill","sneckomod:UnknownUncommonAttack","sneckomod:UnknownUncommonSkill","sneckomod:UnknownUncommonPower+1","sneckomod:Unknown+1","Backflip+1","Outmaneuver+1","PiercingWail","Deadly Poison+1","Glass Knife+1","Well Laid Plans+1","Poisoned Stab","infinitespire:Collect+1","Sucker Punch","conspire:PoisonWeapons+1","Sucker Punch+1","Atom Bomb+1","Noxious Fumes+1","hubris:DuctTapeCard","Catalyst+1","Catalyst+1","Deadly Poison+1","Pot Of Greed","Pot Of Greed","Pot Of Greed","Pot Of Greed","Storm of Steel","infinitespire:Collect","Prepared"],"relics":["Ring of the Snake","hubris:Icosahedron","Ornamental Fan","Runesmith:Nanobots","hubris:DuctTape","conspire:TreasureMap","hubris:Towel","hubris:Backtick","infinitespire:CheckeredPen","downfall:RedIOU","conspire:TopHat","OrangePellets","Paper Crane","Black Star","Eternal Feather","ReplayTheSpireMod:TigerMarble","Replay:Wax Seal","Snake Skull","DollysMirror","Grinning Jar","Akabeko","infinitespire:Eraser","DemoMod:GundromedaStrain"],"acts_visited":["Exordium","TheCity","TheBeyond"],"potions_floor_usage":[40,51,51],"damage_taken":[{"damage":2.0,"enemies":"conspire:RoseBush","floor":2.0,"turns":4.0},{"damage":4.0,"enemies":"Jaw Worm","floor":4.0,"turns":3.0},{"damage":2.0,"enemies":"Small Slimes","floor":6.0,"turns":3.0},{"damage":14.0,"enemies":"Lagavulin","floor":9.0,"turns":8.0},{"damage":0.0,"enemies":"downfall:FleeingMerchant","floor":12.0,"turns":4.0},{"damage":2.0,"enemies":"Looter","floor":15.0,"turns":5.0},{"damage":26.0,"enemies":"Hexaghost","floor":16.0,"turns":10.0},{"damage":23.0,"enemies":"conspire:SneckoGhost","floor":19.0,"turns":6.0},{"damage":5.0,"enemies":"downfall:FleeingMerchant","floor":20.0,"turns":4.0},{"damage":0.0,"enemies":"Shell Parasite","floor":25.0,"turns":2.0},{"damage":16.0,"enemies":"HollowMod:Nosk","floor":27.0,"turns":6.0},{"damage":0.0,"enemies":"downfall:FleeingMerchant","floor":31.0,"turns":4.0},{"damage":5.0,"enemies":"conspire:FuzzyDice","floor":33.0,"turns":6.0},{"damage":27.0,"enemies":"downfall:Watcher","floor":34.0,"turns":12.0},{"damage":18.0,"enemies":"Nemesis","floor":39.0,"turns":7.0},{"damage":44,"enemies":"3 Darklings","floor":40,"turns":10},{"damage":0,"enemies":"downfall:FleeingMerchant","floor":43,"turns":1},{"damage":38,"enemies":"Reptomancer","floor":45,"turns":4},{"damage":0,"enemies":"3 Shapes","floor":48,"turns":5},{"damage":5,"enemies":"Jaw Worm Horde","floor":50,"turns":3},{"damage":50,"enemies":"downfall:Silent","floor":51,"turns":4}],"seed_played":"8833210206598683822","potions_obtained":[{"floor":4.0,"key":"blueLaboratory:NinjaPotion"},{"floor":15.0,"key":"FairyPotion"},{"floor":25.0,"key":"Cursed Concoction"},{"floor":27.0,"key":"FearPotion"},{"floor":34.0,"key":"blueLaboratory:SavagePotion"},{"floor":40,"key":"GamblersBrew"},{"floor":50,"key":"Strength Potion"}],"is_trial":false,"path_per_floor":["R","M","R","M","R","M","T","R","E","R","?","$","?","?","M","B",null,"R_BF","E","$","R","?","R","T","M","AVR","E","PTL","PTL","?","$","?","M","B",null,"R_BF","?","R","E","M","R","T","$","R","E","?","AVR","M","$","M","B"],"character_chosen":"THE_SILENT","items_purchased":["conspire:TreasureMap","Poisoned Stab","Choke","Snake Skull","DollysMirror","Deadly Poison+1","DemoMod:GundromedaStrain"],"campfire_rested":0,"item_purchase_floors":[12,20,31,43,43,43,49],"current_hp_per_floor":[70,68,68,68,68,66,66,66,52,52,52,52,52,52,50,24,70,70,47,42,42,42,42,42,42,42,26,26,26,13,13,13,8,9,75,75,75,75,57,25,46,46,46,67,29,29,29,29,29,24,0,0],"gold":66,"neow_bonus":"","is_daily":true,"chose_seed":false,"campfire_upgraded":12,"win_rate":0.0,"timestamp":1608143303,"path_taken":["R","M","R","M","R","M","T","R","E","R","?","$","?","?","M","BOSS","R_BF","E","$","R","?","R","T","M","AVR","E","PTL","PTL","?","$","?","M","BOSS","R_BF","?","R","E","M","R","T","$","R","E","?","AVR","M","$","M","BOSS"],"items_purchased_type":["Relic","Card","Card","Relic","Relic","Card","Relic"],"build_version":"2020-12-13","purchased_purges":4,"victory":false,"max_hp_per_floor":[70,70,70,70,70,70,70,70,70,70,70,70,70,70,70,70,70,70,70,70,70,70,70,70,70,70,70,70,70,75,75,75,75,75,75,75,75,75,75,75,75,75,75,75,75,75,75,75,75,75,75,75],"card_choices":[{"not_picked":["Concentrate","Flying Knee"],"picked":"Backflip","floor":2.0},{"not_picked":["Bouncing Flask","Dagger Spray"],"picked":"Outmaneuver","floor":4.0},{"not_picked":["Prepared","hubris:TrickCloak"],"picked":"Underhanded Strike","floor":6.0},{"not_picked":["Sucker Punch","Well Laid Plans"],"picked":"Heel Hook","floor":9.0},{"not_picked":["Leg Sweep","Bane"],"picked":"PiercingWail","floor":12.0},{"not_picked":["Slice","Fluid Movement"],"picked":"Deadly Poison","floor":15.0},{"not_picked":["Unload","ReplayTheSpireMod:From All Sides"],"picked":"Glass Knife","floor":16.0},{"not_picked":["Dagger Throw","Predator","Flying Knee"],"picked":"SKIP","floor":19.0},{"not_picked":["Dagger Throw+1","hubris:Sniper"],"picked":"Well Laid Plans","floor":20.0},{"not_picked":["Dagger Spray+1","Concentrate","Skewer"],"picked":"SKIP","floor":25.0},{"not_picked":["Night Terror","Blade Dance"],"picked":"Sucker Punch","floor":27.0},{"not_picked":["ReplayTheSpireMod:From All Sides","Deflect+1"],"picked":"conspire:PoisonWeapons+1","floor":31.0},{"not_picked":["Flying Knee","Hidden Blade"],"picked":"Sucker Punch+1","floor":33.0},{"not_picked":["Corpse Explosion","Venomology"],"picked":"Atom Bomb","floor":34.0},{"not_picked":["Slice","Dagger Spray+1"],"picked":"Noxious Fumes","floor":39.0},{"not_picked":["Hidden Blade","Sneak Up"],"picked":"Catalyst","floor":40},{"not_picked":["Blade Dance+1","Dagger Spray","Outmaneuver"],"picked":"SKIP","floor":43},{"not_picked":["Blade Dance+1","Sucker Punch"],"picked":"Storm of Steel","floor":45},{"not_picked":["Bane","Infinite Blades+1"],"picked":"Prepared","floor":48},{"not_picked":["Masterful Stab+1","Hidden Blade+1","Reflex+1"],"picked":"SKIP","floor":50}],"player_experience":308320,"relics_obtained":[{"floor":7.0,"key":"Ornamental Fan"},{"floor":9.0,"key":"Runesmith:Nanobots"},{"floor":11.0,"key":"hubris:DuctTape"},{"floor":19.0,"key":"Smiling Mask"},{"floor":24.0,"key":"conspire:TopHat"},{"floor":27.0,"key":"Paper Crane"},{"floor":39.0,"key":"Eternal Feather"},{"floor":39.0,"key":"ReplayTheSpireMod:TigerMarble"},{"floor":42,"key":"Replay:Wax Seal"},{"floor":45,"key":"Grinning Jar"},{"floor":45,"key":"Akabeko"}],"event_choices":[{"damage_healed":0.0,"max_hp_gain":0.0,"max_hp_loss":0.0,"gold_gain":0.0,"event_name":"conspire:LoneGhost","player_choice":"Agree","floor":14.0,"gold_loss":0.0,"damage_taken":0.0}],"is_beta":false,"boss_relics":[{"not_picked":["Philosopher\u0027s Stone","Sozu"],"picked":"hubris:Backtick"},{"not_picked":["Snecko Scales","energizedSpire:PogoStick"],"picked":"Black Star"}],"items_purged_floors":[20,26,43,47],"is_endless":false,"potions_floor_spawned":[4,15,16,25,27,34,40,50],"killed_by":"downfall:Silent","ascension_level":0}}