{"host":"llpusn9usp8rznkj","time":1608142807,"event":{"mods":["2.2 Compatiblity","BaseMod","Colored Map","Colored Powertips","Conspire","Downfall","Hubris","Minty Spire (QoL Compilation)","Rare Cards Sparkle","Replay The Spire","StSLib","The Cursed"],"gold_per_floor":[111,111,61,106,31,31,46,75,75,88,129,154,54,69,69,84,84],"floor_reached":16,"playtime":763,"items_purged":["Strike_B","Defend_B"],"score":270,"play_id":"868e794d-5f81-4382-aeaa-791ef3fc3d09","local_time":"20201216132007","is_ascension_mode":true,"campfire_choices":[{"data":"Zap","floor":6.0,"key":"SMITH"},{"data":"Defragment","floor":15,"key":"SMITH"}],"circlet_count":0,"master_deck":["AscendersBane","Strike_B","Strike_B","Strike_B","Defend_B","Defend_B","Defend_B","Zap+1","Dualcast","Coolheaded+1","conspire:SpireCoStock","Coolheaded+1","Rainbow","Defragment+1","Coolheaded+1","Biased Cognition"],"relics":["Cracked Core","NeowsBlessing","hubris:Icosahedron","Regal Pillow","Replay:Mystery Machine","Replay:Bottled Eggs","conspire:GlowingRock"],"acts_visited":["Exordium"],"potions_floor_usage":[12,16,16],"damage_taken":[{"damage":0.0,"enemies":"2 Louse","floor":1.0,"turns":1.0},{"damage":0.0,"enemies":"Small Slimes","floor":7.0,"turns":1.0},{"damage":0.0,"enemies":"Gremlin Nob","floor":8.0,"turns":1.0},{"damage":5.0,"enemies":"Jaw Worm","floor":10.0,"turns":4.0},{"damage":17.0,"enemies":"3 Sentries","floor":11.0,"turns":12.0},{"damage":12,"enemies":"Gremlin Gang","floor":12,"turns":5},{"damage":0,"enemies":"Red Slaver","floor":14,"turns":3},{"damage":72,"enemies":"Fading Forest","floor":16,"turns":11}],"seed_played":"-5687118499314627814","potions_obtained":[{"floor":8.0,"key":"Block Potion"},{"floor":10.0,"key":"conspire:TimeTravelPotion"},{"floor":11.0,"key":"FocusPotion"},{"floor":14,"key":"Dexterity Potion"}],"is_trial":false,"path_per_floor":["M","?","?","T","$","R","M","E","T","M","E","M","$","M","R","B"],"character_chosen":"DEFECT","items_purchased":[],"campfire_rested":0,"item_purchase_floors":[],"current_hp_per_floor":[64,64,64,64,64,64,64,64,64,59,42,30,30,30,30,0,0],"gold":84,"neow_bonus":"THREE_ENEMY_KILL","is_daily":false,"chose_seed":false,"campfire_upgraded":2,"win_rate":0.0,"timestamp":1608142807,"path_taken":["M","?","?","?","$","R","M","E","T","?","E","M","?","M","R","BOSS"],"items_purchased_type":[],"build_version":"2020-12-13","purchased_purges":2,"victory":false,"max_hp_per_floor":[71,71,71,71,71,71,71,71,71,71,71,71,71,71,71,71,71],"card_choices":[{"not_picked":["Melter","Beam Cell"],"picked":"Coolheaded","floor":1.0},{"not_picked":["Panic Button","Go for the Eyes"],"picked":"Coolheaded","floor":7.0},{"not_picked":["Aggregate","ReplayTheSpireMod:GoodbyeWorld"],"picked":"Rainbow","floor":8.0},{"not_picked":["Go for the Eyes","Time Bomb"],"picked":"Defragment","floor":10.0},{"not_picked":["Darkness","Redo"],"picked":"Coolheaded","floor":11.0},{"not_picked":["Stack","Coolheaded","Leap"],"picked":"SKIP","floor":12},{"not_picked":["Ball Lightning","Conserve Battery"],"picked":"Biased Cognition","floor":14}],"player_experience":982573,"relics_obtained":[{"floor":4.0,"key":"Regal Pillow"},{"floor":8.0,"key":"Replay:Mystery Machine"},{"floor":9.0,"key":"Replay:Bottled Eggs"},{"floor":11.0,"key":"conspire:GlowingRock"}],"event_choices":[{"damage_healed":0.0,"max_hp_gain":0.0,"max_hp_loss":0.0,"gold_gain":0.0,"event_name":"conspire:Investor","player_choice":"Invest 1","floor":3.0,"gold_loss":0.0,"damage_taken":0.0}],"is_beta":false,"boss_relics":[],"items_purged_floors":[5,13],"is_endless":false,"potions_floor_spawned":[8,10,11,14],"killed_by":"Fading Forest","ascension_level":20}}