{"host":"a7kkotolxcg5vljr","time":1608142340,"event":{"mods":["2.2 Compatiblity","AchievementEnabler","Act Like it!","BaseMod","Better Altar","Better Skull","Better Third Choice","Colored Map","Colored Powertips","Downfall","Hermit","Highlight Path","Marisa????????","Minty Spire (QoL Compilation)","Quick Restart","Rare Cards Sparkle","Replay The Spire","Spicy Shops","StSLib","The Cursed","The Disciple","The Servant 0.9.4"],"gold_per_floor":[119,131,131,131,148,178,178,191,218,218,234,291,321,341,341,341,341],"floor_reached":16,"playtime":610,"items_purged":[],"score":112,"play_id":"a5fc64ed-7eda-4cc7-b3dc-a97ada06adec","local_time":"20201216131220","is_ascension_mode":false,"campfire_choices":[{"data":"Bloodletting","floor":7,"key":"SMITH"},{"floor":10,"key":"RECALL"},{"floor":15,"key":"REST"}],"circlet_count":0,"master_deck":["Strike_R","Strike_R","Strike_R","Strike_R","Strike_R","Defend_R+1","Defend_R","Defend_R","Defend_R+1","Bash","Twin Strike","Warcry+1","Self Repair+1","Bloodletting+1","ReplayTheSpireMod:Stacked","Cold Snap","Headbutt","Armaments","Shrug It Off","Thunderclap"],"relics":["NeowsBlessing","Iron Core","Juzu Bracelet","War Paint","ReplayTheSpireMod:Spearhead","Question Card"],"acts_visited":["Exordium"],"potions_floor_usage":[6,12,16],"damage_taken":[{"damage":0,"enemies":"2 Louse","floor":1,"turns":1},{"damage":0,"enemies":"Small Slimes","floor":2,"turns":1},{"damage":0,"enemies":"Cultist","floor":5,"turns":1},{"damage":38,"enemies":"Gremlin Nob","floor":6,"turns":5},{"damage":11,"enemies":"2 Fungi Beasts","floor":8,"turns":4},{"damage":10,"enemies":"Looter","floor":11,"turns":3},{"damage":14,"enemies":"Gremlin Nob","floor":12,"turns":4},{"damage":38,"enemies":"Lagavulin","floor":13,"turns":10},{"damage":6,"enemies":"Lots of Slimes","floor":14,"turns":5},{"damage":72,"enemies":"Slime Boss","floor":16,"turns":11}],"seed_played":"-3442598908718975654","potions_obtained":[{"floor":2,"key":"Block Potion"},{"floor":5,"key":"FairyPotion"},{"floor":6,"key":"Doom Potion"},{"floor":8,"key":"AttackPotion"}],"is_trial":false,"path_per_floor":["M","M","?","?","M","E","R","M","T","R","M","?","E","M","R","B"],"character_chosen":"IRONCLAD","items_purchased":[],"campfire_rested":1,"item_purchase_floors":[],"current_hp_per_floor":[80,80,80,80,80,52,52,51,51,51,51,47,19,23,47,5,5],"gold":341,"neow_bonus":"THREE_ENEMY_KILL","is_daily":false,"chose_seed":false,"campfire_upgraded":1,"win_rate":0.0,"timestamp":1608142340,"path_taken":["M","M","?","?","?","E","R","M","T","R","M","?","E","M","R","BOSS"],"items_purchased_type":[],"build_version":"2020-12-13","purchased_purges":0,"victory":false,"max_hp_per_floor":[80,80,80,80,80,80,80,80,80,80,80,80,80,80,80,80,80],"card_choices":[{"not_picked":["ReplayTheSpireMod:Limb From Limb","Wild Strike"],"picked":"Twin Strike","floor":1},{"not_picked":["Uppercut","Wild Strike"],"picked":"Warcry","floor":2},{"not_picked":["Body Slam","ReplayTheSpireMod:LeadingStrike"],"picked":"Bloodletting","floor":5},{"not_picked":["Impervious","Clash"],"picked":"ReplayTheSpireMod:Stacked","floor":6},{"not_picked":["Twin Strike","Shrug It Off"],"picked":"Cold Snap","floor":8},{"not_picked":["WeaponsOverheat","ReplayTheSpireMod:Repulse"],"picked":"Headbutt","floor":11},{"not_picked":["WeaponsOverheat","ReplayTheSpireMod:Limb From Limb"],"picked":"Armaments","floor":12},{"not_picked":["Corruption","ReplayTheSpireMod:Strike From Hell"],"picked":"Shrug It Off","floor":13},{"not_picked":["Recycle","Clash","Reckless Charge"],"picked":"Thunderclap","floor":14}],"player_experience":325549,"relics_obtained":[{"floor":6,"key":"Juzu Bracelet"},{"floor":9,"key":"War Paint"},{"floor":12,"key":"ReplayTheSpireMod:Spearhead"},{"floor":13,"key":"Question Card"}],"event_choices":[{"damage_healed":0,"gold_gain":0,"player_choice":"Upgraded","damage_taken":0,"max_hp_gain":0,"max_hp_loss":0,"event_name":"Upgrade Shrine","floor":4,"gold_loss":0,"cards_upgraded":["Warcry"]},{"damage_healed":0,"gold_gain":0,"player_choice":"Searched \u00271\u0027 times","damage_taken":0,"max_hp_gain":0,"max_hp_loss":0,"event_name":"Dead Adventurer","floor":12,"gold_loss":0}],"is_beta":false,"boss_relics":[],"items_purged_floors":[],"is_endless":false,"potions_floor_spawned":[2,5,6,8],"killed_by":"Slime Boss","ascension_level":0}}