{"host":"6hzrz31j95f2y1pa","time":1608158253,"event":{"mods":["BaseMod","Colored Map","Downfall","Minty Spire (QoL Compilation)","StSLib"],"gold_per_floor":[99,117,136,171,271,271,296,316,350,275,288,40,60,45,62,167,167,167,167,194,294,326,341,341,360,392,317,329,347,358,458,477,575,625,550,550,86,111,121,136,136,56,56,91,91,111,128,148,168,168,168,194,68,68,68,68],"floor_reached":55,"playtime":4324,"items_purged":["champ:Defend+1","champ:Strike+1","champ:Strike+1"],"score":843,"play_id":"59a962fe-c65e-4ba0-8a46-ab4886b2aacd","local_time":"20201216173733","is_ascension_mode":true,"campfire_choices":[{"data":"champ:Taunt","floor":1.0,"key":"SMITH"},{"data":"champ:RecklessLeap","floor":6.0,"key":"SMITH"},{"data":"champ:Duel","floor":10.0,"key":"SMITH"},{"data":"champ:AdrenalArmor","floor":18.0,"key":"SMITH"},{"floor":27.0,"key":"RECALL"},{"data":"J.A.X.","floor":35.0,"key":"SMITH"},{"data":"expansioncontent:StudyTheSpire","floor":43.0,"key":"SMITH"},{"data":"champ:IronFortress","floor":54,"key":"SMITH"}],"circlet_count":0,"master_deck":["champ:Strike+1","champ:Defend+1","champ:Execute","champ:Taunt+1","champ:TornadoPunch","champ:Control","champ:RecklessLeap+1","champ:ShieldSigil","champ:Duel+1","champ:BerserkersShout","champ:EndlessRage","champ:EnragedBash","champ:RageSigil","champ:AdrenalArmor+1","champ:DancingMaster","J.A.X.+1","champ:StanceDance+1","champ:Aggression","champ:GutPunch+1","champ:StanceDance","champ:CheapShot+1","champ:DefensiveStyle","expansioncontent:StudyTheSpire+1","champ:IronFortress+1","champ:AdrenalArmor","champ:ShieldSigil","champ:CrookedStrike+1","champ:AdrenalArmor+1","champ:FocusedDefense+1"],"relics":["champ:ChampionCrown","Regal Pillow","HornCleat","Lizard Tail","downfall:HeartBlessingBlue","Happy Flower","Busted Crown","Akabeko","MutagenicStrength","Red Mask","Mercury Hourglass","Smiling Mask","downfall:HeartBlessingGreen","champ:BlackKnightHelmet","Pear","Tiny House","downfall:HeartBlessingRed","HandDrill","Eternal Feather","Bottled Flame","Bottled Tornado","Shovel","Whetstone"],"acts_visited":["Exordium","TheCity","TheBeyond","TheEnding"],"potions_floor_usage":[50,55,55,55],"damage_taken":[{"damage":7.0,"enemies":"Jaw Worm","floor":2.0,"turns":4.0},{"damage":11.0,"enemies":"Cultist","floor":3.0,"turns":4.0},{"damage":38.0,"enemies":"Gremlin Nob","floor":4.0,"turns":5.0},{"damage":29.0,"enemies":"Small Slimes","floor":8.0,"turns":2.0},{"damage":23.0,"enemies":"3 Sentries","floor":9.0,"turns":8.0},{"damage":0.0,"enemies":"Blue Slaver","floor":11.0,"turns":2.0},{"damage":25.0,"enemies":"downfall:FleeingMerchant","floor":12.0,"turns":4.0},{"damage":8.0,"enemies":"2 Fungi Beasts","floor":13.0,"turns":3.0},{"damage":34.0,"enemies":"downfall:FleeingMerchant","floor":14.0,"turns":4.0},{"damage":34.0,"enemies":"Exordium Wildlife","floor":15.0,"turns":3.0},{"damage":81.0,"enemies":"downfall:Defect","floor":16.0,"turns":6.0},{"damage":75.0,"enemies":"Gremlin Leader","floor":20.0,"turns":8.0},{"damage":92.0,"enemies":"downfall:Augmenter","floor":21.0,"turns":6.0},{"damage":47.0,"enemies":"Masked Bandits","floor":22.0,"turns":3.0},{"damage":46.0,"enemies":"Shell Parasite","floor":23.0,"turns":5.0},{"damage":23.0,"enemies":"Chosen","floor":25.0,"turns":1.0},{"damage":57.0,"enemies":"Book of Stabbing","floor":26.0,"turns":5.0},{"damage":14.0,"enemies":"Snecko","floor":28.0,"turns":3.0},{"damage":46.0,"enemies":"Cultist and Chosen","floor":29.0,"turns":3.0},{"damage":50.0,"enemies":"Centurion and Healer","floor":30.0,"turns":4.0},{"damage":75.0,"enemies":"Centurion and Healer","floor":31.0,"turns":5.0},{"damage":33.0,"enemies":"Snecko","floor":32.0,"turns":3.0},{"damage":139.0,"enemies":"downfall:Ironclad","floor":33.0,"turns":7.0},{"damage":58.0,"enemies":"downfall:FleeingMerchant","floor":37.0,"turns":5.0},{"damage":94.0,"enemies":"Reptomancer","floor":38.0,"turns":7.0},{"damage":58.0,"enemies":"3 Darklings","floor":39.0,"turns":3.0},{"damage":11.0,"enemies":"3 Shapes","floor":40.0,"turns":3.0},{"damage":0.0,"enemies":"downfall:FleeingMerchant","floor":42.0,"turns":1.0},{"damage":54.0,"enemies":"Nemesis","floor":44.0,"turns":5.0},{"damage":46.0,"enemies":"Maw","floor":46.0,"turns":7.0},{"damage":52.0,"enemies":"3 Darklings","floor":47.0,"turns":4.0},{"damage":68.0,"enemies":"4 Shapes","floor":48.0,"turns":6.0},{"damage":68,"enemies":"Transient","floor":49,"turns":5},{"damage":131,"enemies":"downfall:Silent","floor":50,"turns":10},{"damage":85,"enemies":"downfall:CharBossMerchant","floor":52,"turns":6},{"damage":234,"enemies":"downfall:NeowBoss","floor":55,"turns":15}],"seed_played":"1990174053731693672","potions_obtained":[{"floor":3.0,"key":"Guardian:BlockOnCardUsePotion"},{"floor":8.0,"key":"Strength Potion"},{"floor":11.0,"key":"Block Potion"},{"floor":22.0,"key":"Swift Potion"},{"floor":23.0,"key":"Dexterity Potion"},{"floor":26.0,"key":"Block Potion"},{"floor":32.0,"key":"AttackPotion"},{"floor":33.0,"key":"Explosive Potion"},{"floor":34.0,"key":"AttackPotion"},{"floor":38.0,"key":"FearPotion"},{"floor":39.0,"key":"Block Potion"},{"floor":44.0,"key":"DuplicationPotion"}],"is_trial":false,"path_per_floor":["R","M","M","E","?","R","T","M","E","R","M","$","M","$","M","B",null,"R","?","E","?","?","M","T","M","E","R","M","M","M","?","M","B",null,"R","?","$","E","M","M","T","$","R","E","?","M","M","M","M","B",null,"E","$","R","B"],"character_chosen":"THE_CHAMP","items_purchased":["champ:EndlessRage","Happy Flower","HandDrill","expansioncontent:StudyTheSpire","champ:IronFortress","Bottled Tornado","champ:AdrenalArmor","LiquidBronze","Regen Potion"],"campfire_rested":0,"item_purchase_floors":[12,12,37,37,37,42,42,42,53],"current_hp_per_floor":[90,88,82,52,52,52,52,52,39,49,49,49,52,57,57,29,100,100,100,90,65,65,68,68,65,68,68,68,71,74,74,83,106,120,120,120,120,101,96,87,87,87,102,93,93,90,95,95,106,75,120,95,95,110,0,0],"gold":68,"neow_bonus":"RANDOM_COMMON_RELIC","is_daily":false,"chose_seed":false,"campfire_upgraded":7,"win_rate":0.0,"timestamp":1608158253,"path_taken":["R","M","M","E","?","R","T","?","E","R","?","?","M","$","M","BOSS","R","?","E","?","?","?","T","M","E","R","M","M","?","?","M","BOSS","R","?","$","E","M","M","T","$","R","E","?","M","?","M","M","BOSS","E","$","R","BOSS"],"items_purchased_type":["Card","Relic","Relic","Card","Card","Relic","Card","Potion","Potion"],"build_version":"2020-12-13","purchased_purges":3,"victory":false,"max_hp_per_floor":[90,90,90,90,90,90,90,90,90,100,100,100,100,100,100,100,100,100,100,100,100,100,105,105,105,105,105,105,105,105,115,115,115,120,120,120,120,120,120,120,120,120,120,120,120,120,120,120,120,120,120,120,120,120,120,120],"card_choices":[{"not_picked":["champ:StanceDance","champ:SkillfulDodge"],"picked":"champ:TornadoPunch","floor":2.0},{"not_picked":["champ:Duel","champ:PerfectedStrike"],"picked":"champ:Control","floor":3.0},{"not_picked":["champ:RisingSlash","champ:BerserkersShout"],"picked":"champ:RecklessLeap","floor":4.0},{"not_picked":["champ:EnragedBash","champ:SwordSigil"],"picked":"champ:ShieldSigil","floor":8.0},{"not_picked":["champ:StanceDance","champ:CrownThrow"],"picked":"champ:Duel","floor":9.0},{"not_picked":["champ:Haymaker","champ:Lariat","champ:SwordSigil"],"picked":"SKIP","floor":11.0},{"not_picked":["champ:ShieldSigil","champ:Control"],"picked":"champ:BerserkersShout","floor":12.0},{"not_picked":["champ:TornadoPunch","champ:FanOfKnives"],"picked":"champ:EnragedBash","floor":13.0},{"not_picked":["champ:IronFortress","champ:Encircle"],"picked":"champ:RageSigil","floor":14.0},{"not_picked":["champ:FocusedBerserking","champ:ShieldThrow"],"picked":"champ:AdrenalArmor","floor":15.0},{"not_picked":["champ:CrownThrow","champ:IgnorePain"],"picked":"champ:DancingMaster","floor":16.0},{"not_picked":["champ:FanOfKnives"],"picked":"SKIP","floor":20.0},{"not_picked":[],"picked":"J.A.X.","floor":21.0},{"not_picked":[],"picked":"champ:StanceDance","floor":21.0},{"not_picked":["champ:CrookedStrike"],"picked":"SKIP","floor":23.0},{"not_picked":["champ:PreciseThrust"],"picked":"SKIP","floor":25.0},{"not_picked":[],"picked":"champ:DefensiveStyle","floor":26.0},{"not_picked":["champ:BringItOn"],"picked":"SKIP","floor":28.0},{"not_picked":["champ:BerserkersShout"],"picked":"SKIP","floor":29.0},{"not_picked":[],"picked":"champ:GutPunch","floor":30.0},{"not_picked":[],"picked":"champ:StanceDance","floor":31.0},{"not_picked":["champ:ShieldWall"],"picked":"SKIP","floor":32.0},{"not_picked":[],"picked":"champ:CheapShot","floor":33.0},{"not_picked":[],"picked":"champ:DefensiveStyle","floor":37.0},{"not_picked":["champ:FlashCut"],"picked":"SKIP","floor":38.0},{"not_picked":["champ:FocusedDefense"],"picked":"SKIP","floor":39.0},{"not_picked":["champ:BladeFlurry"],"picked":"SKIP","floor":40.0},{"not_picked":["champ:DefensiveStyle"],"picked":"SKIP","floor":42.0},{"not_picked":["champ:PerfectedStrike"],"picked":"SKIP","floor":44.0},{"not_picked":["champ:PerfectedStrike"],"picked":"SKIP","floor":44.0},{"not_picked":[],"picked":"champ:CrookedStrike+1","floor":46.0},{"not_picked":[],"picked":"champ:AdrenalArmor+1","floor":47.0},{"not_picked":[],"picked":"champ:FocusedDefense+1","floor":48.0},{"not_picked":["champ:SwordSigil"],"picked":"SKIP","floor":49},{"not_picked":["champ:Circumvent"],"picked":"SKIP","floor":52}],"player_experience":1190341,"relics_obtained":[{"floor":4.0,"key":"HornCleat"},{"floor":9.0,"key":"Lizard Tail"},{"floor":20.0,"key":"Akabeko"},{"floor":21.0,"key":"MutagenicStrength"},{"floor":22.0,"key":"Red Mask"},{"floor":24.0,"key":"Mercury Hourglass"},{"floor":26.0,"key":"Smiling Mask"},{"floor":31.0,"key":"champ:BlackKnightHelmet"},{"floor":31.0,"key":"Pear"},{"floor":38.0,"key":"Eternal Feather"},{"floor":41.0,"key":"Bottled Flame"},{"floor":44.0,"key":"Shovel"},{"floor":52,"key":"Whetstone"}],"event_choices":[{"damage_healed":0.0,"max_hp_gain":0.0,"max_hp_loss":0.0,"gold_gain":0.0,"event_name":"Back to Basics","player_choice":"Simplicity","floor":19.0,"gold_loss":0.0,"damage_taken":0.0,"cards_upgraded":["champ:Strike","champ:Strike","champ:Strike","champ:Strike","champ:Defend","champ:Defend","champ:Defend","champ:Defend"]},{"damage_healed":0.0,"max_hp_gain":0.0,"max_hp_loss":0.0,"gold_gain":0.0,"event_name":"Masked Bandits","player_choice":"Fought Bandits","floor":22.0,"gold_loss":0.0,"damage_taken":0.0},{"cards_removed":["champ:DefensiveStyle"],"damage_healed":0.0,"max_hp_gain":0.0,"max_hp_loss":0.0,"gold_gain":0.0,"event_name":"Falling","player_choice":"Removed Power","floor":36.0,"gold_loss":0.0,"damage_taken":0.0},{"damage_healed":0.0,"max_hp_gain":0.0,"max_hp_loss":0.0,"gold_gain":0.0,"cards_transformed":["champ:Defend"],"event_name":"Transmorgrifier","player_choice":"Transformed","floor":45.0,"gold_loss":0.0,"damage_taken":0.0,"cards_obtained":["champ:ShieldSigil"]}],"is_beta":false,"boss_relics":[{"not_picked":["Runic Pyramid","Coffee Dripper"],"picked":"Busted Crown"},{"not_picked":["Pandora\u0027s Box","Astrolabe"],"picked":"Tiny House"}],"items_purged_floors":[37,42,53],"is_endless":false,"potions_floor_spawned":[3,8,11,15,22,23,25,26,32,33,38,39,44,46,47],"killed_by":"downfall:NeowBoss","ascension_level":1}}