{"host":"nox","time":1608112471,"event":{"mods":["BaseMod","Colored Powertips","Minty Spire (QoL Compilation)","Quick Restart","Replay The Spire","StSLib"],"gold_per_floor":[117,117,135,63,75,106,125,160,230,261,109,124,124,124],"floor_reached":13,"playtime":830,"items_purged":["Strike_G"],"score":126,"play_id":"9b7f44c7-bdd9-42b0-a296-0df81daaaf70","local_time":"20201216165431","is_ascension_mode":true,"campfire_choices":[],"circlet_count":0,"master_deck":["Strike_G","Defend_G","Defend_G","Defend_G","Defend_G","Defend_G","Survivor","Neutralize","Footwork","Flying Knee","Dash","Flying Knee","Blur","Night Terror","ReplayTheSpireMod:Speed Training"],"relics":["Replay:Drink Me","Pantograph","Replay:PocketPolymizer","Replay:Bottled Flurry","Orichalcum"],"acts_visited":["Exordium"],"potions_floor_usage":[13],"damage_taken":[{"damage":0.0,"enemies":"Jaw Worm","floor":1.0,"turns":6.0},{"damage":0.0,"enemies":"Cultist","floor":3.0,"turns":7.0},{"damage":4.0,"enemies":"2 Louse","floor":5.0,"turns":5.0},{"damage":5.0,"enemies":"Lagavulin","floor":6.0,"turns":8.0},{"damage":1.0,"enemies":"Large Slime","floor":7.0,"turns":6.0},{"damage":8.0,"enemies":"Gremlin Nob","floor":8.0,"turns":5.0},{"damage":12.0,"enemies":"3 Sentries","floor":10.0,"turns":10.0},{"damage":9.0,"enemies":"Exordium Wildlife","floor":12.0,"turns":7.0},{"damage":27,"enemies":"Gremlin Nob","floor":13,"turns":8}],"seed_played":"-4273266375393863663","potions_obtained":[{"floor":1.0,"key":"EntropicBrew"},{"floor":3.0,"key":"SpeedPotion"},{"floor":8.0,"key":"SkillPotion"}],"is_trial":false,"path_per_floor":["M","?","M","$","M","E","M","E","T","E","$","M","E"],"character_chosen":"THE_SILENT","items_purchased":["Dash","ReplayTheSpireMod:Speed Training"],"campfire_rested":0,"item_purchase_floors":[4,11],"current_hp_per_floor":[53,58,58,58,54,49,48,40,40,28,28,19,0,0],"gold":124,"neow_bonus":"BOSS_RELIC","is_daily":false,"chose_seed":false,"campfire_upgraded":0,"win_rate":0.0,"timestamp":1608112471,"path_taken":["M","?","M","?","M","E","M","E","T","E","$","?","E"],"items_purchased_type":["Card","Card"],"build_version":"2020-11-17","purchased_purges":1,"victory":false,"max_hp_per_floor":[53,58,58,58,58,58,58,58,58,58,58,58,58,58],"card_choices":[{"not_picked":["Calculated Gamble","Heel Hook"],"picked":"Footwork","floor":1.0},{"not_picked":["Deflect","Acrobatics"],"picked":"Flying Knee","floor":3.0},{"not_picked":["ReplayTheSpireMod:Scrap Shanks","Dodge and Roll"],"picked":"Flying Knee","floor":5.0},{"not_picked":["Corpse Explosion","Underhanded Strike","Quick Slash"],"picked":"SKIP","floor":6.0},{"not_picked":["Acrobatics","Poisoned Stab","Backflip"],"picked":"SKIP","floor":7.0},{"not_picked":["Tactician","Dodge and Roll"],"picked":"Blur","floor":8.0},{"not_picked":["Dagger Spray","Infinite Blades"],"picked":"Night Terror","floor":10.0},{"not_picked":["Cloak And Dagger","Calculated Gamble","Dodge and Roll"],"picked":"SKIP","floor":12.0}],"player_experience":128648,"relics_obtained":[{"floor":6.0,"key":"Pantograph"},{"floor":8.0,"key":"Replay:PocketPolymizer"},{"floor":9.0,"key":"Replay:Bottled Flurry"},{"floor":10.0,"key":"Orichalcum"}],"event_choices":[{"damage_healed":0.0,"max_hp_gain":5.0,"max_hp_loss":0.0,"gold_gain":0.0,"event_name":"Big Fish","player_choice":"Donut","floor":2.0,"gold_loss":0.0,"damage_taken":0.0}],"is_beta":true,"boss_relics":[],"items_purged_floors":[11],"is_endless":false,"potions_floor_spawned":[1,3,8],"killed_by":"Gremlin Nob","ascension_level":4}}