{"host":"ztqjwusiwlngvd4e","time":1608077635,"event":{"mods":["BaseMod","BetterRewards","Downfall","Minty Spire (QoL Compilation)","Replay The Spire","StSLib","The Bug Knight"],"gold_per_floor":[109,125,175,187,22,64,141,167,205,60,72,93,163,182,182,304,304,314,18,28,43,58,191,191,191,191,191,264,277,341,377,377,485,639,655,711,721,733,805,805,389,454,478,543,559,569,569,626,626,626],"floor_reached":51,"playtime":6094,"items_purged":["Normality","Overencumbered"],"score":981,"play_id":"77b857a8-3d9f-43e0-8a9c-c292067d471e","local_time":"20201216111355","daily_mods":["SealedDeck","Vintage","Heirloom","Time Dilation","downfall:Lament"],"is_ascension_mode":false,"campfire_choices":[{"data":"Guardian:Aged","floor":15.0,"key":"PURGE"},{"data":"DevaForm","floor":24.0,"key":"SMITH"},{"data":"Slimebound:DuplicatedForm","floor":27.0,"key":"SMITH"},{"data":"ReplayTheSpireMod:Splinters","floor":32.0,"key":"PURGE"},{"data":"Echo Form","floor":40,"key":"SMITH"},{"data":"Seeing Red","floor":49,"key":"SMITH"}],"circlet_count":0,"master_deck":["Demon Form","Wraith Form v2","Echo Form+1","DevaForm+1","Guardian:ConstructionForm","hexamod:ParanormalForm","Slimebound:DuplicatedForm+1","sneckomod:SerpentMind","Thunderclap","Seeing Red+1","Sentinel","Thunderclap","Anger","Shrug It Off","Sword Boomerang+1","Dual Wield","Iron Wave+1","Perfected Strike","Delirium","ReplayTheSpireMod:LeadingStrike+1","Blood for Blood+1","expansioncontent:PrepareCrush+1","Ghostly Armor","Iron Wave+1","Perfected Strike+1","ReplayTheSpireMod:Corrosion Curse+1","Transmutation+1","Replay:SS_hec_4+1","Secret Weapon+1","ReplayTheSpireMod:Strike From Hell","Exhume+1","Hallucinations","Slimebound:Icky","ReplayTheSpireMod:Necrogeddon+1","Pommel Strike+1","Replay:SS_hec_4+1","Havoc+1","Overencumbered","Pot Of Greed","Pot Of Greed","Pot Of Greed","Pot Of Greed","Headbutt","Voices","Pommel Strike+1","Double Tap+1","Decay","Amnesia","Normality","Hallucinations","Pot Of Greed","Injury","Cleave+1","Panache+1","Shame","Armaments+1","Seeing Red+1"],"relics":["Burning Blood","NeowsBlessing","Du-Vu Doll","Bronze Scales","Strawberry","ReplayTheSpireMod:Ring of Challenge","Ring of Greed","Golden Egg","Membership Card","Whetstone","CeramicFish","MawBank","Art of War","Pet Ghost","Happy Flower","ReplayTheSpireMod:ShopPack","hexamod:BolsterEngine","Blue Candle","Bottled Lightning","ReplayFunnel","ChewingGum","Pantograph","Mummified Hand","ReplayTheSpireMod:CursedCoin","champ:DuelingGlove","ReplayTheSpireMod:Spearhead","Replay:Towering Pillar of Hats","Snack Pack","Grinning Jar","InkBottle","Bird Faced Urn","Divine Protection","Regal Pillow","Red Skull","Eternal Feather","Replay:Wanted Poster","Orichalcum","White Beast Statue","Oddly Smooth Stone","Iron Hammer","Pear","Garlic","PreservedInsect","Toolbox","Vajra","Centennial Puzzle","ReplayTheSpireMod:Shallot","Anchor","Question Card","The Courier","Ice Cream"],"acts_visited":["Exordium","TheCity","TheBeyond"],"potions_floor_usage":[37,38,42,42,42,42,42,42,50,50,50],"damage_taken":[{"damage":0.0,"enemies":"Jaw Worm","floor":1.0,"turns":1.0},{"damage":0.0,"enemies":"2 Louse","floor":2.0,"turns":1.0},{"damage":0.0,"enemies":"Cultist","floor":4.0,"turns":1.0},{"damage":14.0,"enemies":"HollowMod:MossKnight","floor":6.0,"turns":8.0},{"damage":10.0,"enemies":"Gremlin Gang","floor":7.0,"turns":4.0},{"damage":0.0,"enemies":"Large Slime","floor":8.0,"turns":2.0},{"damage":3.0,"enemies":"3 Louse","floor":11.0,"turns":2.0},{"damage":16.0,"enemies":"2 Fungi Beasts","floor":12.0,"turns":3.0},{"damage":0.0,"enemies":"Blue Slaver","floor":14.0,"turns":2.0},{"damage":0.0,"enemies":"Slime Boss","floor":16.0,"turns":4.0},{"damage":1.0,"enemies":"3 Byrds","floor":18.0,"turns":3.0},{"damage":0.0,"enemies":"Spheric Guardian","floor":20.0,"turns":1.0},{"damage":0.0,"enemies":"Centurion and Healer","floor":21.0,"turns":3.0},{"damage":0.0,"enemies":"Snake Plant","floor":22.0,"turns":2.0},{"damage":7.0,"enemies":"HollowMod:Nosk","floor":23.0,"turns":4.0},{"damage":0.0,"enemies":"Gremlin Leader","floor":28.0,"turns":3.0},{"damage":0.0,"enemies":"Chosen and Byrds","floor":29.0,"turns":3.0},{"damage":7.0,"enemies":"Centurion and Healer","floor":30.0,"turns":2.0},{"damage":15.0,"enemies":"3 Cultists","floor":31.0,"turns":3.0},{"damage":0.0,"enemies":"Collector","floor":33.0,"turns":3.0},{"damage":7,"enemies":"3 Darklings","floor":35,"turns":2},{"damage":0,"enemies":"3 Shapes","floor":36,"turns":3},{"damage":0,"enemies":"Writhing Mass","floor":37,"turns":1},{"damage":7,"enemies":"Jaw Worm Horde","floor":38,"turns":2},{"damage":0,"enemies":"Maw","floor":39,"turns":4},{"damage":58,"enemies":"Transient","floor":42,"turns":5},{"damage":0,"enemies":"HollowMod:StalkingDevout","floor":44,"turns":2},{"damage":0,"enemies":"3 Darklings","floor":45,"turns":2},{"damage":0,"enemies":"4 Shapes","floor":46,"turns":1},{"damage":0,"enemies":"2 Orb Walkers","floor":48,"turns":1},{"damage":14,"enemies":"Replay:Hell Engine","floor":50,"turns":4}],"seed_played":"3557127872200296428","potions_obtained":[{"floor":1.0,"key":"Adrenaline Potion"},{"floor":2.0,"key":"Guardian:BlockOnCardUsePotion"},{"floor":7.0,"key":"PowerPotion"},{"floor":13.0,"key":"SneckoOil"},{"floor":37,"key":"Weak Potion"},{"floor":38,"key":"FearPotion"},{"floor":42,"key":"Fire Potion"},{"floor":44,"key":"Energy Potion"},{"floor":45,"key":"ColorlessPotion"},{"floor":48,"key":"BlessingOfTheForge"}],"is_trial":true,"path_per_floor":["M","M","?","M","$","E","M","M","T","$","M","M","?","M","R","B",null,"M","$","M","M","M","E","R","?","T","R","E","M","M","M","R","B",null,"M","M","M","M","M","R","$","M","T","E","M","M","?","?","R","B",null],"character_chosen":"IRONCLAD","items_purchased":["ReplayTheSpireMod:LeadingStrike","Blood for Blood","CeramicFish","expansioncontent:PrepareCrush","ReplayTheSpireMod:ShopPack","hexamod:BolsterEngine","Iron Wave","Perfected Strike","ReplayTheSpireMod:Corrosion Curse","Mummified Hand","ReplayTheSpireMod:CursedCoin","ReplayTheSpireMod:Necrogeddon","Pommel Strike","champ:DuelingGlove","Replay:SS_hec_4","Havoc","Garlic","PreservedInsect","Toolbox","Cleave","Panache"],"campfire_rested":0,"item_purchase_floors":[5,5,5,5,10,10,10,10,10,19,19,19,19,19,19,19,41,41,41,41,41],"current_hp_per_floor":[80,87,87,87,87,87,83,87,87,87,87,87,66,72,72,78,87,87,87,87,87,87,86,86,86,86,86,87,87,87,87,87,87,87,87,87,87,87,97,97,97,68,68,86,96,97,97,97,97,97],"gold":626,"neow_bonus":"","is_daily":false,"chose_seed":false,"campfire_upgraded":4,"win_rate":0.0,"timestamp":1608077635,"path_taken":["M","M","?","M","$","E","M","M","T","$","M","M","?","M","R","BOSS","M","$","M","M","M","E","R","?","T","R","E","M","?","M","R","BOSS","M","M","M","M","M","R","$","M","T","E","?","?","?","?","R","BOSS"],"items_purchased_type":["Card","Card","Relic","Card","Relic","Relic","Card","Card","Card","Relic","Relic","Card","Card","Relic","Card","Card","Relic","Relic","Relic","Card","Card"],"build_version":"2020-12-13","purchased_purges":2,"victory":true,"max_hp_per_floor":[80,87,87,87,87,87,87,87,87,87,87,87,87,87,87,87,87,87,87,87,87,87,87,87,87,87,87,87,87,87,87,87,87,87,87,87,87,87,97,97,97,97,97,97,97,97,97,97,97,97],"card_choices":[{"not_picked":["Shrug It Off","ReplayReversal"],"picked":"Ghostly Armor","floor":6.0},{"not_picked":["expansioncontent:StudyTheSpire","Panache"],"picked":"Transmutation","floor":10.0},{"not_picked":["Blind","Panacea"],"picked":"Replay:SS_hec_4","floor":10.0},{"not_picked":["Replay:SS_fish_3","expansioncontent:Flail"],"picked":"Secret Weapon","floor":10.0},{"not_picked":["Combust","Exhume"],"picked":"ReplayTheSpireMod:Strike From Hell","floor":13.0},{"not_picked":["Demon Form","Offering"],"picked":"Exhume","floor":16.0},{"not_picked":["Clothesline","Dual Wield"],"picked":"Headbutt","floor":23.0},{"not_picked":["Body Slam","Warcry"],"picked":"Pommel Strike+1","floor":28.0},{"not_picked":["Feed","Juggernaut"],"picked":"Double Tap","floor":33.0},{"not_picked":["Replay:Undeath\u0027s Touch+1","Warcry+1"],"picked":"Armaments+1","floor":44},{"not_picked":["Warcry+1","Armaments","Massacre"],"picked":"Seeing Red+1","floor":48}],"player_experience":29629,"relics_obtained":[{"floor":1.0,"key":"Bronze Scales"},{"floor":2.0,"key":"Strawberry"},{"floor":3.0,"key":"ReplayTheSpireMod:Ring of Challenge"},{"floor":3.0,"key":"Ring of Greed"},{"floor":3.0,"key":"Golden Egg"},{"floor":3.0,"key":"Membership Card"},{"floor":4.0,"key":"Whetstone"},{"floor":6.0,"key":"MawBank"},{"floor":7.0,"key":"Art of War"},{"floor":8.0,"key":"Pet Ghost"},{"floor":9.0,"key":"Happy Flower"},{"floor":11.0,"key":"Blue Candle"},{"floor":12.0,"key":"Bottled Lightning"},{"floor":14.0,"key":"ReplayFunnel"},{"floor":18.0,"key":"Pantograph"},{"floor":20.0,"key":"ReplayTheSpireMod:Spearhead"},{"floor":21.0,"key":"Replay:Towering Pillar of Hats"},{"floor":22.0,"key":"Snack Pack"},{"floor":23.0,"key":"Grinning Jar"},{"floor":26.0,"key":"InkBottle"},{"floor":28.0,"key":"Bird Faced Urn"},{"floor":29.0,"key":"Divine Protection"},{"floor":30.0,"key":"Regal Pillow"},{"floor":31.0,"key":"Red Skull"},{"floor":31.0,"key":"Eternal Feather"},{"floor":35,"key":"Orichalcum"},{"floor":36,"key":"White Beast Statue"},{"floor":37,"key":"Oddly Smooth Stone"},{"floor":38,"key":"Iron Hammer"},{"floor":39,"key":"Pear"},{"floor":42,"key":"Vajra"},{"floor":43,"key":"Centennial Puzzle"},{"floor":44,"key":"ReplayTheSpireMod:Shallot"},{"floor":44,"key":"Anchor"},{"floor":45,"key":"Question Card"},{"floor":46,"key":"The Courier"},{"floor":48,"key":"Ice Cream"}],"event_choices":[{"cards_removed":["Amnesia"],"damage_healed":0.0,"max_hp_gain":0.0,"max_hp_loss":0.0,"gold_gain":0.0,"event_name":"Purifier","player_choice":"Purged","floor":25.0,"gold_loss":0.0,"damage_taken":0.0},{"damage_healed":0,"gold_gain":0,"player_choice":"Ignored","damage_taken":0,"max_hp_gain":0,"max_hp_loss":0,"event_name":"Tomb of Lord Red Mask","floor":47,"gold_loss":0},{"damage_healed":0,"gold_gain":0,"player_choice":"Fight","damage_taken":0,"max_hp_gain":0,"max_hp_loss":0,"event_name":"Mysterious Sphere","floor":48,"gold_loss":0}],"is_beta":false,"boss_relics":[{"not_picked":["Kintsugi","Runic Dome"],"picked":"ChewingGum"},{"not_picked":["Replay:Bronze Core","Ring of Chaos"],"picked":"Replay:Wanted Poster"}],"items_purged_floors":[19,41],"is_endless":false,"potions_floor_spawned":[1,2,7,8,14,16,18,20,21,22,33,36,37,38,39,42,44,45,46,48],"ascension_level":0}}