{"host":"l8lm1goh5xm9tkuw","time":1608119958,"event":{"mods":["Act Like it!","Alarm Clock","Astrologer","BaseMod","Colored Map","Colored Powertips","GungeonMod","Hermit","KinomotoSakuraMod(Ä¾Ö®±¾Ó£)","KomeijiMod","Library of Ruina","Library of Ruina Extra","Lobotomy","LobotomyExtend","Marisa£¨ìFÓê¡¡Ä§ÀíÉ³£©","Minty Spire (QoL Compilation)","MostiFishMod","Quick Restart","Replay The Spire","Shade Mod","StSLib","TestMod","The Animator","The Bug Knight","The Hierophant","UnlockEverythingMod","vexMod","¡¾ÒÅÎï¿¨ÅÆ¡¿REMEMod"],"gold_per_floor":[120,1119,1119,1131,1211,1211,1239,1255,1282,1282,1311,893,912,690,690,764,764,778,809,809,759,772,772,772,805,882,882,900,925,840,859,859,931,931,950,950,610,610,622,658,189,227,227,227,90,90,90,108,108,128,128,128,128,2,45,70],"floor_reached":57,"playtime":1036,"items_purged":["Delirium"],"score":2820,"play_id":"9d62dd49-ee56-4a57-bff8-3c8080130eac","local_time":"20201216195917","is_ascension_mode":true,"campfire_choices":[{"data":"DegradedShockwave","floor":6,"key":"SMITH"},{"data":"DegradedPillar","floor":10,"key":"SMITH"},{"data":"DegradedPillar","floor":15,"key":"SMITH"},{"data":"DegradedLock","floor":23,"key":"SMITH"},{"data":"UndertakePrescript","floor":32,"key":"SMITH"},{"data":"DegradedChain","floor":44,"key":"SMITH"},{"floor":46,"key":"RECALL"},{"data":"DegradedFairy","floor":49,"key":"SMITH"},{"data":"1","floor":53,"key":"LIFT"}],"circlet_count":0,"master_deck":["DegradedFairy+1","DegradedFairy+1","DegradedChain+1","DegradedChain+1","DegradedLock+1","DegradedPillar+1","DegradedPillar+1","DegradedShockwave+1","UndertakePrescript+1"],"relics":["PageOfLibrarian","DaveBox","testmod-TestBox","REME_ComplimentaryCards","xbg","DemoMod:GlassGuonStoneRelic","Question Card","LetterFromLob","testmod-TurbochargingSystem","PageOfSpiderBud","Dream Catcher","DaCapo","PageOfSnowWhitesApple","ReplayTheSpireMod:Lightbulb","ImportantClient","RhineSuit","Red Mask","PageOfForsakenMurderer","HonorFeather","testmod-Acrobat","Bag of Marbles","ShadowXiaoBlade","Ornamental Fan","HandDrill","Strawberry","Frozen Egg 2","Girya","testmod-BalancedPeriapt","PageOfWrath","Replay:Bandana","Nunchaku","PageOfTheQueenOfHatred"],"acts_visited":["Exordium","TheCity","TheBeyond","TheEnding"],"potions_floor_usage":[],"damage_taken":[{"damage":0.0,"enemies":"2 Louse","floor":1.0,"turns":1.0},{"damage":0.0,"enemies":"Small Slimes","floor":4.0,"turns":1.0},{"damage":0,"enemies":"HollowMod:MossKnight","floor":7,"turns":2},{"damage":0,"enemies":"Cultist","floor":8,"turns":1},{"damage":0,"enemies":"Lagavulin","floor":11,"turns":2},{"damage":0,"enemies":"Blue Slaver","floor":13,"turns":1},{"damage":0,"enemies":"Fading Forest","floor":16,"turns":11},{"damage":0,"enemies":"3 Byrds","floor":18,"turns":1},{"damage":0,"enemies":"Masked Bandits","floor":19,"turns":1},{"damage":0,"enemies":"Chosen","floor":22,"turns":1},{"damage":0,"enemies":"Slavers","floor":25,"turns":1},{"damage":55,"enemies":"Sentry and Sphere","floor":27,"turns":2},{"damage":0,"enemies":"Sentry and Sphere","floor":28,"turns":1},{"damage":0,"enemies":"Replay:Snechameleon","floor":29,"turns":1},{"damage":0,"enemies":"Centurion and Healer","floor":31,"turns":1},{"damage":0,"enemies":"Champ","floor":33,"turns":1},{"damage":0,"enemies":"3 Shapes","floor":35,"turns":1},{"damage":0,"enemies":"3 Darklings","floor":39,"turns":1},{"damage":0,"enemies":"R_Hoarder","floor":40,"turns":2},{"damage":0,"enemies":"Spire Growth","floor":48,"turns":1},{"damage":0,"enemies":"Awakened One","floor":50,"turns":4},{"damage":0,"enemies":"Shield and Spear","floor":55,"turns":1},{"damage":1,"enemies":"The Heart","floor":56,"turns":4}],"seed_played":"-5362250409072333832","potions_obtained":[{"floor":8,"key":"ColorlessPotion"},{"floor":11,"key":"SpeedPotion"},{"floor":25,"key":"DistilledChaos"}],"is_trial":false,"path_per_floor":["M","?","?","M","?","R","E","M","T","R","E","$","M","$","R","B",null,"M","?","?","?","M","R","?","E","T","M","M","E","?","M","R","B",null,"M","?","$","?","M","E","$","?","T","R","$","R","$","M","R","B",null,null,"R","$","E","B",null],"character_chosen":"Librarian","items_purchased":["DemoMod:WeirdEgg","PageOfSnowWhitesApple","ReplayTheSpireMod:Lightbulb","Ornamental Fan","HandDrill","Frozen Egg 2","Girya","Replay:Bandana","Nunchaku"],"campfire_rested":0,"item_purchase_floors":[12,12,14,37,37,41,41,45,54],"current_hp_per_floor":[63,63,71,71,71,71,71,71,71,71,71,71,71,71,71,79,117,117,117,77,77,77,77,77,77,77,59,59,59,59,59,134,134,134,134,134,134,134,134,141,141,85,85,141,141,141,141,141,141,141,141,141,141,141,141,141],"gold":70,"neow_bonus":"TEN_PERCENT_HP_BONUS","is_daily":false,"chose_seed":false,"campfire_upgraded":7,"win_rate":0.0,"timestamp":1608119957,"path_taken":["M","?","?","M","?","R","E","M","T","R","E","$","M","$","R","BOSS","M","?","?","?","?","R","?","E","T","M","M","E","?","M","R","BOSS","M","?","$","?","?","E","$","?","T","R","$","R","?","M","R","BOSS","R","$","E","BOSS"],"items_purchased_type":["Relic","Relic","Relic","Relic","Relic","Relic","Relic","Relic","Relic"],"build_version":"2020-12-13","purchased_purges":1,"victory":true,"max_hp_per_floor":[99,129,129,129,129,129,129,129,129,129,129,129,129,129,129,129,129,129,129,134,134,134,134,134,134,134,134,134,134,134,134,134,134,134,134,134,134,134,134,141,141,141,141,141,141,141,141,141,141,141,141,141,141,141,141,141],"card_choices":[{"not_picked":["EmotionalTurbulence","Unlock1","EnergyShield","GuardingStance","HighSpeedStabbing","DefenseOrder","Wallop_lor","Faith","StrongStrike"],"picked":"SKIP","floor":1.0},{"not_picked":["PuppetBlockade","Faith","AsThePrescriptOrders","FrontalAssault","DefenseOrder","BizarreAttack","QuickAttack","FlyingSword","FleetFootsteps","Riposte"],"picked":"SKIP","floor":4.0},{"not_picked":["FormingStorm","UnavoidableGaze","HiddenBlade","SweepTheBackstreets","Observe","SkitterAway","NightInTheBackstreets","Outburst","HandleRequest","EnergyShield"],"picked":"SKIP","floor":7},{"not_picked":["Parry","YoureAHindrance","CumulusWall","NightInTheBackstreets","SmokingPipe","ExtractFuel","SpearedSweep","FeelinGood","PreparedMind","GuardingStance"],"picked":"SKIP","floor":8},{"not_picked":["Parry","YoureAHindrance","CumulusWall","NightInTheBackstreets","SmokingPipe","ExtractFuel","SpearedSweep","FeelinGood","PreparedMind","GuardingStance"],"picked":"SKIP","floor":8},{"not_picked":["BoundaryOfDeath","Standoff","TendonChords","ClassAndRespect","SuppressingShot","GuardingStance","SunsetBlade","EnergyCycle","HiddenBlade","Parry"],"picked":"SKIP","floor":11},{"not_picked":["Faith","Suppress","WillOfThePrescript","MultiBlock","DesperateStruggle","PreemptiveStrike","TimeForALittleTest","ExtremeEdge","Cruelty","Feast"],"picked":"SKIP","floor":13},{"not_picked":["LeRegole","SunsetBlade","SmokingPipe","HiddenBlade","Ripple+1","WillBeTasty","EmotionalTurbulence","HandleRequest","Thrust","GuidanceOfTheGears"],"picked":"SKIP","floor":18},{"not_picked":["SuppressingShot","RatsGuideToSurvival","WillOfThePrescript","FleetEdge","Reload","ClassAndRespect+1","DeepDrag","DefenseOrder","CumulusWall","TrimTheIngredients"],"picked":"SKIP","floor":22},{"not_picked":["ToWhereThePrescriptPoints+1","DimensionalRift","SmokingPipe","SparkingSpear","DarkCloud+1","EnergyShield","FrontalAssault","Endure","SuppressingShot","HiddenBlade"],"picked":"SKIP","floor":25},{"not_picked":["Unlock1","Reload","AsThePrescriptOrders","StrongStrike","GaleKick","Rewind","HandleRequest+1","MultiBlock","HighKick"],"picked":"UndertakePrescript","floor":28},{"not_picked":["DesperateStruggle","Punishment","FlashingStrike","MultiBlock","DarkCloud","HighKick","DefenseOrder","FlowOfTheSword","SharpSwipe","SkitterAway"],"picked":"SKIP","floor":29},{"not_picked":["FleetEdge","MultiHit+1","Multislash","HighKick","FlashingStrike","Execute_lor","Bvapour","WillOfThePrescript","Unlock1","DirtyBlow"],"picked":"SKIP","floor":31},{"not_picked":["MindPrepared+1","Fence","Faith","NightInTheBackstreets","Parry","Eliminate","TendonChords","SmokingPipe","EnergyShield","FaintMemories"],"picked":"SKIP","floor":35},{"not_picked":["Preparation","AsThePrescriptOrders","HandleRequest","HiddenBlade","HighKick","EnergyBeam","SomberProcuration","StructuralAnalysis","HighSpeedStabbing","UncannyStrike"],"picked":"SKIP","floor":39},{"not_picked":["FormingStorm","SweepTheBackstreets","Wallop_lor+1","TraceOfFumes+1","MultiHit+1","EnergyShield","Execute_lor","Outburst","SkyClearingCut","Slice_lor"],"picked":"SKIP","floor":40},{"not_picked":["FleetFootsteps+1","BoundaryOfDeath","Rewind","Standoff","Faith","HandleRequest","GuidanceOfTheGears","FocusFire","DarkCloud+1","UnavoidableGaze"],"picked":"SKIP","floor":48},{"not_picked":["Wallop_lor","SuppressingShot","BizarreAttack","Track","PreemptiveStrike","UnavoidableGaze","Reload","ElectricShock","SpearedSweep+1","SparkingSpear"],"picked":"SKIP","floor":55}],"player_experience":316176,"relics_obtained":[{"floor":1.0,"key":"Question Card"},{"floor":1.0,"key":"LetterFromLob"},{"floor":7,"key":"testmod-TurbochargingSystem"},{"floor":9,"key":"PageOfSpiderBud"},{"floor":11,"key":"Dream Catcher"},{"floor":16,"key":"ImportantClient"},{"floor":19,"key":"Red Mask"},{"floor":25,"key":"PageOfForsakenMurderer"},{"floor":29,"key":"testmod-Acrobat"},{"floor":40,"key":"Strawberry"},{"floor":42,"key":"testmod-BalancedPeriapt"},{"floor":43,"key":"PageOfWrath"},{"floor":55,"key":"PageOfTheQueenOfHatred"}],"event_choices":[{"damage_healed":0.0,"max_hp_gain":0.0,"max_hp_loss":0.0,"gold_gain":999.0,"event_name":"¶÷ÂåË¹µÄÅÌ×Ó","player_choice":"Sell","floor":2.0,"relics_lost":["testmod-Prudence"],"gold_loss":0.0,"damage_taken":0.0},{"damage_healed":0,"gold_gain":0,"player_choice":"Fought Bandits","damage_taken":0,"max_hp_gain":0,"max_hp_loss":0,"event_name":"Masked Bandits","floor":19,"gold_loss":0},{"damage_healed":0,"gold_gain":0,"player_choice":"Shed Blood","damage_taken":45,"max_hp_gain":5,"max_hp_loss":0,"event_name":"Forgotten Altar","floor":20,"gold_loss":0},{"damage_healed":0,"gold_gain":0,"player_choice":"Upgraded Two","damage_taken":0,"max_hp_gain":0,"max_hp_loss":0,"event_name":"Designer","floor":21,"gold_loss":50,"cards_upgraded":["DegradedFairy","DegradedChain"]},{"damage_healed":0,"gold_gain":0,"player_choice":"Obtained Relic","damage_taken":0,"relics_obtained":["Bag of Marbles"],"max_hp_gain":0,"max_hp_loss":0,"event_name":"Addict","floor":30,"gold_loss":85},{"cards_removed":["DegradedFairy"],"damage_healed":0,"gold_gain":0,"player_choice":"Removed Attack","damage_taken":0,"max_hp_gain":0,"max_hp_loss":0,"event_name":"Falling","floor":36,"gold_loss":0},{"damage_healed":0,"gold_gain":0,"player_choice":"Ignored","damage_taken":0,"max_hp_gain":0,"max_hp_loss":0,"event_name":"Transmorgrifier","floor":38,"gold_loss":0}],"is_beta":false,"boss_relics":[{"not_picked":["vexMod:EndlessSickness","testmod-Recursion"],"picked":"RhineSuit"},{"not_picked":["Cursed Key","ChewingGum"],"picked":"ShadowXiaoBlade"}],"items_purged_floors":[12],"is_endless":false,"potions_floor_spawned":[8,11,25,27,29,35,55],"ascension_level":16}}