{"host":"m3nvt13i50wb5dv0","time":1608133335,"event":{"mods":["2.2 Compatiblity","Act Like it!","BaseMod","Better Third Choice","Downfall","Minty Spire (QoL Compilation)","Relic Stats","Robot Space Explorer","StSLib","The Dragon Tamer","The Gatherer","The Jungle"],"gold_per_floor":[99,99,112,124,458,142,168,168,203,203,203,36,46,46,58,162,162,162,206,206,246,275,293,339,339,354,395,484,513,535,547,577,706,718,655,705,736,783,795,795],"floor_reached":39,"playtime":3857,"items_purged":["hexamod:Strike"],"score":678,"play_id":"e936765a-caf8-49f6-a4fa-9d70f9fed002","local_time":"20201216224215","is_ascension_mode":true,"campfire_choices":[{"data":"hexamod:Sear","floor":1.0,"key":"SMITH"},{"floor":10.0,"key":"REST"},{"data":"hexamod:FastForward","floor":18.0,"key":"SMITH"},{"data":"hexamod:HeatShield","floor":20.0,"key":"SMITH"},{"data":"hexamod:SearingWound","floor":25,"key":"SMITH"},{"floor":35,"key":"RECALL"}],"circlet_count":0,"master_deck":["hexamod:Strike","hexamod:Strike","hexamod:Defend+1","hexamod:Defend","hexamod:Defend","hexamod:Sear+1","hexamod:Float+1","hexamod:AdvancingGuard","hexamod:RainOfEmbers","hexamod:ThirdSeal","hexamod:Hexaguard","hexamod:FirstSeal","hexamod:ThermalTransfer+1","hexamod:ApocalypseNow","hexamod:StepThrough","hexamod:GhostOfSpireFuture","hexamod:FastForward+1","hexamod:TimeWarp","hexamod:SearingWound+1","hexamod:FourthSeal","hexamod:HeatShield+1","hexamod:CatchUp+1","hexamod:ExtraCrispy","hexamod:EmpoweringStance","hexamod:HexaLevel","hexamod:RecurringNightmare","hexamod:FifthSeal","hexamod:ApocalypticArmor","hexamod:SecondSeal","hexamod:GhostOfSpireFuture+1"],"relics":["hexamod:SpiritBrand","Old Coin","PreservedInsect","Nunchaku","Meat on the Bone","Membership Card","Runic Pyramid","CeramicFish","Regal Pillow","MawBank","Darkstone Periapt","expansioncontent:StudyCardRelic","downfall:HeartBlessingGreen","Pantograph"],"acts_visited":["Exordium","TheCity","TheBeyond"],"potions_floor_usage":[26,27,29,30,33,33,36,39,39,39],"damage_taken":[{"damage":1.0,"enemies":"Small Slimes","floor":3.0,"turns":3.0},{"damage":0.0,"enemies":"Cultist","floor":4.0,"turns":3.0},{"damage":26.0,"enemies":"3 Sentries","floor":5.0,"turns":11.0},{"damage":0.0,"enemies":"downfall:FleeingMerchant","floor":6.0,"turns":4.0},{"damage":0.0,"enemies":"Gremlin Nob","floor":9.0,"turns":3.0},{"damage":4.0,"enemies":"downfall:FleeingMerchant","floor":12.0,"turns":4.0},{"damage":1.0,"enemies":"Jaw Worm","floor":13.0,"turns":3.0},{"damage":5.0,"enemies":"Exordium Thugs","floor":15.0,"turns":5.0},{"damage":8.0,"enemies":"downfall:Watcher","floor":16.0,"turns":9.0},{"damage":11.0,"enemies":"Slavers","floor":19.0,"turns":6.0},{"damage":24.0,"enemies":"Gremlin Leader","floor":21.0,"turns":7.0},{"damage":2,"enemies":"Chosen","floor":22,"turns":6},{"damage":13,"enemies":"Sentry and Sphere","floor":26,"turns":7},{"damage":9,"enemies":"Book of Stabbing","floor":27,"turns":6},{"damage":7,"enemies":"Snake Plant","floor":29,"turns":5},{"damage":10,"enemies":"Shelled Parasite and Fungi","floor":30,"turns":6},{"damage":26,"enemies":"Cultist and Chosen","floor":32,"turns":5},{"damage":37,"enemies":"downfall:Silent","floor":33,"turns":10},{"damage":15,"enemies":"Nemesis","floor":36,"turns":5},{"damage":17,"enemies":"Orb Walker","floor":37,"turns":4},{"damage":36,"enemies":"3 Shapes","floor":38,"turns":5},{"damage":33,"enemies":"2 Orb Walkers","floor":39,"turns":3}],"seed_played":"-6154389854949200694","potions_obtained":[{"floor":9.0,"key":"SmokeBomb"},{"floor":13.0,"key":"GamblersBrew"},{"floor":15.0,"key":"Weak Potion"},{"floor":16.0,"key":"Weak Potion"},{"floor":19.0,"key":"hexamod:EctoCoolerPotion"},{"floor":21.0,"key":"GamblersBrew"},{"floor":21.0,"key":"SpeedPotion"},{"floor":22,"key":"Regen Potion"},{"floor":26,"key":"Block Potion"},{"floor":27,"key":"Regen Potion"},{"floor":29,"key":"LiquidBronze"},{"floor":30,"key":"Energy Potion"},{"floor":32,"key":"hexamod:EctoCoolerPotion"},{"floor":33,"key":"hexamod:DoubleChargePotion"},{"floor":33,"key":"LiquidBronze"},{"floor":38,"key":"Fire Potion"},{"floor":38,"key":"Fire Potion"}],"is_trial":false,"path_per_floor":["R","?","M","M","E","$","T","?","E","R","?","$","M","?","M","B",null,"R","E","R","E","M","?","T","R","M","E","T","M","M","?","M","B",null,"R","E","M","M","?"],"character_chosen":"THE_SPIRIT","items_purchased":["PreservedInsect","DistilledChaos","Membership Card"],"campfire_rested":1,"item_purchase_floors":[6,6,12],"current_hp_per_floor":[63,63,62,62,36,36,36,29,29,50,50,53,59,64,59,51,69,69,58,58,53,58,58,58,58,52,50,50,55,66,66,40,15,60,60,45,47,30,0,0],"gold":795,"neow_bonus":"UPGRADE_CARD","is_daily":false,"chose_seed":false,"campfire_upgraded":4,"win_rate":0.0,"timestamp":1608133335,"path_taken":["R","?","M","M","E","?","T","?","E","R","?","$","?","?","M","BOSS","R","E","R","E","M","?","T","R","M","E","?","M","M","?","M","BOSS","R","E","M","M","?"],"items_purchased_type":["Relic","Potion","Relic"],"build_version":"2020-12-13","purchased_purges":1,"victory":false,"max_hp_per_floor":[70,70,70,70,70,70,70,70,70,70,70,70,70,75,75,75,75,75,75,75,75,75,75,75,75,75,75,75,75,75,75,75,75,75,75,75,75,75,75,75],"relic_stats":{"Darkstone Periapt":0,"Nunchaku":[16],"Regal Pillow":0,"counters":[22,120],"CeramicFish":90,"Pantograph":0,"PreservedInsect":233,"MawBank":144,"obtain_stats":[{"Darkstone Periapt":28,"Regal Pillow":24,"CeramicFish":19,"downfall:HeartBlessingGreen":35,"PreservedInsect":6,"expansioncontent:StudyCardRelic":34,"MawBank":27,"Old Coin":5,"Nunchaku":7,"Pantograph":36,"Membership Card":12,"hexamod:SpiritBrand":0,"Meat on the Bone":9,"Runic Pyramid":17},{"Darkstone Periapt":14,"Regal Pillow":12,"CeramicFish":10,"downfall:HeartBlessingGreen":18,"PreservedInsect":4,"expansioncontent:StudyCardRelic":18,"MawBank":14,"Old Coin":3,"Nunchaku":4,"Pantograph":19,"Membership Card":6,"hexamod:SpiritBrand":0,"Meat on the Bone":5,"Runic Pyramid":9},{"Darkstone Periapt":77,"Regal Pillow":64,"CeramicFish":51,"downfall:HeartBlessingGreen":103,"PreservedInsect":21,"expansioncontent:StudyCardRelic":103,"MawBank":77,"Old Coin":17,"Nunchaku":21,"Pantograph":108,"Membership Card":28,"hexamod:SpiritBrand":0,"Meat on the Bone":24,"Runic Pyramid":45}],"Meat on the Bone":48},"card_choices":[{"not_picked":["hexamod:NightmareStrike","hexamod:SpectralSpark"],"picked":"hexamod:AdvancingGuard","floor":3.0},{"not_picked":["hexamod:GhostOfSpirePresent","hexamod:FlamesFromBeyond"],"picked":"hexamod:RainOfEmbers","floor":4.0},{"not_picked":["hexamod:ShieldOfDarkness","hexamod:RecurringNightmare"],"picked":"hexamod:ThirdSeal","floor":5.0},{"not_picked":["hexamod:NightmareGuise","hexamod:AdvancingGuard"],"picked":"hexamod:Hexaguard","floor":6.0},{"not_picked":["hexamod:SecondSeal","hexamod:HauntingEcho"],"picked":"hexamod:ThermalTransfer","floor":9.0},{"not_picked":["hexamod:Rewind","hexamod:HauntingEcho"],"picked":"hexamod:ApocalypseNow","floor":12.0},{"not_picked":["hexamod:GhostLash","hexamod:NightmareGuise"],"picked":"hexamod:StepThrough","floor":13.0},{"not_picked":["hexamod:NightmareStrike","hexamod:GhostShield","hexamod:RainOfEmbers"],"picked":"SKIP","floor":13.0},{"not_picked":["hexamod:StepThrough","hexamod:InspiringFlames"],"picked":"hexamod:GhostOfSpireFuture","floor":15.0},{"not_picked":["hexamod:AdvancingGuard","hexamod:SpectralSpark"],"picked":"hexamod:FastForward","floor":15.0},{"not_picked":["hexamod:FifthSeal","hexamod:HexaLevel"],"picked":"hexamod:TimeWarp","floor":16.0},{"not_picked":["hexamod:GiftsFromTheDead","hexamod:UnleashSpirits"],"picked":"hexamod:SearingWound","floor":16.0},{"not_picked":["hexamod:PowerFromBeyond+1","hexamod:DynamicBlow+1"],"picked":"hexamod:FourthSeal","floor":19.0},{"not_picked":["hexamod:Hexaguard","hexamod:RetreatToShadows"],"picked":"hexamod:HeatShield","floor":19.0},{"not_picked":["hexamod:Again+1","hexamod:SwordOfDarkness"],"picked":"hexamod:CatchUp+1","floor":21.0},{"not_picked":["hexamod:FourthSeal","hexamod:ChargedBarrage"],"picked":"hexamod:ExtraCrispy","floor":22},{"not_picked":["hexamod:RainOfEmbers","hexamod:HauntingEcho","hexamod:ThirdSeal"],"picked":"SKIP","floor":26},{"not_picked":["hexamod:FlamesFromBeyond","hexamod:GhostShield","hexamod:BurningTouch+1"],"picked":"SKIP","floor":26},{"not_picked":["hexamod:InspiringFlames","hexamod:PowerFromBeyond"],"picked":"hexamod:RecurringNightmare","floor":27},{"not_picked":["hexamod:AdvancingGuard","hexamod:SpectersWail","hexamod:TurnItUp"],"picked":"SKIP","floor":27},{"not_picked":["hexamod:Hexaguard","hexamod:GhostShield+1","hexamod:RadiantFlame+1"],"picked":"SKIP","floor":29},{"not_picked":["hexamod:SpectersWail","hexamod:AdvancingGuard","hexamod:DynamicBlow"],"picked":"SKIP","floor":30},{"not_picked":["hexamod:NightmareStrike","hexamod:Firestarter","hexamod:Toasty"],"picked":"SKIP","floor":30},{"not_picked":["hexamod:DynamicBlow","hexamod:FlamesFromBeyond","hexamod:RadiantFlame+1"],"picked":"SKIP","floor":32},{"not_picked":["hexamod:InspiringFlames","hexamod:AdvancingGuard","hexamod:GhostShield+1"],"picked":"SKIP","floor":32},{"not_picked":["hexamod:SearingWound","hexamod:ApocalypseNow"],"picked":"hexamod:FifthSeal","floor":33},{"not_picked":["hexamod:ParanormalForm","hexamod:WildfireWeapon"],"picked":"hexamod:ApocalypticArmor","floor":33},{"not_picked":["hexamod:FifthSeal","hexamod:FirstSeal"],"picked":"hexamod:SecondSeal","floor":36},{"not_picked":["hexamod:SwordOfDarkness","hexamod:InspiringFlames","hexamod:NecessarySacrifice"],"picked":"SKIP","floor":36},{"not_picked":["hexamod:StepThrough+1","hexamod:NightmareGuise","hexamod:EtherealExpedition"],"picked":"SKIP","floor":36},{"not_picked":["hexamod:GhostLash","hexamod:SuperheatedStrike","hexamod:SwordOfDarkness+1"],"picked":"SKIP","floor":37},{"not_picked":["hexamod:PowerFromBeyond+1","hexamod:BacktrackSmack+1","hexamod:SwordOfDarkness+1"],"picked":"SKIP","floor":37},{"not_picked":["hexamod:Again","hexamod:GhostOfSpireFuture+1","hexamod:ParanormalForm"],"picked":"SKIP","floor":38},{"not_picked":["hexamod:Again","hexamod:ParanormalForm"],"picked":"hexamod:GhostOfSpireFuture+1","floor":38}],"player_experience":1354067,"relics_obtained":[{"floor":5.0,"key":"Old Coin"},{"floor":7.0,"key":"Nunchaku"},{"floor":9.0,"key":"Meat on the Bone"},{"floor":19.0,"key":"CeramicFish"},{"floor":24,"key":"Regal Pillow"},{"floor":27,"key":"MawBank"},{"floor":28,"key":"Darkstone Periapt"},{"floor":36,"key":"Pantograph"}],"event_choices":[{"damage_healed":0.0,"max_hp_gain":0.0,"max_hp_loss":0.0,"gold_gain":0.0,"event_name":"Accursed Blacksmith","player_choice":"Forge","floor":2.0,"gold_loss":0.0,"damage_taken":0.0,"cards_upgraded":["hexamod:Defend"]},{"damage_healed":0.0,"max_hp_gain":0.0,"max_hp_loss":0.0,"gold_gain":0.0,"event_name":"Upgrade Shrine","player_choice":"Upgraded","floor":11.0,"gold_loss":0.0,"damage_taken":0.0,"cards_upgraded":["hexamod:ThermalTransfer"]},{"damage_healed":0.0,"max_hp_gain":5.0,"max_hp_loss":0.0,"gold_gain":0.0,"event_name":"Big Fish","player_choice":"Donut","floor":14.0,"gold_loss":0.0,"damage_taken":0.0},{"damage_healed":0,"gold_gain":0,"cards_transformed":["hexamod:Strike","hexamod:Defend"],"player_choice":"Became Test Subject","damage_taken":0,"max_hp_gain":0,"max_hp_loss":0,"event_name":"Drug Dealer","floor":23,"gold_loss":0,"cards_obtained":["hexamod:EmpoweringStance","hexamod:HexaLevel"]},{"damage_healed":0,"gold_gain":0,"player_choice":"Ignored","damage_taken":0,"max_hp_gain":0,"max_hp_loss":0,"event_name":"Vampires","floor":31,"gold_loss":0},{"damage_healed":0,"gold_gain":0,"player_choice":"Fight","damage_taken":0,"max_hp_gain":0,"max_hp_loss":0,"event_name":"Mysterious Sphere","floor":39,"gold_loss":0}],"is_beta":false,"boss_relics":[{"not_picked":["SlaversCollar","SacredBark"],"picked":"Runic Pyramid"},{"not_picked":["Busted Crown","Velvet Choker"],"picked":"expansioncontent:StudyCardRelic"}],"items_purged_floors":[6],"is_endless":false,"potions_floor_spawned":[9,13,15,16,19,21,30,32,33,38],"killed_by":"2 Orb Walkers","ascension_level":6}}