{"host":"qw1m3zcvi888b4j7","time":1608157949,"event":{"mods":["BaseMod","Block Reminder","Colored Map","Colored Powertips","DeckTracker","Highlight Path","Hubris","Minty Spire (QoL Compilation)","Quick Restart","Rare Cards Sparkle","Relic Sorter","Relic Stats","Replay The Spire","StSLib","The Blue Laboratory","The Cursed"],"gold_per_floor":[109,127,143,161,18,53,53,53,80,80,113,113,113,126,126,224,224,242,23,23,33,47,47,75,75,101,128,146,146,174,189,189,286,286,304,24,37,37,49,49,49,49],"floor_reached":41,"playtime":3980,"items_purged":["Amnesia"],"score":1023,"play_id":"febfd0e2-aa0e-4ece-bddc-6d7a58c2925e","local_time":"20201216233229","is_ascension_mode":true,"campfire_choices":[{"floor":7,"key":"REST"},{"floor":10,"key":"RECALL"},{"floor":13,"key":"REST"},{"data":"Zap","floor":15,"key":"SMITH"},{"floor":23,"key":"REST"},{"floor":29,"key":"REST"},{"data":"hubris:PowerSurge","floor":32,"key":"SMITH"},{"floor":40,"key":"DIG"}],"circlet_count":0,"master_deck":["Strike_B","Strike_B","Strike_B","Strike_B","Defend_B","Defend_B","Defend_B","Defend_B","Zap+1","Dualcast","Redo","Skim","Auto Shields","Fission","Time Bomb","FTL","Sweeping Beam","Mirror Shield","Genetic Algorithm+1","ReplayTheSpireMod:IOU","ReplayTheSpireMod:IOU","ReplayTheSpireMod:IOU","ReplayTheSpireMod:IOU","Fusion","Self Repair","Compile Driver","ReplayTheSpireMod:IOU","hubris:DoWhile","ReplayTheSpireMod:IOU","hubris:Ukulele","Impatience","J.A.X.","Cold Snap","hubris:PowerSurge+1","Loop","Gash","Gash+1","Mirror Shield","Beam Cell","Electrodynamics","CurseOfTheBell","Ball Lightning+1","ReplayTheSpireMod:IOU","ReplayTheSpireMod:IOU","HandOfGreed","ReplayTheSpireMod:IOU","Defragment","ReplayTheSpireMod:IOU","ReplayTheSpireMod:Calculation Training+1","ReplayTheSpireMod:IOU","Barrage","Cold Snap+1","Madness","Madness","Tempest"],"relics":["Cracked Core","Replay:Wax Seal","NeowsBlessing","Replay:Rubber Ducky","ReplayFunnel","hubris:Towel","Blood Vial","Vajra","Black Star","ReplayTheSpireMod:CursedCoin","Replay:WaspNest","Oddly Smooth Stone","hubris:PeanutButter","hubris:Metronome","Ring of Shattering","Ring of Panic","Boot","Bronze Scales","Toy Ornithopter","ReplayTheSpireMod:TigerMarble","Calling Bell","hubris:TenFootPole","Shuriken","Replay:Multitool","CaptainsWheel","InkBottle"],"acts_visited":["Exordium","TheCity","TheBeyond"],"potions_floor_usage":[6,16,24,24,33,33],"damage_taken":[{"damage":0,"enemies":"Cultist","floor":1,"turns":1},{"damage":0,"enemies":"Jaw Worm","floor":2,"turns":1},{"damage":0,"enemies":"2 Louse","floor":3,"turns":1},{"damage":7,"enemies":"2 Fungi Beasts","floor":4,"turns":3},{"damage":40,"enemies":"Gremlin Nob","floor":6,"turns":5},{"damage":18,"enemies":"Lagavulin","floor":11,"turns":8},{"damage":5,"enemies":"3 Louse","floor":14,"turns":4},{"damage":35,"enemies":"Hexaghost","floor":16,"turns":8},{"damage":13,"enemies":"Shell Parasite","floor":18,"turns":9},{"damage":23,"enemies":"Chosen","floor":21,"turns":5},{"damage":16,"enemies":"Snecko","floor":22,"turns":6},{"damage":108,"enemies":"Gremlin Leader","floor":24,"turns":11},{"damage":5,"enemies":"Replay:Snechameleon","floor":27,"turns":6},{"damage":0,"enemies":"Centurion and Healer","floor":28,"turns":8},{"damage":0,"enemies":"Book of Stabbing","floor":30,"turns":6},{"damage":0,"enemies":"3 Cultists","floor":31,"turns":5},{"damage":7,"enemies":"Pondfish","floor":33,"turns":18},{"damage":10,"enemies":"3 Darklings","floor":35,"turns":6},{"damage":5,"enemies":"3 Shapes","floor":37,"turns":4},{"damage":24,"enemies":"Spire Growth","floor":39,"turns":7},{"damage":104,"enemies":"Reptomancer","floor":41,"turns":6}],"seed_played":"936736790507765195","potions_obtained":[{"floor":4,"key":"blueLaboratory:HorrorPotion"},{"floor":11,"key":"BlessingOfTheForge"},{"floor":16,"key":"blueLaboratory:PyrophylliteBrew"},{"floor":21,"key":"blueLaboratory:ForbiddenFruitJuice"},{"floor":22,"key":"blueLaboratory:SystemWipe"},{"floor":27,"key":"Flashbang"},{"floor":30,"key":"blueLaboratory:StoneskinPotion"},{"floor":33,"key":"blueLaboratory:HorrorPotion"}],"is_trial":false,"path_per_floor":["M","M","M","M","$","E","R","?","T","R","E","?","R","M","R","B",null,"M","$","?","M","M","R","E","?","T","E","M","R","E","M","R","B",null,"M","$","M","?","M","R","E"],"character_chosen":"DEFECT","items_purchased":["Replay:Rubber Ducky","ReplayTheSpireMod:CursedCoin","Replay:WaspNest","Oddly Smooth Stone","Fusion","Self Repair","Compile Driver","hubris:DoWhile","hubris:Ukulele","Impatience","CaptainsWheel","HandOfGreed","Defragment","ReplayTheSpireMod:Calculation Training+1","Barrage","FairyPotion"],"campfire_rested":4,"item_purchase_floors":[5,19,19,19,19,19,19,19,19,19,36,36,36,36,36,36],"current_hp_per_floor":[75,75,75,68,68,28,50,50,50,50,34,27,49,46,46,13,75,62,62,62,41,34,56,15,15,15,19,28,47,56,65,65,65,65,62,62,65,61,39,39,0,0],"gold":49,"neow_bonus":"THREE_ENEMY_KILL","is_daily":false,"chose_seed":false,"campfire_upgraded":2,"win_rate":0.0,"timestamp":1608157949,"path_taken":["M","M","M","?","$","E","R","?","T","R","E","?","R","M","R","BOSS","M","$","?","M","M","R","E","?","T","E","M","R","E","M","R","BOSS","M","$","M","?","M","R","E"],"items_purchased_type":["Relic","Relic","Relic","Relic","Card","Card","Card","Card","Card","Card","Relic","Card","Card","Card","Card","Potion"],"build_version":"2020-12-13","purchased_purges":1,"victory":false,"max_hp_per_floor":[75,75,75,75,75,75,75,75,75,75,75,75,75,75,75,75,75,75,75,75,75,75,75,65,65,65,65,65,65,65,65,65,65,65,65,65,65,65,65,65,65,65],"relic_stats":{"Blood Vial":26,"counters":[21,128],"Shuriken":[2],"Bronze Scales":[227],"Black Star":3,"Boot":[4],"obtain_stats":[{"ReplayFunnel":6,"hubris:Metronome":24,"Vajra":12,"Replay:Multitool":34,"Boot":27,"Replay:Rubber Ducky":5,"Blood Vial":9,"Ring of Shattering":25,"Replay:Wax Seal":11,"Ring of Panic":25,"Cracked Core":0,"InkBottle":40,"NeowsBlessing":0,"ReplayTheSpireMod:CursedCoin":19,"Oddly Smooth Stone":19,"Replay:WaspNest":19,"hubris:Towel":8,"Calling Bell":34,"CaptainsWheel":36,"Shuriken":34,"Bronze Scales":27,"hubris:PeanutButter":24,"Black Star":17,"ReplayTheSpireMod:TigerMarble":30,"hubris:TenFootPole":34,"Toy Ornithopter":30},{"ReplayFunnel":5,"hubris:Metronome":12,"Vajra":6,"Replay:Multitool":17,"Boot":13,"Replay:Rubber Ducky":4,"Blood Vial":5,"Ring of Shattering":12,"Replay:Wax Seal":6,"Ring of Panic":12,"Cracked Core":0,"InkBottle":20,"NeowsBlessing":0,"ReplayTheSpireMod:CursedCoin":9,"Oddly Smooth Stone":9,"Replay:WaspNest":9,"hubris:Towel":5,"Calling Bell":17,"CaptainsWheel":18,"Shuriken":17,"Bronze Scales":13,"hubris:PeanutButter":12,"Black Star":8,"ReplayTheSpireMod:TigerMarble":15,"hubris:TenFootPole":17,"Toy Ornithopter":15},{"ReplayFunnel":11,"hubris:Metronome":62,"Vajra":19,"Replay:Multitool":105,"Boot":68,"Replay:Rubber Ducky":6,"Blood Vial":11,"Ring of Shattering":62,"Replay:Wax Seal":19,"Ring of Panic":62,"Cracked Core":0,"InkBottle":122,"NeowsBlessing":0,"ReplayTheSpireMod:CursedCoin":40,"Oddly Smooth Stone":40,"Replay:WaspNest":40,"hubris:Towel":11,"Calling Bell":105,"CaptainsWheel":111,"Shuriken":105,"Bronze Scales":68,"hubris:PeanutButter":62,"Black Star":31,"ReplayTheSpireMod:TigerMarble":82,"hubris:TenFootPole":105,"Toy Ornithopter":82}],"Toy Ornithopter":0,"InkBottle":[1]},"card_choices":[{"not_picked":["Steam","Barrage"],"picked":"Redo","floor":1},{"not_picked":["Streamline","Undo"],"picked":"Skim","floor":2},{"not_picked":["Leap","Barrage"],"picked":"Auto Shields","floor":3},{"not_picked":["Streamline","Gash"],"picked":"Fission","floor":4},{"not_picked":["Recycle","Beam Cell"],"picked":"Time Bomb","floor":6},{"not_picked":["Capacitor","Cold Snap"],"picked":"FTL","floor":11},{"not_picked":["Double Energy","Leap"],"picked":"Sweeping Beam","floor":14},{"not_picked":["Hyperbeam","Creative AI"],"picked":"Mirror Shield","floor":16},{"not_picked":["Turbo+1","ReplayTheSpireMod:System Scan"],"picked":"Genetic Algorithm+1","floor":18},{"not_picked":["Barrage","Beam Cell"],"picked":"Cold Snap","floor":21},{"not_picked":["Redo+1","Sweeping Beam"],"picked":"hubris:PowerSurge","floor":22},{"not_picked":["Conserve Battery","Chaos+1"],"picked":"Loop","floor":24},{"not_picked":["Doom and Gloom","Coolheaded+1"],"picked":"Gash","floor":27},{"not_picked":["ReplayTheSpireMod:Repulse","Coolheaded+1"],"picked":"Gash+1","floor":28},{"not_picked":["Leap","Steam"],"picked":"Mirror Shield","floor":30},{"not_picked":["Hologram+1","Coolheaded+1"],"picked":"Beam Cell","floor":31},{"not_picked":["Fission","Seek"],"picked":"Electrodynamics","floor":33},{"not_picked":["Beam Cell+1","Hologram+1"],"picked":"Ball Lightning+1","floor":35},{"not_picked":["Leap","Compile Driver"],"picked":"Cold Snap+1","floor":37},{"not_picked":["Capacitor","Hologram+1"],"picked":"Tempest","floor":39}],"player_experience":97707,"relics_obtained":[{"floor":6,"key":"ReplayFunnel"},{"floor":9,"key":"Blood Vial"},{"floor":11,"key":"Replay:Wax Seal"},{"floor":24,"key":"hubris:PeanutButter"},{"floor":24,"key":"hubris:Metronome"},{"floor":25,"key":"Ring of Shattering"},{"floor":25,"key":"Ring of Panic"},{"floor":27,"key":"Boot"},{"floor":27,"key":"Bronze Scales"},{"floor":30,"key":"Toy Ornithopter"},{"floor":30,"key":"ReplayTheSpireMod:TigerMarble"},{"floor":34,"key":"hubris:TenFootPole"},{"floor":34,"key":"Shuriken"},{"floor":34,"key":"Replay:Multitool"},{"floor":40,"key":"InkBottle"}],"event_choices":[{"damage_healed":0,"gold_gain":0,"player_choice":"Success","damage_taken":7,"relics_obtained":["Vajra"],"max_hp_gain":0,"max_hp_loss":0,"event_name":"Scrap Ooze","floor":12,"gold_loss":0},{"damage_healed":0,"gold_gain":0,"player_choice":"Obtain J.A.X.","damage_taken":0,"max_hp_gain":0,"max_hp_loss":0,"event_name":"Drug Dealer","floor":20,"gold_loss":0,"cards_obtained":["J.A.X."]},{"damage_healed":0,"gold_gain":0,"player_choice":"Embrace Madness","damage_taken":8,"max_hp_gain":0,"max_hp_loss":0,"event_name":"Winding Halls","floor":38,"gold_loss":0,"cards_obtained":["Madness","Madness"]}],"is_beta":false,"boss_relics":[{"not_picked":["Ectoplasm","hubris:Stopwatch"],"picked":"Black Star"},{"not_picked":["Velvet Choker","Coffee Dripper"],"picked":"Calling Bell"}],"items_purged_floors":[19],"is_endless":false,"potions_floor_spawned":[4,11,16,21,22,27,30,33,39],"killed_by":"Reptomancer","ascension_level":1}}