{"host":"b6iqmq74l2bwzb3l","time":1608107596,"event":{"mods":["Astrologer","BaseMod","Colored Map","Colored Powertips","Googly Eyes","MarisaÅiñ∂âJÅ@ñÇóùçπÅj","Minty Spire (QoL Compilation)","Quick Restart","StSLib","The Cursed"],"gold_per_floor":[114,126,126,126,47,47,91,91,145,161,161,39,102,123,123,242,242,261,284,184,207,230,266,266,284,284,90,115,115,128,142,142,272,272,292,355,205,261,86,127,148,148,148,172,172,197,197,213,213,213,213],"floor_reached":50,"playtime":1366,"items_purged":["Normality","Strike_G","Normality","Defend_G","Defend_G"],"score":544,"play_id":"473e8272-f50f-478a-91c0-09de896f2cc6","local_time":"20201216173316","is_ascension_mode":false,"campfire_choices":[{"data":"Infinite Blades","floor":6,"key":"SMITH"},{"data":"Accuracy","floor":8,"key":"SMITH"},{"data":"Cloak And Dagger","floor":11,"key":"SMITH"},{"data":"Blade Dance","floor":15,"key":"SMITH"},{"data":"Cloak And Dagger","floor":24,"key":"SMITH"},{"data":"Cloak And Dagger","floor":32,"key":"SMITH"},{"data":"Tools of the Trade","floor":49,"key":"SMITH"}],"circlet_count":0,"master_deck":["Defend_G","Defend_G","Defend_G","Survivor","Neutralize","Endless Agony","Accuracy+1","Infinite Blades+1","Adrenaline","Cloak And Dagger+1","Blade Dance+1","Tools of the Trade+1","Cloak And Dagger+1","Footwork","Blade Dance","Accuracy","Cloak And Dagger+1","A Thousand Cuts","Heel Hook+1","Escape Plan+1","Distraction+1","Cloak And Dagger+1","Adrenaline","Decay","Blade Dance+1"],"relics":["Cursed Key","Question Card","Golden Idol","Vajra","Blood Vial","Girya","WristBlade","Regal Pillow","Bottled Lightning","Astrolabe","Thread and Needle","CatCart","Bronze Scales","StrikeDummy"],"acts_visited":["Exordium","TheCity","TheBeyond"],"potions_floor_usage":[16,23,23,30,33,33,40,50],"damage_taken":[{"damage":0,"enemies":"Small Slimes","floor":1,"turns":4},{"damage":0,"enemies":"2 Louse","floor":2,"turns":2},{"damage":12,"enemies":"Lagavulin","floor":7,"turns":7},{"damage":1,"enemies":"Jaw Worm","floor":10,"turns":4},{"damage":16,"enemies":"Gremlin Nob","floor":13,"turns":4},{"damage":0,"enemies":"3 Louse","floor":14,"turns":2},{"damage":14,"enemies":"Hexaghost","floor":16,"turns":6},{"damage":0,"enemies":"Spheric Guardian","floor":18,"turns":3},{"damage":0,"enemies":"Chosen","floor":19,"turns":3},{"damage":0,"enemies":"Centurion and Healer","floor":21,"turns":3},{"damage":11,"enemies":"Shelled Parasite and Fungi","floor":22,"turns":4},{"damage":7,"enemies":"Gremlin Leader","floor":23,"turns":4},{"damage":2,"enemies":"Sentry and Sphere","floor":25,"turns":3},{"damage":0,"enemies":"Centurion and Healer","floor":28,"turns":3},{"damage":16,"enemies":"Snake Plant","floor":30,"turns":2},{"damage":0,"enemies":"3 Cultists","floor":31,"turns":3},{"damage":21,"enemies":"Collector","floor":33,"turns":5},{"damage":32,"enemies":"3 Darklings","floor":35,"turns":3},{"damage":0,"enemies":"Mind Bloom Boss Battle","floor":36,"turns":3},{"damage":0,"enemies":"Orin","floor":38,"turns":6},{"damage":0,"enemies":"Giant Head","floor":40,"turns":4},{"damage":0,"enemies":"Orb Walker","floor":41,"turns":2},{"damage":4,"enemies":"Spire Growth","floor":44,"turns":3},{"damage":0,"enemies":"Transient","floor":46,"turns":5},{"damage":2,"enemies":"4 Shapes","floor":48,"turns":3},{"damage":133,"enemies":"Time Eater","floor":50,"turns":8}],"seed_played":"529269332228287025","potions_obtained":[{"floor":7,"key":"Dexterity Potion"},{"floor":10,"key":"Regen Potion"},{"floor":13,"key":"Poison Potion"},{"floor":22,"key":"EssenceOfSteel"},{"floor":25,"key":"SkillPotion"},{"floor":28,"key":"Fire Potion"},{"floor":38,"key":"DuplicationPotion"},{"floor":41,"key":"LiquidBronze"}],"is_trial":false,"path_per_floor":["M","M","?","?","$","R","E","R","T","M","R","$","?","M","R","B",null,"M","M","$","M","M","E","R","M","T","$","M","?","M","M","R","B",null,"M","?","$","?","$","E","M","?","T","M","$","M","?","M","R","B"],"character_chosen":"THE_SILENT","items_purchased":["Infinite Blades","Blade Dance","Accuracy"],"campfire_rested":0,"item_purchase_floors":[5,12,27],"current_hp_per_floor":[70,70,63,63,63,63,51,51,51,52,52,52,38,40,40,28,65,65,65,65,65,54,61,61,61,61,61,63,63,49,51,51,32,65,33,35,35,37,37,39,41,41,41,39,39,41,57,55,55,0,0],"gold":213,"neow_bonus":"BOSS_RELIC","is_daily":false,"chose_seed":false,"campfire_upgraded":7,"win_rate":0.0,"timestamp":1608107596,"path_taken":["M","M","?","?","$","R","E","R","T","M","R","$","?","M","R","BOSS","M","M","$","M","M","E","R","M","T","$","M","?","M","M","R","BOSS","M","?","$","?","?","E","M","?","T","?","$","M","?","M","R","BOSS"],"items_purchased_type":["Card","Card","Card"],"build_version":"2020-12-13","purchased_purges":5,"victory":false,"max_hp_per_floor":[70,70,70,65,65,65,65,65,65,65,65,65,65,65,65,65,65,65,65,65,65,65,65,65,65,65,65,65,65,65,65,65,65,65,65,65,65,65,65,65,65,65,65,65,65,65,57,57,57,57,57],"card_choices":[{"not_picked":["Deflect","Sucker Punch"],"picked":"Endless Agony","floor":1},{"not_picked":["Concentrate","Poisoned Stab"],"picked":"Accuracy","floor":2},{"not_picked":["Dodge and Roll","Well Laid Plans","Prepared"],"picked":"Adrenaline","floor":7},{"not_picked":["Footwork","Choke","Outmaneuver"],"picked":"Cloak And Dagger","floor":10},{"not_picked":["Deadly Poison","Backflip","Bane","Outmaneuver"],"picked":"SKIP","floor":14},{"not_picked":["Night Terror","Wraith Form v2","Malaise"],"picked":"Tools of the Trade","floor":16},{"not_picked":["Prepared","Deadly Poison+1","Sucker Punch","Dagger Spray+1"],"picked":"SKIP","floor":18},{"not_picked":["Dagger Spray","Poisoned Stab","Dodge and Roll+1"],"picked":"Cloak And Dagger","floor":19},{"not_picked":["Finisher","Flying Knee","Choke"],"picked":"Footwork","floor":21},{"not_picked":["Reflex","Outmaneuver+1","Tactician+1"],"picked":"Blade Dance","floor":22},{"not_picked":["Finisher+1","Wraith Form v2","Predator","Sucker Punch+1"],"picked":"SKIP","floor":23},{"not_picked":["Prepared","Outmaneuver+1","Heel Hook","Backflip"],"picked":"SKIP","floor":25},{"not_picked":["Quick Slash+1","Dagger Throw","Unload","Choke"],"picked":"SKIP","floor":28},{"not_picked":["Escape Plan+1","Leg Sweep","Well Laid Plans","Bane"],"picked":"SKIP","floor":30},{"not_picked":["Sucker Punch","Flying Knee","Doppelganger"],"picked":"Cloak And Dagger","floor":31},{"not_picked":["Bullet Time","Tools of the Trade","Phantasmal Killer"],"picked":"A Thousand Cuts","floor":33},{"not_picked":["Distraction","Tactician","Expertise","Masterful Stab+1"],"picked":"SKIP","floor":35},{"not_picked":["Sucker Punch+1","Bane","Outmaneuver"],"picked":"Cloak And Dagger+1","floor":36},{"not_picked":["Skewer+1","Setup","Calculated Gamble","Die Die Die"],"picked":"SKIP","floor":40},{"not_picked":["Prepared","Sucker Punch+1","Poisoned Stab+1","Dodge and Roll+1"],"picked":"SKIP","floor":41},{"not_picked":["Slice","Calculated Gamble+1","Concentrate+1","Quick Slash+1"],"picked":"SKIP","floor":44},{"not_picked":["Crippling Poison+1","Distraction","Underhanded Strike","All Out Attack+1"],"picked":"SKIP","floor":46},{"not_picked":["Accuracy","Crippling Poison","Grand Finale"],"picked":"Blade Dance+1","floor":48}],"player_experience":311960,"relics_obtained":[{"floor":7,"key":"Vajra"},{"floor":9,"key":"Blood Vial"},{"floor":13,"key":"Girya"},{"floor":23,"key":"Regal Pillow"},{"floor":26,"key":"Bottled Lightning"},{"floor":36,"key":"Thread and Needle"},{"floor":38,"key":"CatCart"},{"floor":40,"key":"Bronze Scales"},{"floor":43,"key":"StrikeDummy"}],"event_choices":[{"damage_healed":0,"gold_gain":0,"player_choice":"Success","damage_taken":7,"relics_obtained":["Question Card"],"max_hp_gain":0,"max_hp_loss":0,"event_name":"Scrap Ooze","floor":3,"gold_loss":0},{"damage_healed":0,"gold_gain":0,"player_choice":"Lose Max HP","damage_taken":0,"relics_obtained":["Golden Idol"],"max_hp_gain":0,"max_hp_loss":5,"event_name":"Golden Idol","floor":4,"gold_loss":0},{"damage_healed":0,"gold_gain":30,"player_choice":"Searched \u00272\u0027 times","damage_taken":0,"max_hp_gain":0,"max_hp_loss":0,"event_name":"Dead Adventurer","floor":13,"gold_loss":0},{"cards_removed":["Strike_G"],"damage_healed":0,"gold_gain":0,"player_choice":"Elegance","damage_taken":0,"max_hp_gain":0,"max_hp_loss":0,"event_name":"Back to Basics","floor":29,"gold_loss":0},{"damage_healed":0,"gold_gain":0,"player_choice":"Fight","damage_taken":0,"max_hp_gain":0,"max_hp_loss":0,"event_name":"MindBloom","floor":36,"gold_loss":0},{"damage_healed":0,"gold_gain":0,"player_choice":"Fight","damage_taken":0,"max_hp_gain":0,"max_hp_loss":0,"event_name":"OrinTheCat","floor":38,"gold_loss":0},{"damage_healed":0,"gold_gain":0,"player_choice":"Copied","damage_taken":0,"max_hp_gain":0,"max_hp_loss":0,"event_name":"Duplicator","floor":42,"gold_loss":0,"cards_obtained":["Adrenaline"]},{"damage_healed":57,"gold_gain":0,"player_choice":"Heal","damage_taken":0,"max_hp_gain":0,"max_hp_loss":8,"event_name":"The Moai Head","floor":47,"gold_loss":0}],"is_beta":false,"boss_relics":[{"not_picked":["Philosopher\u0027s Stone","SlaversCollar"],"picked":"WristBlade"},{"not_picked":["Calling Bell","Runic Dome"],"picked":"Astrolabe"}],"items_purged_floors":[12,20,27,37,39],"is_endless":false,"potions_floor_spawned":[7,10,13,22,25,28,38,41],"killed_by":"Time Eater","ascension_level":0}}