{"host":"qw1m3zcvi888b4j7","time":1608085218,"event":{"mods":["BaseMod","Block Reminder","Colored Map","Colored Powertips","DeckTracker","Highlight Path","Hubris","Minty Spire (QoL Compilation)","Quick Restart","Rare Cards Sparkle","Relic Sorter","Relic Stats","Replay The Spire","StSLib","The Blue Laboratory","The Cursed"],"gold_per_floor":[109,109,109,126,140,140,150,150,150,130,148,148,173,188,188,288,288,306,306,324,335,335,335,335],"floor_reached":23,"playtime":988,"items_purged":[],"score":212,"play_id":"fb068e87-a15d-411b-814a-9105a58e3be0","local_time":"20201216032018","is_ascension_mode":true,"campfire_choices":[{"floor":6,"key":"RECALL"},{"data":"Adrenaline","floor":8,"key":"SMITH"},{"data":"Bane","floor":12,"key":"SMITH"},{"data":"Envenom","floor":15,"key":"SMITH"}],"circlet_count":0,"master_deck":["Strike_G","Strike_G","Strike_G","Strike_G","Strike_G","Defend_G","Defend_G","Defend_G","Delirium","Catalyst","Adrenaline+1","Flying Knee","Regret","Leap","Beam Cell","Slice","Blade Dance","Leg Sweep","Bane+1","Envenom+1","Underhanded Strike","After Image","Endless Agony+1","Noxious Fumes","Cloak And Dagger","Necronomicurse"],"relics":["Ring of the Snake","Blood Vial","Eternal Feather","Garlic","Painkiller Herb","hubris:FunFungus","Necronomicon"],"acts_visited":["Exordium","TheCity"],"potions_floor_usage":[13,13,13,16,23,23,23],"damage_taken":[{"damage":3,"enemies":"Cultist","floor":1,"turns":4},{"damage":12,"enemies":"Jaw Worm","floor":4,"turns":5},{"damage":3,"enemies":"Small Slimes","floor":5,"turns":3},{"damage":9,"enemies":"Red Slaver","floor":7,"turns":3},{"damage":2,"enemies":"2 Fungi Beasts","floor":11,"turns":3},{"damage":11,"enemies":"Lagavulin","floor":13,"turns":4},{"damage":11,"enemies":"Looter","floor":14,"turns":2},{"damage":21,"enemies":"Hexaghost","floor":16,"turns":9},{"damage":31,"enemies":"2 Thieves","floor":18,"turns":4},{"damage":1,"enemies":"Shell Parasite","floor":20,"turns":4},{"damage":31,"enemies":"Centurion and Healer","floor":21,"turns":7},{"damage":8,"enemies":"Gremlin Leader","floor":23,"turns":2}],"seed_played":"-6652141105376946280","potions_obtained":[{"floor":1,"key":"Strength Potion"},{"floor":5,"key":"CunningPotion"},{"floor":10,"key":"blueLaboratory:StoneskinPotion"},{"floor":14,"key":"Weak Potion"},{"floor":16,"key":"LiquidMemories"},{"floor":20,"key":"blueLaboratory:LouseDecoction"},{"floor":21,"key":"blueLaboratory:FruitPunch"}],"is_trial":false,"path_per_floor":["M","?","?","M","M","R","M","R","T","?","M","R","E","M","R","B",null,"?","T","?","?","?","E"],"character_chosen":"THE_SILENT","items_purchased":[],"campfire_rested":0,"item_purchase_floors":[],"current_hp_per_floor":[67,67,67,57,56,56,49,49,49,49,49,58,49,40,52,33,70,39,39,41,19,3,0,0],"gold":335,"neow_bonus":"TRANSFORM_TWO_CARDS","is_daily":false,"chose_seed":false,"campfire_upgraded":3,"win_rate":0.0,"timestamp":1608085218,"path_taken":["M","?","?","M","M","R","M","R","T","?","M","R","E","M","R","BOSS","?","?","?","?","?","E"],"items_purchased_type":[],"build_version":"2020-12-13","purchased_purges":0,"victory":false,"max_hp_per_floor":[70,70,70,70,70,70,70,70,70,70,70,70,70,70,70,70,70,70,70,70,70,70,72,72],"relic_stats":{"Blood Vial":20,"counters":[12,50],"Eternal Feather":21,"Necronomicon":[1],"obtain_stats":[{"Blood Vial":2,"Eternal Feather":9,"Painkiller Herb":17,"hubris:FunFungus":19,"Garlic":13,"Necronomicon":22,"Ring of the Snake":0},{"Blood Vial":1,"Eternal Feather":4,"Painkiller Herb":8,"hubris:FunFungus":9,"Garlic":6,"Necronomicon":11,"Ring of the Snake":0},{"Blood Vial":4,"Eternal Feather":15,"Painkiller Herb":33,"hubris:FunFungus":37,"Garlic":22,"Necronomicon":48,"Ring of the Snake":0}],"Ring of the Snake":[24]},"card_choices":[{"not_picked":["Flechettes","Prepared"],"picked":"Flying Knee","floor":1},{"not_picked":["Sucker Punch","Outmaneuver"],"picked":"Slice","floor":4},{"not_picked":["Acrobatics","Prepared"],"picked":"Blade Dance","floor":5},{"not_picked":["Backflip","Quick Slash"],"picked":"Leg Sweep","floor":7},{"not_picked":["Flechettes","Dash"],"picked":"Bane","floor":11},{"not_picked":["ReplayTheSpireMod:Necrosis","hubris:Sniper"],"picked":"Envenom","floor":13},{"not_picked":["Draining Mist","Prepared"],"picked":"Underhanded Strike","floor":14},{"not_picked":["Adrenaline","Phantasmal Killer"],"picked":"After Image","floor":16},{"not_picked":["Blade Dance","PiercingWail"],"picked":"Endless Agony+1","floor":18},{"not_picked":["Backflip+1","Hidden Blade+1"],"picked":"Noxious Fumes","floor":20},{"not_picked":["Bane","hubris:SlightOfHand"],"picked":"Cloak And Dagger","floor":21}],"player_experience":90217,"relics_obtained":[{"floor":9,"key":"Eternal Feather"},{"floor":13,"key":"Garlic"},{"floor":19,"key":"hubris:FunFungus"},{"floor":22,"key":"Necronomicon"}],"event_choices":[{"damage_healed":0,"gold_gain":0,"player_choice":"Box","damage_taken":0,"relics_obtained":["Blood Vial"],"max_hp_gain":0,"max_hp_loss":0,"event_name":"Big Fish","floor":2,"gold_loss":0,"cards_obtained":["Regret"]},{"damage_healed":0,"gold_gain":0,"player_choice":"Bought 1 Potion","damage_taken":0,"max_hp_gain":0,"max_hp_loss":0,"event_name":"The Woman in Blue","floor":10,"gold_loss":0},{"damage_healed":0,"gold_gain":0,"player_choice":"Obtained Book","damage_taken":16,"max_hp_gain":0,"max_hp_loss":0,"event_name":"Cursed Tome","floor":22,"gold_loss":0}],"is_beta":false,"boss_relics":[{"not_picked":["Runic Dome","Replay:Drink Me"],"picked":"Painkiller Herb"}],"items_purged_floors":[],"is_endless":false,"potions_floor_spawned":[1,5,14,16,20,21],"killed_by":"Gremlin Leader","ascension_level":2}}