{"host":"p4v0hquynnreu717","time":1608137898,"event":{"mods":["BaseMod","Better Vampires","DeckTracker","Googly Eyes","Minty Spire (QoL Compilation)","Quick Restart","StSLib","SuperFastMode","TestMod","[IsaacMod]以撒尖塔","vexMod"],"gold_per_floor":[114,114,128,53,53,53,80,4,82,109,109,109,109,120,120,197,197,231,231,131,156,31,61,61,76,76,110,110,110,110],"floor_reached":29,"playtime":806,"items_purged":["Strike_R","Writhe","Strike_R"],"score":606,"play_id":"c6ad7945-bdb2-482d-a5e6-6bb4c4bf11fe","local_time":"20201217005818","is_ascension_mode":true,"campfire_choices":[{"data":"Apotheosis","floor":6.0,"key":"SMITH"},{"data":"Feel No Pain","floor":11.0,"key":"SMITH"},{"data":"Inflame","floor":13.0,"key":"SMITH"},{"data":"Shockwave","floor":15.0,"key":"SMITH"},{"data":"Entrench","floor":24.0,"key":"SMITH"}],"circlet_count":0,"master_deck":["AscendersBane","Strike_R","Defend_R+1","Defend_R","Defend_R","Bash","Apotheosis+1","Feel No Pain+1","Demon Form+1","Flex+1","Dark Embrace+1","Inflame+1","Burning Pact","Twin Strike","Shockwave+1","Fiend Fire","Sword Boomerang","Entrench+1","Power Through+1"],"relics":["Burning Blood","HushsDoor","GuppysTail","testmod-IWantAll","Astrolabe","EdensBlessing","TheBible","Chaos","ChampionBelt","testmod-Laevatain","Akabeko","GuppysPaw","testmod-TurbochargingSystem","Void","Black Star"],"acts_visited":["Exordium","TheCity"],"potions_floor_usage":[],"damage_taken":[{"damage":4.0,"enemies":"Jaw Worm","floor":1.0,"turns":3.0},{"damage":2.0,"enemies":"Cultist","floor":3.0,"turns":4.0},{"damage":11.0,"enemies":"Gremlin Nob","floor":7.0,"turns":4.0},{"damage":26.0,"enemies":"3 Sentries","floor":10.0,"turns":8.0},{"damage":7.0,"enemies":"2 Louse","floor":14.0,"turns":4.0},{"damage":42.0,"enemies":"Slime Boss","floor":16.0,"turns":8.0},{"damage":21.0,"enemies":"Gremlin Leader","floor":18.0,"turns":8.0},{"damage":18.0,"enemies":"Slavers","floor":21.0,"turns":5.0},{"damage":10.0,"enemies":"Gremlin Leader","floor":23.0,"turns":6.0},{"damage":10.0,"enemies":"2 Thieves","floor":25.0,"turns":2.0},{"damage":22.0,"enemies":"Slavers","floor":27.0,"turns":4.0},{"damage":0,"enemies":"Gremlin Leader","floor":29,"turns":1}],"seed_played":"9138433024957362608","potions_obtained":[{"floor":1.0,"key":"DuplicationPotion"},{"floor":3.0,"key":"ColorlessPotion"},{"floor":18.0,"key":"FearPotion"},{"floor":25.0,"key":"testmod-TestPotion"}],"is_trial":false,"path_per_floor":["M","?","M","$","?","R","E","$","T","E","R","?","R","M","R","B",null,"M","?","$","M","$","E","R","M","T","E","$","M"],"character_chosen":"IRONCLAD","items_purchased":["Burning Pact"],"campfire_rested":0,"item_purchase_floors":[8],"current_hp_per_floor":[52,47,51,51,51,51,46,46,46,26,26,51,51,50,50,14,60,45,45,45,33,33,29,29,25,25,9,9,9,9],"gold":110,"neow_bonus":"RANDOM_COLORLESS_2","is_daily":false,"chose_seed":false,"campfire_upgraded":5,"win_rate":0.0,"timestamp":1608137898,"path_taken":["M","?","?","$","?","R","E","?","T","E","R","?","R","M","R","BOSS","M","?","$","?","$","E","R","M","T","E","$","M"],"items_purchased_type":["Card"],"build_version":"2020-12-13","purchased_purges":3,"victory":false,"max_hp_per_floor":[75,75,75,75,75,75,75,75,75,75,75,75,75,75,75,75,75,75,75,75,75,75,75,75,75,75,75,75,75,75],"card_choices":[{"not_picked":["Sadistic Nature","testmod-Illusory"],"picked":"Apotheosis","floor":0.0},{"not_picked":["Twin Strike","Infernal Blade","Blood for Blood"],"picked":"SKIP","floor":1.0},{"not_picked":["Bloodletting","Twin Strike"],"picked":"Feel No Pain","floor":3.0},{"not_picked":["Shrug It Off","Perfected Strike"],"picked":"Inflame","floor":7.0},{"not_picked":["Shrug It Off","Ghostly Armor"],"picked":"Twin Strike","floor":10.0},{"not_picked":["Metallicize","Clash"],"picked":"Shockwave","floor":14.0},{"not_picked":["Exhume","Immolate"],"picked":"Fiend Fire","floor":16.0},{"not_picked":["Searing Blow+1","Shrug It Off"],"picked":"Sword Boomerang","floor":18.0},{"not_picked":["Rupture","Infernal Blade"],"picked":"Entrench","floor":21.0},{"not_picked":["Warcry","Clash","Thunderclap"],"picked":"SKIP","floor":23.0},{"not_picked":["Burning Pact","Perfected Strike+1","Clothesline"],"picked":"SKIP","floor":25.0},{"not_picked":["Clothesline","Limit Break"],"picked":"Power Through+1","floor":27.0}],"player_experience":739024,"relics_obtained":[{"floor":7.0,"key":"EdensBlessing"},{"floor":9.0,"key":"TheBible"},{"floor":10.0,"key":"Chaos"},{"floor":18.0,"key":"testmod-Laevatain"},{"floor":21.0,"key":"GuppysPaw"},{"floor":23.0,"key":"testmod-TurbochargingSystem"},{"floor":26.0,"key":"Void"},{"floor":27.0,"key":"Black Star"}],"event_choices":[{"damage_healed":0.0,"max_hp_gain":0.0,"max_hp_loss":0.0,"gold_gain":0.0,"event_name":"Scrap Ooze","player_choice":"Success","floor":2.0,"gold_loss":0.0,"damage_taken":5.0,"relics_obtained":["War Paint"]},{"damage_healed":0.0,"max_hp_gain":0.0,"max_hp_loss":0.0,"gold_gain":0.0,"event_name":"给自己的盒子","player_choice":"Swap Relic","floor":5.0,"relics_lost":["War Paint"],"gold_loss":0.0,"damage_taken":0.0,"relics_obtained":["Astrolabe"]},{"damage_healed":25.0,"max_hp_gain":0.0,"max_hp_loss":0.0,"gold_gain":0.0,"event_name":"Big Fish","player_choice":"Banana","floor":12.0,"gold_loss":0.0,"damage_taken":0.0},{"damage_healed":0.0,"max_hp_gain":0.0,"max_hp_loss":0.0,"gold_gain":0.0,"event_name":"The Mausoleum","player_choice":"Opened","floor":19.0,"gold_loss":0.0,"damage_taken":0.0,"relics_obtained":["Akabeko"],"cards_obtained":["Writhe"]}],"is_beta":false,"boss_relics":[{"not_picked":["PokeGo","testmod-Temperance"],"picked":"ChampionBelt"},{"not_picked":[]}],"items_purged_floors":[4,20,22],"is_endless":false,"potions_floor_spawned":[1,3,18,25],"killed_by":"Gremlin Leader","ascension_level":20}}