{"host":"iptgt7xajlx4idp5","time":1608084602,"event":{"mods":["BaseMod","Bestiary","Colored Map","Minty Spire (QoL Compilation)","Rare Cards Sparkle","Slay-I"],"gold_per_floor":[115,65,65,82,99,99,109,121,189,204,204,204,222,235,235,339,339,356,367,380,5,5,5],"floor_reached":22,"playtime":994,"items_purged":[],"score":207,"play_id":"753030e1-8fb5-42c7-8793-97873503ab92","local_time":"20201215191002","is_ascension_mode":false,"campfire_choices":[{"data":"Rupture","floor":6,"key":"SMITH"},{"data":"Anger","floor":11,"key":"SMITH"},{"data":"Anger","floor":15,"key":"SMITH"}],"circlet_count":0,"master_deck":["Strike_R","Strike_R","Strike_R","Strike_R","Strike_R","Defend_R","Defend_R","Defend_R","Rupture+1","Anger","Hemokinesis","Armaments","Hemokinesis","Anger+1","Anger+1","Inflame","Flex"],"relics":["Burning Blood","Pear","SlaversCollar","Kunai"],"acts_visited":["Exordium","TheCity"],"potions_floor_usage":[8,14,14,16,19,22],"damage_taken":[{"damage":3,"enemies":"Small Slimes","floor":1,"turns":5},{"damage":1,"enemies":"Cultist","floor":4,"turns":3},{"damage":10,"enemies":"Jaw Worm","floor":5,"turns":3},{"damage":2,"enemies":"Looter","floor":7,"turns":3},{"damage":6,"enemies":"Gremlin Gang","floor":8,"turns":4},{"damage":7,"enemies":"3 Louse","floor":10,"turns":3},{"damage":8,"enemies":"2 Fungi Beasts","floor":13,"turns":3},{"damage":28,"enemies":"Exordium Thugs","floor":14,"turns":3},{"damage":63,"enemies":"The Guardian","floor":16,"turns":7},{"damage":33,"enemies":"Shell Parasite","floor":18,"turns":5},{"damage":25,"enemies":"2 Thieves","floor":19,"turns":4},{"damage":39,"enemies":"Snake Plant","floor":20,"turns":5},{"damage":19,"enemies":"Chosen and Byrds","floor":22,"turns":4}],"seed_played":"-2737321532664745156","potions_obtained":[{"floor":1,"key":"Fire Potion"},{"floor":8,"key":"Regen Potion"},{"floor":10,"key":"AttackPotion"},{"floor":14,"key":"LiquidMemories"},{"floor":18,"key":"Explosive Potion"},{"floor":19,"key":"LiquidBronze"}],"is_trial":false,"path_per_floor":["M","?","?","M","M","R","M","M","T","M","R","?","M","M","R","B",null,"M","M","M","$","M"],"character_chosen":"IRONCLAD","items_purchased":["Inflame","Kunai","Flex"],"campfire_rested":0,"item_purchase_floors":[21,21,21],"current_hp_per_floor":[80,80,85,85,81,81,85,85,95,94,94,94,92,77,77,20,95,68,49,16,16,0,0],"gold":5,"neow_bonus":"TRANSFORM_CARD","is_daily":false,"chose_seed":false,"campfire_upgraded":3,"win_rate":0.0,"timestamp":1608084602,"path_taken":["M","?","?","M","M","R","M","M","T","M","R","?","?","M","R","BOSS","M","?","M","$","M"],"items_purchased_type":["Card","Relic","Card"],"build_version":"2020-12-13","purchased_purges":0,"victory":false,"max_hp_per_floor":[80,80,85,85,85,85,85,85,95,95,95,95,95,95,95,95,95,95,95,95,95,95,95],"card_choices":[{"not_picked":["Rampage","Twin Strike"],"picked":"Anger","floor":1},{"not_picked":["Twin Strike","Anger"],"picked":"Hemokinesis","floor":4},{"not_picked":["Dual Wield","Dark Embrace"],"picked":"Armaments","floor":5},{"not_picked":["Exhume","Headbutt"],"picked":"Hemokinesis","floor":7},{"not_picked":["Dropkick","Headbutt"],"picked":"Anger","floor":8},{"not_picked":["Searing Blow","Whirlwind","Sword Boomerang"],"picked":"SKIP","floor":10},{"not_picked":["Havoc","Barricade"],"picked":"Anger","floor":13},{"not_picked":["Body Slam","Headbutt","Twin Strike"],"picked":"SKIP","floor":14},{"not_picked":["Wild Strike","Clothesline","Anger"],"picked":"SKIP","floor":18},{"not_picked":["Perfected Strike","Blood for Blood","Hemokinesis"],"picked":"SKIP","floor":19},{"not_picked":["True Grit","Cleave+1","Twin Strike+1"],"picked":"SKIP","floor":20}],"player_experience":473530,"relics_obtained":[{"floor":9,"key":"Pear"}],"event_choices":[{"cards_removed":["Defend_R"],"damage_healed":0,"gold_gain":0,"player_choice":"Card Removal","damage_taken":0,"max_hp_gain":0,"max_hp_loss":0,"event_name":"The Cleric","floor":2,"gold_loss":50},{"damage_healed":0,"gold_gain":0,"player_choice":"Donut","damage_taken":0,"max_hp_gain":5,"max_hp_loss":0,"event_name":"Big Fish","floor":3,"gold_loss":0},{"damage_healed":0,"gold_gain":0,"player_choice":"Ignored","damage_taken":0,"max_hp_gain":0,"max_hp_loss":0,"event_name":"Transmorgrifier","floor":12,"gold_loss":0}],"is_beta":false,"boss_relics":[{"not_picked":["Fusion Hammer","Ectoplasm"],"picked":"SlaversCollar"}],"items_purged_floors":[],"is_endless":false,"potions_floor_spawned":[1,8,10,14,18,19],"killed_by":"Chosen and Byrds","ascension_level":0}}