{"host":"ja297la2wpvv1dvv","time":1608097168,"event":{"mods":["AchievementEnabler","BaseMod","Colored Map","Minty Spire (QoL Compilation)"],"gold_per_floor":[114,64,64,80,93,122,122,154,154,174,174,174,23,39,39,134,134,150,65,164,164,184,218,218,234,234,234,234],"floor_reached":27,"playtime":3019,"items_purged":[],"score":241,"play_id":"e37c315d-5237-4de8-8c6a-b4ac9ad35101","local_time":"20201215233928","is_ascension_mode":false,"campfire_choices":[{"data":"Eruption","floor":7,"key":"SMITH"},{"floor":11,"key":"REST"},{"floor":15,"key":"REST"},{"floor":24,"key":"REST"}],"circlet_count":0,"master_deck":["Strike_P","Strike_P","Strike_P","Defend_P","Defend_P","Defend_P","Defend_P","Eruption+1","Vigilance","PathToVictory","BowlingBash","Establishment","InnerPeace","MentalFortress","Nirvana","SashWhip","Adaptation+1","ForeignInfluence","PathToVictory","Halt","DevaForm+1","CurseOfTheBell","CrushJoints","LikeWater+1","CutThroughFate+1","ThirdEye","Alpha","JustLucky+1","FlyingSleeves"],"relics":["PureWater","NeowsBlessing","MealTicket","Prayer Wheel","Frozen Egg 2","Damaru","Calling Bell","Regal Pillow","Ornamental Fan","Shovel","Oddly Smooth Stone","Orichalcum","Bag of Marbles","Toy Ornithopter"],"acts_visited":["Exordium","TheCity"],"potions_floor_usage":[8,16,16],"damage_taken":[{"damage":0,"enemies":"Jaw Worm","floor":1,"turns":1},{"damage":0,"enemies":"2 Louse","floor":4,"turns":1},{"damage":0,"enemies":"Cultist","floor":5,"turns":1},{"damage":22,"enemies":"Lagavulin","floor":6,"turns":5},{"damage":37,"enemies":"Gremlin Nob","floor":8,"turns":5},{"damage":8,"enemies":"2 Fungi Beasts","floor":10,"turns":3},{"damage":14,"enemies":"Exordium Wildlife","floor":14,"turns":4},{"damage":15,"enemies":"Hexaghost","floor":16,"turns":7},{"damage":29,"enemies":"3 Byrds","floor":18,"turns":7},{"damage":6,"enemies":"Shell Parasite","floor":22,"turns":6},{"damage":64,"enemies":"Slavers","floor":23,"turns":7},{"damage":10,"enemies":"Centurion and Healer","floor":25,"turns":6},{"damage":37,"enemies":"Cultist and Chosen","floor":27,"turns":6}],"seed_played":"7722057781946304308","potions_obtained":[{"floor":5,"key":"BlessingOfTheForge"},{"floor":6,"key":"Fruit Juice"},{"floor":8,"key":"Ancient Potion"},{"floor":10,"key":"Block Potion"},{"floor":22,"key":"FairyPotion"},{"floor":23,"key":"BottledMiracle"},{"floor":25,"key":"Dexterity Potion"}],"is_trial":false,"path_per_floor":["M","?","?","M","M","E","R","E","T","M","R","?","$","M","R","B",null,"M","?","?","?","M","E","R","M","T","M"],"character_chosen":"WATCHER","items_purchased":["Damaru"],"campfire_rested":3,"item_purchase_floors":[13],"current_hp_per_floor":[72,72,72,72,72,50,50,18,18,10,33,33,48,34,57,42,77,48,48,48,48,42,6,44,34,34,0,0],"gold":234,"neow_bonus":"THREE_ENEMY_KILL","is_daily":false,"chose_seed":false,"campfire_upgraded":1,"win_rate":0.0,"timestamp":1608097168,"path_taken":["M","?","?","?","M","E","R","E","T","M","R","?","?","M","R","BOSS","M","?","?","?","M","E","R","M","T","M"],"items_purchased_type":["Relic"],"build_version":"2020-12-13","purchased_purges":0,"victory":false,"max_hp_per_floor":[72,72,72,72,72,72,72,77,77,77,77,77,77,77,77,77,77,77,77,77,77,77,77,77,77,77,77,77],"card_choices":[{"not_picked":["Collect","CrushJoints"],"picked":"PathToVictory","floor":1},{"not_picked":["SashWhip","ClearTheMind"],"picked":"InnerPeace","floor":4},{"not_picked":["ClearTheMind","Adaptation"],"picked":"MentalFortress","floor":5},{"not_picked":["FlyingSleeves","Crescendo"],"picked":"Nirvana","floor":6},{"not_picked":["Meditate","WreathOfFlame"],"picked":"SashWhip","floor":8},{"not_picked":["ReachHeaven","Prostrate"],"picked":"Adaptation+1","floor":10},{"not_picked":["Evaluate","SashWhip"],"picked":"ForeignInfluence","floor":10},{"not_picked":["Sanctity","InnerPeace"],"picked":"PathToVictory","floor":14},{"not_picked":["MasterReality+1","Swivel"],"picked":"Halt","floor":14},{"not_picked":["LessonLearned","Judgement"],"picked":"DevaForm+1","floor":16},{"not_picked":["WreathOfFlame","ForeignInfluence+1"],"picked":"CrushJoints","floor":18},{"not_picked":["EmptyFist","JustLucky"],"picked":"LikeWater+1","floor":18},{"not_picked":["Blasphemy","Collect"],"picked":"CutThroughFate+1","floor":22},{"not_picked":["Collect","TalkToTheHand"],"picked":"ThirdEye","floor":22},{"not_picked":["PathToVictory","JustLucky+1"],"picked":"Alpha","floor":23},{"not_picked":["Halt","Crescendo"],"picked":"JustLucky+1","floor":25},{"not_picked":["JustLucky+1","EmptyMind+1"],"picked":"FlyingSleeves","floor":25}],"player_experience":149678,"relics_obtained":[{"floor":6,"key":"MealTicket"},{"floor":8,"key":"Prayer Wheel"},{"floor":9,"key":"Frozen Egg 2"},{"floor":17,"key":"Regal Pillow"},{"floor":17,"key":"Ornamental Fan"},{"floor":17,"key":"Shovel"},{"floor":23,"key":"Bag of Marbles"},{"floor":26,"key":"Toy Ornithopter"}],"event_choices":[{"cards_removed":["Strike_P"],"damage_healed":0,"gold_gain":0,"player_choice":"Card Removal","damage_taken":0,"max_hp_gain":0,"max_hp_loss":0,"event_name":"The Cleric","floor":2,"gold_loss":50},{"damage_healed":0,"gold_gain":0,"player_choice":"2 cards matched","damage_taken":0,"max_hp_gain":0,"max_hp_loss":0,"event_name":"Match and Keep!","floor":3,"gold_loss":0,"cards_obtained":["BowlingBash","Establishment"]},{"damage_healed":0,"gold_gain":0,"player_choice":"Ignored","damage_taken":0,"max_hp_gain":0,"max_hp_loss":0,"event_name":"Golden Wing","floor":12,"gold_loss":0},{"damage_healed":0,"gold_gain":0,"player_choice":"Obtained Relic","damage_taken":0,"relics_obtained":["Oddly Smooth Stone"],"max_hp_gain":0,"max_hp_loss":0,"event_name":"Addict","floor":19,"gold_loss":85},{"damage_healed":0,"gold_gain":99,"player_choice":"Stole From Cult","damage_taken":0,"max_hp_gain":0,"max_hp_loss":0,"event_name":"Nest","floor":20,"gold_loss":0},{"damage_healed":0,"gold_gain":0,"player_choice":"Gave Potion","damage_taken":0,"relics_obtained":["Orichalcum"],"max_hp_gain":0,"max_hp_loss":0,"event_name":"WeMeetAgain","floor":21,"gold_loss":0}],"is_beta":false,"boss_relics":[{"not_picked":["Runic Dome","HolyWater"],"picked":"Calling Bell"}],"items_purged_floors":[],"is_endless":false,"potions_floor_spawned":[5,6,8,10,22,23,25],"killed_by":"Cultist and Chosen","ascension_level":0}}