{"host":"ooetke516h53yqww","time":1608120824,"event":{"mods":["2.2 Compatiblity","Abigail Mod","Act Like it!","Astrologer","Bartender","BaseMod","Beaked The Cultist","Better Match","Better Third Choice","Conspire","Elementarium","Friendly Minions","Hallownest","Hermit","HololiveMod","Hubris","Kiyohime????","Lobotomy","LobotomyExtend","Mari Mod (Legacy)","Mari\u0027s V1 Patch","Menagerie","Minty Spire (QoL Compilation)","Prisma Mod","Random Character Button","Replay The Spire","Robot Space Explorer","Spicy Shops","StSLib","Td1madao Mod","The Alterego","The Bug Knight","The Poker Player","The Senshi","TheSwordswoman","Uncapped","WarShipGirlsR/????R mod","Yohane!","???????????mod"],"gold_per_floor":[113,27,27,43,57,82,82,82,82],"floor_reached":8,"playtime":392,"items_purged":[],"score":64,"play_id":"26a6b3af-26ef-4a50-9473-80c9b630c494","local_time":"20201216211344","is_ascension_mode":true,"campfire_choices":[{"floor":7,"key":"REST"}],"circlet_count":0,"master_deck":["alterego_mod:Strike","alterego_mod:Strike","alterego_mod:Defend","alterego_mod:Defend","alterego_mod:Defend","alterego_mod:Defend+1","alterego_mod:Impale","alterego_mod:BigMeatyClaws","alterego_mod:BrynhildrsRune","alterego_mod:SakuraPetals","alterego_mod:1TonWallop+1","alterego_mod:TrashNCrash","Pain","alterego_mod:MagicResistance","alterego_mod:Undulate","alterego_mod:GoddessCore"],"relics":["alterego_mod:MasochisticConstitution","WarpedTongs","Gremlin Food"],"acts_visited":["Exordium"],"potions_floor_usage":[8],"damage_taken":[{"damage":16,"enemies":"Cultist","floor":1,"turns":5},{"damage":7,"enemies":"Small Slimes","floor":4,"turns":3},{"damage":2,"enemies":"2 Louse","floor":5,"turns":1},{"damage":29,"enemies":"Lagavulin","floor":6,"turns":9},{"damage":52,"enemies":"Gremlin Nob","floor":8,"turns":5}],"seed_played":"-1053947120997107029","potions_obtained":[{"floor":6,"key":"Energy Potion"}],"is_trial":false,"path_per_floor":["M","$","?","M","M","E","R","E"],"character_chosen":"The_Alterego","items_purchased":["alterego_mod:1TonWallop+1","alterego_mod:TrashNCrash"],"campfire_rested":1,"item_purchase_floors":[2,2],"current_hp_per_floor":[48,48,48,56,55,27,47,0,0],"gold":82,"neow_bonus":"REMOVE_TWO","is_daily":false,"chose_seed":false,"campfire_upgraded":0,"win_rate":0.0,"timestamp":1608120824,"path_taken":["M","$","?","M","M","E","R","E"],"items_purchased_type":["Card","Card"],"build_version":"2020-12-13","purchased_purges":0,"victory":false,"max_hp_per_floor":[64,64,64,65,66,67,67,67,67],"card_choices":[{"not_picked":["alterego_mod:DiscoLights","alterego_mod:Jiggle"],"picked":"alterego_mod:SakuraPetals","floor":1},{"not_picked":["alterego_mod:Complex","alterego_mod:SuperDuperMasochism"],"picked":"alterego_mod:MagicResistance","floor":4},{"not_picked":["alterego_mod:Pet","alterego_mod:TrashNCrash"],"picked":"alterego_mod:Undulate","floor":5},{"not_picked":["alterego_mod:TrashNCrash","alterego_mod:Vow"],"picked":"alterego_mod:GoddessCore","floor":6}],"player_experience":1490975,"relics_obtained":[{"floor":6,"key":"Gremlin Food"}],"event_choices":[{"damage_healed":0,"gold_gain":0,"player_choice":"Rummage","damage_taken":0,"relics_obtained":["WarpedTongs"],"max_hp_gain":0,"max_hp_loss":0,"event_name":"Accursed Blacksmith","floor":3,"gold_loss":0,"cards_obtained":["Pain"]}],"is_beta":false,"boss_relics":[],"items_purged_floors":[],"is_endless":false,"potions_floor_spawned":[6],"killed_by":"Gremlin Nob","ascension_level":3}}