{"host":"fo1pcjb7ykmk7tjo","time":1608143624,"event":{"mods":["BaseMod","Colored Map","Downfall","Hermit","Hubris","Infinite Spire","Marisa????????","Minty Spire (QoL Compilation)","Replay The Spire","StSLib","The Disciple","The Servant 0.9.4"],"gold_per_floor":[119,44,44,119,132,163,163,188,213,230,230,76,87,87,87,87,87],"floor_reached":16,"playtime":480,"items_purged":["hermit:Strike_Hermit"],"score":133,"play_id":"0f36ec44-64a4-4cae-b49e-865abc01a45f","local_time":"20201216193344","is_ascension_mode":false,"campfire_choices":[{"data":"hermit:Covet","floor":7,"key":"SMITH"},{"data":"hermit:EyeOfTheStorm","floor":15,"key":"SMITH"}],"circlet_count":0,"master_deck":["hermit:Strike_Hermit","hermit:Strike_Hermit","hermit:Strike_Hermit","hermit:Defend_Hermit+1","hermit:Defend_Hermit","hermit:Defend_Hermit","hermit:Defend_Hermit","hermit:Snapshot","hermit:Covet+1","hermit:ShadowCloak+1","hermit:Combo+1","hermit:SprayPray","hermit:EyeOfTheStorm+1","hermit:SprayPray"],"relics":["hermit:Momento","NeowsBlessing","ReplayTheSpireMod:Lightbulb","Question Card","Anchor","Lantern"],"acts_visited":["Exordium"],"potions_floor_usage":[16],"damage_taken":[{"damage":0,"enemies":"Small Slimes","floor":1,"turns":1},{"damage":0,"enemies":"Jaw Worm","floor":5,"turns":1},{"damage":0,"enemies":"Gremlin Nob","floor":6,"turns":1},{"damage":9,"enemies":"Lagavulin","floor":8,"turns":7},{"damage":0,"enemies":"2 Louse","floor":10,"turns":3},{"damage":0,"enemies":"Looter","floor":13,"turns":3},{"damage":43,"enemies":"Hexaghost","floor":16,"turns":9}],"seed_played":"-2784550004055730423","potions_obtained":[{"floor":6,"key":"LiquidBronze"}],"is_trial":false,"path_per_floor":["M","$","?","?","M","E","R","E","T","M","T","$","M","?","R","B"],"character_chosen":"HERMIT","items_purchased":["Lantern"],"campfire_rested":0,"item_purchase_floors":[12],"current_hp_per_floor":[75,75,75,64,64,64,64,55,55,55,55,55,55,40,40,0,0],"gold":87,"neow_bonus":"THREE_ENEMY_KILL","is_daily":false,"chose_seed":false,"campfire_upgraded":2,"win_rate":0.0,"timestamp":1608143624,"path_taken":["M","$","?","?","M","E","R","E","T","M","?","$","M","?","R","BOSS"],"items_purchased_type":["Relic"],"build_version":"2020-12-13","purchased_purges":1,"victory":false,"max_hp_per_floor":[75,75,75,75,75,75,75,75,75,75,75,75,75,75,75,75,75],"card_choices":[{"not_picked":["hermit:Vantage","hermit:PistolWhip"],"picked":"hermit:ShadowCloak","floor":1},{"not_picked":["hermit:Cheat","hermit:Headshot"],"picked":"hermit:Combo","floor":5},{"not_picked":["hermit:Dive","hermit:EyeOfTheStorm"],"picked":"hermit:SprayPray","floor":6},{"not_picked":["hermit:HoleUp","hermit:BodyArmor"],"picked":"hermit:EyeOfTheStorm","floor":8},{"not_picked":["hermit:Malice","hermit:Manifest","hermit:HighCaliber","hermit:DeadMansHand"],"picked":"SKIP","floor":10},{"not_picked":["hermit:Manifest","hermit:LuckOfTheDraw","hermit:Grudge"],"picked":"hermit:SprayPray","floor":13}],"player_experience":154369,"relics_obtained":[{"floor":6,"key":"ReplayTheSpireMod:Lightbulb"},{"floor":8,"key":"Question Card"},{"floor":9,"key":"Anchor"}],"event_choices":[{"damage_healed":0,"gold_gain":0,"player_choice":"Grow","damage_taken":0,"max_hp_gain":0,"max_hp_loss":0,"event_name":"Living Wall","floor":3,"gold_loss":0,"cards_upgraded":["hermit:ShadowCloak"]},{"damage_healed":0,"gold_gain":75,"player_choice":"Gather Gold","damage_taken":11,"max_hp_gain":0,"max_hp_loss":0,"event_name":"World of Goop","floor":4,"gold_loss":0},{"damage_healed":0,"gold_gain":0,"player_choice":"Entered Light","damage_taken":15,"max_hp_gain":0,"max_hp_loss":0,"event_name":"Shining Light","floor":14,"gold_loss":0,"cards_upgraded":["hermit:Defend_Hermit","hermit:Combo"]}],"is_beta":false,"boss_relics":[],"items_purged_floors":[2],"is_endless":false,"potions_floor_spawned":[6],"killed_by":"Hexaghost","ascension_level":0}}