{"host":"480qzmvu0s2e3e6w","time":1608133434,"event":{"mods":["BaseMod","Colored Map","DeckTracker","Minty Spire (QoL Compilation)","StSLib","SuperFastMode"],"gold_per_floor":[117,137,149,169,179,221,221,256,256,256,284,307,307,335,335,416,416,437,459,307,333,53,94,112,112,136,148,148,148,148],"floor_reached":29,"playtime":1955,"items_purged":["Strike_R","Strike_R"],"score":483,"play_id":"8b4dd2b4-f32d-49c0-aad0-2721f8320e62","local_time":"20201217004354","is_ascension_mode":true,"campfire_choices":[{"data":"Body Slam","floor":7,"key":"SMITH"},{"floor":10,"key":"REST"},{"floor":13,"key":"REST"},{"data":"Infernal Blade","floor":15,"key":"SMITH"},{"data":"Fire Breathing","floor":25,"key":"SMITH"},{"floor":28,"key":"REST"}],"circlet_count":0,"master_deck":["AscendersBane","Strike_R","Strike_R","Strike_R","Defend_R","Defend_R","Defend_R","Defend_R","Bash","Power Through","Headbutt","Body Slam+1","Shrug It Off","Evolve","Spot Weakness","Feel No Pain","Infernal Blade+1","Battle Trance","Disarm","Juggernaut","True Grit","Wild Strike+1","Fire Breathing+1","Sever Soul+1","Feel No Pain","Impervious"],"relics":["Burning Blood","CeramicFish","Nunchaku","Question Card","Mark of Pain","Membership Card","Singing Bowl"],"acts_visited":["Exordium","TheCity"],"potions_floor_usage":[5,6,6,12,18,23,23,23,29],"damage_taken":[{"damage":1,"enemies":"Cultist","floor":1,"turns":3},{"damage":3,"enemies":"2 Louse","floor":2,"turns":2},{"damage":0,"enemies":"Small Slimes","floor":3,"turns":4},{"damage":14,"enemies":"Exordium Thugs","floor":4,"turns":6},{"damage":17,"enemies":"Gremlin Gang","floor":5,"turns":6},{"damage":16,"enemies":"Lagavulin","floor":6,"turns":10},{"damage":25,"enemies":"3 Sentries","floor":8,"turns":7},{"damage":26,"enemies":"Red Slaver","floor":11,"turns":4},{"damage":13,"enemies":"Exordium Wildlife","floor":12,"turns":4},{"damage":16,"enemies":"Large Slime","floor":14,"turns":7},{"damage":33,"enemies":"The Guardian","floor":16,"turns":13},{"damage":17,"enemies":"Spheric Guardian","floor":18,"turns":5},{"damage":0,"enemies":"Chosen","floor":19,"turns":4},{"damage":19,"enemies":"3 Cultists","floor":21,"turns":5},{"damage":28,"enemies":"Slavers","floor":23,"turns":6},{"damage":9,"enemies":"Centurion and Healer","floor":24,"turns":6},{"damage":29,"enemies":"Snecko","floor":27,"turns":5},{"damage":35,"enemies":"Snake Plant","floor":29,"turns":4}],"seed_played":"8908843683959554253","potions_obtained":[{"floor":2,"key":"GamblersBrew"},{"floor":3,"key":"AttackPotion"},{"floor":5,"key":"SkillPotion"},{"floor":8,"key":"Energy Potion"},{"floor":16,"key":"SkillPotion"},{"floor":21,"key":"CultistPotion"},{"floor":23,"key":"BloodPotion"},{"floor":27,"key":"Dexterity Potion"}],"is_trial":false,"path_per_floor":["M","M","M","M","M","E","R","E","T","R","M","M","R","M","R","B",null,"M","M","$","M","$","E","M","R","T","M","R","M"],"character_chosen":"IRONCLAD","items_purchased":["Fire Breathing","Membership Card","Feel No Pain","DuplicationPotion"],"campfire_rested":3,"item_purchase_floors":[20,22,22,22],"current_hp_per_floor":[73,75,75,67,56,46,46,27,27,49,29,22,44,34,34,7,58,47,53,53,40,40,33,32,32,32,11,34,0,0],"gold":148,"neow_bonus":"THREE_CARDS","is_daily":false,"chose_seed":false,"campfire_upgraded":3,"win_rate":0.0,"timestamp":1608133434,"path_taken":["M","M","M","M","M","E","R","E","T","R","M","M","R","M","R","BOSS","M","M","$","M","$","E","M","R","T","M","R","M"],"items_purchased_type":["Card","Relic","Card","Potion"],"build_version":"2020-12-13","purchased_purges":2,"victory":false,"max_hp_per_floor":[75,75,75,75,75,75,75,75,75,75,75,75,75,75,75,75,75,75,75,75,75,75,75,77,77,77,79,79,79,79],"card_choices":[{"not_picked":["Warcry","Hemokinesis"],"picked":"Power Through","floor":0},{"not_picked":["Pommel Strike","Clothesline"],"picked":"Headbutt","floor":1},{"not_picked":["Pommel Strike","Shrug It Off"],"picked":"Body Slam","floor":2},{"not_picked":["Wild Strike","Inflame"],"picked":"Shrug It Off","floor":3},{"not_picked":["Sword Boomerang","Pummel"],"picked":"Evolve","floor":4},{"not_picked":["Warcry","Infernal Blade"],"picked":"Spot Weakness","floor":5},{"not_picked":["Cleave","Dark Embrace"],"picked":"Feel No Pain","floor":6},{"not_picked":["Berserk","Clash","Armaments"],"picked":"SKIP","floor":8},{"not_picked":["Perfected Strike","Fire Breathing","True Grit"],"picked":"Infernal Blade","floor":11},{"not_picked":["Metallicize","Impervious","Havoc"],"picked":"Battle Trance","floor":12},{"not_picked":["Warcry","Clothesline","Armaments"],"picked":"Disarm","floor":14},{"not_picked":["Berserk","Bludgeon","Double Tap"],"picked":"Juggernaut","floor":16},{"not_picked":["Havoc","Shrug It Off+1","Power Through"],"picked":"True Grit","floor":18},{"not_picked":["Sever Soul","Rage","Body Slam"],"picked":"Wild Strike+1","floor":19},{"not_picked":["Warcry","Anger","Blood for Blood"],"picked":"Sever Soul+1","floor":21},{"not_picked":["Anger+1","Rage","Clash"],"picked":"Impervious","floor":23},{"not_picked":["Rage","True Grit","Rampage","Carnage"],"picked":"Singing Bowl","floor":24},{"not_picked":["Hemokinesis+1","Warcry","Sword Boomerang","Heavy Blade"],"picked":"Singing Bowl","floor":27}],"player_experience":604746,"relics_obtained":[{"floor":6,"key":"CeramicFish"},{"floor":8,"key":"Nunchaku"},{"floor":9,"key":"Question Card"},{"floor":23,"key":"Singing Bowl"}],"event_choices":[],"is_beta":false,"boss_relics":[{"not_picked":["Black Blood","Astrolabe"],"picked":"Mark of Pain"}],"items_purged_floors":[20,22],"is_endless":false,"potions_floor_spawned":[2,3,5,8,16,21,23,27],"killed_by":"Snake Plant","ascension_level":17}}