{"host":"dntw6kil9p09eemm","time":1608152118,"event":{"mods":["Aspiration","BaseMod","BetterRewards","Colored Powertips","Downfall","Hermit","Hubris","Keyboard Shortcuts","Minty Spire (QoL Compilation)","Permanent Neow","Shop Mod","Spicy Shops","StSLib","The Runesmith","Waifu the Spire","vexMod"],"gold_per_floor":[117,117,135,135,60,89,89,89,89,101,111,122,136,153,153,249,249,268,193,103,54,69,69,99,109,109,61,61,81,81,108,108,210,210,230,243,253,253,253],"floor_reached":38,"playtime":2230,"items_purged":["hubris:Sniper"],"score":493,"play_id":"8a166ef5-0924-44e0-b40f-440cd4e107f5","local_time":"20201217055518","is_ascension_mode":false,"campfire_choices":[{"floor":7,"key":"REST"},{"data":"hexamod:SearingWound","floor":15,"key":"SMITH"},{"data":"hexamod:GhostflameInferno","floor":23,"key":"SMITH"},{"data":"hexamod:FastForward","floor":30,"key":"SMITH"},{"floor":32,"key":"REST"}],"circlet_count":0,"master_deck":["hexamod:Strike","hexamod:Strike","hexamod:Defend","hexamod:Defend","hexamod:Sear","hexamod:Float+1","hexamod:ThermalTransfer","Dodge and Roll","hexamod:BurningTouch","hexamod:SearingWound+1","hexamod:FirstSeal","hexamod:SpectralSpark","hexamod:GhostflameInferno+1","hexamod:ThermalTransfer+1","hexamod:PhantomFireball","hexamod:ThermalTransfer","hexamod:RadiantFlame","hexamod:FastForward+1","hexamod:CatchUp","hexamod:ExtraCrispy","hexamod:FastForward+1"],"relics":["hexamod:SpiritBrand","FossilizedHelix","InkBottle","hubris:TerracottaHorce","Juzu Bracelet","Blood Vial","Toy Ornithopter","Velvet Choker"],"acts_visited":["Exordium","TheCity","TheBeyond"],"potions_floor_usage":[16,25,31,31],"damage_taken":[{"damage":0,"enemies":"Jaw Worm","floor":1,"turns":3},{"damage":0,"enemies":"2 Louse","floor":3,"turns":3},{"damage":29,"enemies":"3 Sentries","floor":6,"turns":10},{"damage":0,"enemies":"Small Slimes","floor":10,"turns":2},{"damage":0,"enemies":"Red Slaver","floor":11,"turns":4},{"damage":0,"enemies":"2 Fungi Beasts","floor":12,"turns":4},{"damage":2,"enemies":"Blue Slaver","floor":13,"turns":3},{"damage":0,"enemies":"Exordium Thugs","floor":14,"turns":5},{"damage":37,"enemies":"Hexaghost","floor":16,"turns":9},{"damage":0,"enemies":"Spheric Guardian","floor":18,"turns":3},{"damage":0,"enemies":"Shell Parasite","floor":22,"turns":3},{"damage":0,"enemies":"Book of Stabbing","floor":24,"turns":3},{"damage":16,"enemies":"Snake Plant","floor":25,"turns":2},{"damage":4,"enemies":"Snecko","floor":29,"turns":4},{"damage":48,"enemies":"Gremlin Leader","floor":31,"turns":7},{"damage":18,"enemies":"hubris:MusketHawk","floor":33,"turns":6},{"damage":21,"enemies":"3 Darklings","floor":35,"turns":9},{"damage":3,"enemies":"Orb Walker","floor":36,"turns":3},{"damage":53,"enemies":"4 Shapes","floor":37,"turns":5},{"damage":26,"enemies":"Transient","floor":38,"turns":3}],"seed_played":"-2988041781080817102","potions_obtained":[{"floor":1,"key":"Fire Potion"},{"floor":3,"key":"DuplicationPotion"},{"floor":11,"key":"Block Potion"},{"floor":18,"key":"GamblersBrew"},{"floor":24,"key":"Fire Potion"},{"floor":25,"key":"DuplicationPotion"},{"floor":29,"key":"FearPotion"},{"floor":36,"key":"Swift Potion"}],"is_trial":false,"path_per_floor":["M","?","M","?","$","E","R","?","T","M","M","M","M","M","R","B",null,"M","?","?","$","M","R","E","M","T","$","?","M","R","E","R","B",null,"M","M","M","M"],"character_chosen":"THE_SPIRIT","items_purchased":["hexamod:PhantomFireball","hexamod:FastForward"],"campfire_rested":2,"item_purchase_floors":[21,27],"current_hp_per_floor":[70,70,70,70,70,41,62,62,62,62,69,70,70,70,70,33,61,68,68,68,68,68,68,70,54,54,54,54,59,59,20,41,25,59,47,53,9,0,0],"gold":253,"neow_bonus":"UPGRADE_CARD","is_daily":false,"chose_seed":false,"campfire_upgraded":3,"win_rate":0.0,"timestamp":1608152118,"path_taken":["M","?","M","?","$","E","R","?","T","M","M","M","M","M","R","BOSS","M","?","?","$","M","R","E","M","T","$","?","M","R","E","R","BOSS","M","M","M","M"],"items_purchased_type":["Card","Card"],"build_version":"2020-12-13","purchased_purges":1,"victory":false,"max_hp_per_floor":[70,70,70,70,70,70,70,70,70,70,70,70,70,70,70,70,70,70,70,70,70,70,70,70,70,70,70,70,70,70,70,70,70,70,70,70,70,70,70],"card_choices":[{"not_picked":["hexamod:ExtraCrispy","hexamod:GhostLash"],"picked":"hexamod:ThermalTransfer","floor":1},{"not_picked":["hexamod:GhostOfSpirePast","hexamod:NightmareGuise","hexamod:BacktrackSmack"],"picked":"SKIP","floor":3},{"not_picked":["hexamod:Again","hexamod:GhostflameBarrier"],"picked":"hexamod:SearingWound","floor":6},{"not_picked":["hexamod:HeatCrush","hexamod:NightmareStrike"],"picked":"hexamod:FirstSeal","floor":10},{"not_picked":["hexamod:PowerFromBeyond","hexamod:DynamicBlow","hexamod:ShieldOfDarkness"],"picked":"SKIP","floor":11},{"not_picked":["hexamod:RainOfEmbers","hexamod:HauntingEcho","hexamod:FlamesFromBeyond"],"picked":"SKIP","floor":12},{"not_picked":["hexamod:RainOfEmbers","hexamod:HauntingEcho","hexamod:FlamesFromBeyond"],"picked":"SKIP","floor":12},{"not_picked":["hexamod:SpectersWail","hexamod:HauntingEcho"],"picked":"hexamod:SpectralSpark","floor":13},{"not_picked":["hexamod:RainOfEmbers","hexamod:NightmareGuise","hexamod:NightmareStrike"],"picked":"SKIP","floor":14},{"not_picked":["hexamod:EmpoweringStance","hexamod:GiftsFromTheDead"],"picked":"hexamod:GhostflameInferno","floor":16},{"not_picked":["hexamod:HeatMetal","hexamod:HauntingEcho"],"picked":"hexamod:ThermalTransfer","floor":18},{"not_picked":["hexamod:NightmareStrike","hexamod:ThirdSeal"],"picked":"hexamod:ThermalTransfer","floor":22},{"not_picked":["hexamod:SwordOfDarkness","hexamod:NightmareGuise+1","hexamod:Hexaguard"],"picked":"SKIP","floor":24},{"not_picked":["hexamod:NightmareGuise","hexamod:GhostflameInferno"],"picked":"hexamod:RadiantFlame","floor":25},{"not_picked":["hexamod:SpectralSpark+1","hexamod:NightmareGuise"],"picked":"hexamod:CatchUp","floor":29},{"not_picked":["hexamod:Hexaguard","hexamod:RainOfEmbers"],"picked":"hexamod:ExtraCrispy","floor":31},{"not_picked":["hexamod:NecessarySacrifice","hexamod:InspiringFlames+1","hexamod:NightmareGuise+1"],"picked":"SKIP","floor":35},{"not_picked":["hexamod:GhostShield+1","hexamod:ThermalTransfer+1"],"picked":"hexamod:FastForward+1","floor":36},{"not_picked":["hexamod:SkipABeat+1","hexamod:ThermalTransfer+1","hexamod:Hexaguard"],"picked":"SKIP","floor":37}],"player_experience":370906,"relics_obtained":[{"floor":6,"key":"FossilizedHelix"},{"floor":9,"key":"InkBottle"},{"floor":24,"key":"Juzu Bracelet"},{"floor":26,"key":"Blood Vial"},{"floor":31,"key":"Toy Ornithopter"}],"event_choices":[{"cards_removed":["Skewer"],"damage_healed":0,"gold_gain":0,"player_choice":"Gave Gold","damage_taken":0,"max_hp_gain":0,"max_hp_loss":0,"event_name":"Beggar","floor":19,"gold_loss":75},{"cards_removed":["hexamod:Strike"],"damage_healed":0,"gold_gain":0,"player_choice":"Upgrade and Remove","damage_taken":0,"max_hp_gain":0,"max_hp_loss":0,"event_name":"Designer","floor":20,"gold_loss":90,"cards_upgraded":["hexamod:ThermalTransfer"]},{"damage_healed":0,"gold_gain":0,"player_choice":"Ignored","damage_taken":0,"max_hp_gain":0,"max_hp_loss":0,"event_name":"The Mausoleum","floor":28,"gold_loss":0}],"is_beta":false,"boss_relics":[{"not_picked":["aspiration:PoetsPen_weak","Coffee Dripper"],"picked":"hubris:TerracottaHorce"},{"not_picked":["vexMod:CursedCompass","SacredBark"],"picked":"Velvet Choker"}],"items_purged_floors":[5],"is_endless":false,"potions_floor_spawned":[1,3,11,18,24,25,29,36],"killed_by":"Transient","ascension_level":0}}