{"host":"owp3md0algd3028i","time":1608153784,"event":{"mods":["AchievementEnabler","Aspiration","BaseMod","BetterRewards","Colored Map","Colored Powertips","Conspire","Custom Start","DeckTracker","Defuse TimeMaze Blight","Downfall","Energized Spire","GifTheSpireLib","Halation","Hermit","Highlight Path","Hubris","Infinite Spire","Marisa????????","Minty Spire (QoL Compilation)","Permanent Neow","Quick Restart","Railgun Mod","Replay The Spire","Reworked Bosses","Shop Mod","Spicy Shops","StSLib","Stuff the Spire","SuperFastMode","vexMod"],"gold_per_floor":[112,129,147,19,19,33,33,33,82,115,130,140,65,65,65,65,65],"floor_reached":16,"playtime":613,"items_purged":[],"score":102,"play_id":"8b674b4e-7b44-4171-b111-08b6ea0de6db","local_time":"20201216152304","is_ascension_mode":false,"campfire_choices":[{"data":"TheRailgun:Electrical_Fire","floor":7,"key":"SMITH"},{"floor":15,"key":"REST"}],"circlet_count":0,"master_deck":["TheRailgun:Strike","TheRailgun:Strike","TheRailgun:Strike","TheRailgun:Strike","TheRailgun:Defend+1","TheRailgun:Defend+1","TheRailgun:Defend","TheRailgun:Defend","TheRailgun:Discharge","TheRailgun:Zip+1","TheRailgun:Electrical_Fire+1","TheRailgun:Coin_Flip","TheRailgun:Lightning_Speed","TheRailgun:Magnetic_Movement","TheRailgun:Iron_Dust_Field","TheRailgun:Static","TheRailgun:Stun_Shock","TheRailgun:Iron_Dust_Vial","TheRailgun:Zap","TheRailgun:Iron_Dust_Shield","Decay","Injury","infinitespire:DeathsTouch"],"relics":["TheRailgun:CoinRelic","FossilizedHelix","StuffTheSpire:Mouthbags","Replay:Bottled Snecko"],"acts_visited":["Exordium"],"potions_floor_usage":[],"damage_taken":[{"damage":0,"enemies":"Cultist","floor":1,"turns":3},{"damage":0,"enemies":"Small Slimes","floor":2,"turns":3},{"damage":11,"enemies":"Jaw Worm","floor":3,"turns":2},{"damage":7,"enemies":"3 Louse","floor":6,"turns":2},{"damage":15,"enemies":"Gremlin Nob","floor":10,"turns":5},{"damage":8,"enemies":"Exordium Wildlife","floor":11,"turns":5},{"damage":3,"enemies":"Blue Slaver","floor":12,"turns":4},{"damage":35,"enemies":"The Guardian","floor":16,"turns":7}],"seed_played":"7316359804627097907","potions_obtained":[{"floor":10,"key":"Elixir"}],"is_trial":false,"path_per_floor":["M","M","M","$","?","M","R","$","T","E","M","M","$","?","R","B"],"character_chosen":"THE_DEFAULT","items_purchased":["TheRailgun:Magnetic_Movement","FossilizedHelix","TheRailgun:Iron_Dust_Shield"],"campfire_rested":1,"item_purchase_floors":[4,4,13],"current_hp_per_floor":[70,70,59,59,45,38,38,38,38,23,15,12,12,12,33,0,0],"gold":65,"neow_bonus":"UPGRADE_CARD","is_daily":false,"chose_seed":false,"campfire_upgraded":1,"win_rate":0.0,"timestamp":1608153784,"path_taken":["M","?","?","$","?","M","R","?","T","E","M","?","$","?","R","BOSS"],"items_purchased_type":["Card","Relic","Card"],"build_version":"2020-12-13","purchased_purges":0,"victory":false,"max_hp_per_floor":[70,70,70,70,70,70,70,70,70,70,70,70,70,70,70,70,70],"card_choices":[{"not_picked":["TheRailgun:Teleporter","TheRailgun:Negative_Field"],"picked":"TheRailgun:Electrical_Fire","floor":1},{"not_picked":["TheRailgun:Push","TheRailgun:Gekota_Phone"],"picked":"TheRailgun:Coin_Flip","floor":2},{"not_picked":["TheRailgun:Aerial_Shot","TheRailgun:Biribiri"],"picked":"TheRailgun:Lightning_Speed","floor":3},{"not_picked":["TheRailgun:Gekota_Phone","TheRailgun:Discharge"],"picked":"TheRailgun:Iron_Dust_Field","floor":6},{"not_picked":["TheRailgun:Oneesama","TheRailgun:Recharge"],"picked":"TheRailgun:Stun_Shock","floor":10},{"not_picked":["TheRailgun:Thunderjolt","TheRailgun:Heroinism"],"picked":"TheRailgun:Iron_Dust_Vial","floor":11},{"not_picked":["TheRailgun:Iron_Dust_Sword","TheRailgun:Thundershock"],"picked":"TheRailgun:Zap","floor":12},{"not_picked":["ReplayTheSpireMod:Haul","ReplayTheSpireMod:Echoes of Time"],"picked":"infinitespire:DeathsTouch","floor":14}],"player_experience":41104,"relics_obtained":[{"floor":9,"key":"StuffTheSpire:Mouthbags"},{"floor":10,"key":"Replay:Bottled Snecko"}],"event_choices":[{"damage_healed":0,"gold_gain":0,"player_choice":"Entered Light","damage_taken":14,"max_hp_gain":0,"max_hp_loss":0,"event_name":"Shining Light","floor":5,"gold_loss":0,"cards_upgraded":["TheRailgun:Defend","TheRailgun:Defend"]}],"is_beta":false,"boss_relics":[],"items_purged_floors":[],"is_endless":false,"potions_floor_spawned":[10,12],"killed_by":"The Guardian","ascension_level":0}}