{"host":"uy3xxt3jvdg1h0wo","time":1608153447,"event":{"mods":["Act Like it!","Aspiration","Astrologer","BaseMod","Better Sensory Stone","Better Vampires","CatGirl Mod","ChefMod","Colored Powertips","Conspire","Displayed Cursed Tome","Dota2Spire","GifTheSpireLib","Gremlin Skip","Grow up Mod","Halation","Hallownest","Hermit","Hubris","JesterMod","Jorbs\u0027s Wanderer Trilogy","Kratos Character Expansion","Melee Mod","Menagerie","Minty Spire (QoL Compilation)","RatMod","Remove Card Discount Mod","Replay The Spire","Retaliation","Robot Space Explorer","SCP261 Mod","Shade Mod","Shop Mod","Spicy Shops","Spikes Relics","Spire Birthday Party","StSLib","Stuff the Spire","The Cursed","The Factory","The Forsaken","The Hayseed","The Judge","The Jungle","The Kombatant","The Necromancer","The Problem Sleuth","TheVacant","TheWitcher","Transform Curses","Virulent Crown","[IsaacMod]????","thorton","vexMod","????"],"gold_per_floor":[114,114,114,129,129,129,129,129,154,14,26,53,80,37,37,137,137,152,167,167,47,167,167,167,167,192,192,15,115,29,29,3,103,153,168,168,168,17,17,17,17,17,67,82,82,13,13,28,28,28],"floor_reached":51,"playtime":2732,"items_purged":["Doubt"],"score":773,"play_id":"03c66f25-d045-469f-a794-52ee31bd0ea2","local_time":"20201216151727","daily_mods":["SealedDeck","Flight","Terminal"],"is_ascension_mode":false,"campfire_choices":[{"floor":6,"key":"REST"},{"data":"Menagerie:Staggershock","floor":7,"key":"SMITH"},{"data":"Menagerie:Languish","floor":8,"key":"SMITH"},{"data":"Menagerie:SteelWall","floor":11,"key":"SMITH"},{"floor":15,"key":"REST"},{"floor":23,"key":"REST"},{"floor":40,"key":"REST"},{"data":"TheSimpletonMod:Rake","floor":42,"key":"SMITH"},{"floor":45,"key":"REST"},{"floor":49,"key":"DIG"}],"circlet_count":0,"master_deck":["hubris:Hubris","BloodyBrimstone","hubris:Hubris","TheSimpletonMod:Fertilaser","TheSimpletonMod:VineRipen","TheSimpletonMod:SpiceUp","TheSimpletonMod:SeedCoat","TheSimpletonMod:BumperCrop","TheSimpletonMod:Sunseed","TheSimpletonMod:BumperCrop","TheSimpletonMod:Aerate","TheSimpletonMod:DoubleBarrel","TheSimpletonMod:SaltTheEarth","Menagerie:SteelWall+1","Menagerie:Languish+1","Menagerie:Staggershock+1","TheSimpletonMod:KeenEdge","TheSimpletonMod:SpiceUp","TheSimpletonMod:KeenEdge","TheSimpletonMod:CloseScrape","TheSimpletonMod:BirdFeeder","TheSimpletonMod:Fertilaser","TheSimpletonMod:FanTheFlames","theJungle:Gourd","theJungle:Gourd","theJungle:Gourd","theJungle:Gourd","theJungle:Gourd","TheSimpletonMod:SaladShooter","Dark Shackles","TheSimpletonMod:PestManagement+1","TheSimpletonMod:ToughenUp","TheSimpletonMod:Onions+1","theCatGirl:KeepAlert+1","TheSimpletonMod:Onions","Replay:Parry","TheSimpletonMod:Rake","TheSimpletonMod:Rake+1","TheCursedMod:SmokeScreen+1","Injury","TheSimpletonMod:PestManagement","EmptyFist+1"],"relics":["TheSimpletonMod:SpudOfTheInnocent","TheSimpletonMod:NightSoil","TheSimpletonMod:TheHarvester","HushsDoor","GuppysHead","MerchantsRug","PrismaticShard","BelialBook","Regal Pillow","theFactory:ChargeChargeCharge","FossilizedHelix","Dota2Spire:MantaStyle","Leech"],"acts_visited":["Menagerie:Menagerie","Menagerie:Menagerie","theJungle:Jungle"],"potions_floor_usage":[16,19,33,33,35,35,50],"damage_taken":[{"damage":1,"enemies":"Menagerie:MonstrousExperiment","floor":1,"turns":3},{"damage":0,"enemies":"Menagerie:WhisperingWraith","floor":4,"turns":3},{"damage":0,"enemies":"Menagerie:StygianBoar","floor":12,"turns":2},{"damage":7,"enemies":"Menagerie:DREAD_MOTH_AND_GRAFTED_WORMS","floor":13,"turns":3},{"damage":14,"enemies":"Menagerie:Suneater","floor":16,"turns":6},{"damage":2,"enemies":"theJungle:MUSHROOMGANG","floor":18,"turns":3},{"damage":0,"enemies":"theJungle:GiantWrat","floor":19,"turns":5},{"damage":1,"enemies":"theJungle:QueenSpyder","floor":33,"turns":12},{"damage":0,"enemies":"theFactory:BigBot","floor":35,"turns":6},{"damage":87,"enemies":"theFactory:2_Experiment_Personnel","floor":44,"turns":8},{"damage":10,"enemies":"theFactory:6_Mini-Bots","floor":48,"turns":3},{"damage":118,"enemies":"theFactory:SPIDER","floor":50,"turns":29}],"seed_played":"4580661739168851385","potions_obtained":[{"floor":4,"key":"Energy Potion"},{"floor":16,"key":"Cursed Concoction"},{"floor":18,"key":"Block Potion"},{"floor":25,"key":"Reflective Coating"},{"floor":33,"key":"TheSimpletonMod:KindlingPotion"},{"floor":34,"key":"Swift Potion"},{"floor":35,"key":"Toxic Potion"}],"is_trial":false,"path_per_floor":["M","?","?","M","?","R","R","R","T","R","R","M","M","$","R","B",null,"M","M","?","$","?","R","?","?","T","?","$","?","R","T","R","B",null,"M","?","?","$","?","R","$","R","T","M","R","R","T","M","R","B",null],"character_chosen":"THE_SIMPLETON","items_purchased":["MerchantsRug","TheSimpletonMod:KeenEdge","TheSimpletonMod:CloseScrape","PrismaticShard","Regal Pillow","TheSimpletonMod:SaladShooter","Dark Shackles","TheSimpletonMod:PestManagement","TheSimpletonMod:ToughenUp","Replay:Parry","TheSimpletonMod:Rake","FossilizedHelix","TheSimpletonMod:PestManagement"],"campfire_rested":5,"item_purchase_floors":[10,14,14,21,28,28,30,32,32,38,38,46,46],"current_hp_per_floor":[90,99,108,114,112,121,130,139,148,157,166,175,178,188,202,195,217,223,229,238,247,220,265,274,283,292,301,310,319,328,337,346,352,366,372,381,390,399,400,417,426,435,444,367,462,471,480,480,490,394],"gold":28,"neow_bonus":"","is_daily":true,"chose_seed":false,"campfire_upgraded":4,"win_rate":0.0,"timestamp":1608153447,"path_taken":["M","?","?","M","?","R","R","R","T","R","R","M","?","$","R","BOSS","M","M","?","$","?","R","?","?","T","?","$","?","R","?","R","BOSS","M","?","?","$","?","R","?","R","T","?","R","R","?","?","R","BOSS"],"items_purchased_type":["Relic","Card","Card","Relic","Relic","Card","Card","Card","Card","Card","Card","Relic","Card"],"build_version":"2020-12-13","purchased_purges":1,"victory":true,"max_hp_per_floor":[90,99,108,114,112,121,130,139,148,157,166,175,184,193,202,208,217,223,229,238,247,256,265,274,283,292,301,310,319,328,337,346,352,366,372,381,390,399,408,417,426,435,444,453,462,471,480,486,495,510],"card_choices":[{"not_picked":[],"picked":"BloodyBrimstone","floor":0},{"not_picked":["TheSimpletonMod:OnionBloom","TheSimpletonMod:GoToMarket"],"picked":"TheSimpletonMod:DoubleBarrel","floor":1},{"not_picked":["TheSimpletonMod:SpiceUp","TheSimpletonMod:Thresh"],"picked":"TheSimpletonMod:SaltTheEarth","floor":4},{"not_picked":["Menagerie:CrumblingSanctuary","Menagerie:Tinker"],"picked":"Menagerie:SteelWall","floor":5},{"not_picked":["Menagerie:WallOfBlossoms","Menagerie:LoxodonWarhammer"],"picked":"Menagerie:Languish","floor":5},{"not_picked":["Menagerie:RelicOfProgenitus","Menagerie:CrumblingSanctuary"],"picked":"Menagerie:Staggershock","floor":5},{"not_picked":["TheSimpletonMod:PestManagement","TheSimpletonMod:DoubleBarrel"],"picked":"TheSimpletonMod:KeenEdge","floor":12},{"not_picked":["TheSimpletonMod:Onions","TheSimpletonMod:LandGrant"],"picked":"TheSimpletonMod:SpiceUp","floor":13},{"not_picked":["TheSimpletonMod:DesperatePlunge","TheSimpletonMod:HitTheSack"],"picked":"TheSimpletonMod:BirdFeeder","floor":16},{"not_picked":["TheSimpletonMod:Ferment","TheSimpletonMod:OnionBloom+1"],"picked":"TheSimpletonMod:Fertilaser","floor":18},{"not_picked":["TheSimpletonMod:Swelter","TheSimpletonMod:PestManagement"],"picked":"TheSimpletonMod:FanTheFlames","floor":19},{"not_picked":["WordoMod:Miasma","Detonate_Bones"],"picked":"Fiend Fire","floor":33},{"not_picked":["hermit:Glare","stsjorbsmod:WanderingMind"],"picked":"TheSimpletonMod:Onions+1","floor":34},{"not_picked":["theCatGirl:PilingErrors","stsjorbsmod:Index+1"],"picked":"theCatGirl:KeepAlert+1","floor":35},{"not_picked":["RobotSpaceExplorer:Counterblock+1","Hemokinesis+1"],"picked":"TheCursedMod:SmokeScreen+1","floor":44},{"not_picked":["chefmod:Sorbet+1","Conserve Battery"],"picked":"EmptyFist+1","floor":48}],"player_experience":4812067,"relics_obtained":[{"floor":9,"key":"MawBank"},{"floor":26,"key":"BelialBook"},{"floor":31,"key":"DeadEye"},{"floor":43,"key":"StuffTheSpire:HeavyRock"},{"floor":47,"key":"Dota2Spire:MantaStyle"},{"floor":49,"key":"Leech"}],"event_choices":[{"damage_healed":0,"gold_gain":0,"player_choice":"Ignored","damage_taken":0,"max_hp_gain":0,"max_hp_loss":0,"event_name":"Menagerie:CorruptingLight","floor":3,"gold_loss":0},{"damage_healed":0,"gold_gain":0,"player_choice":"Read","damage_taken":0,"max_hp_gain":0,"max_hp_loss":11,"event_name":"Menagerie:OvergrownLibrary","floor":5,"gold_loss":0,"cards_obtained":["Doubt"]},{"damage_healed":0,"gold_gain":100,"player_choice":"Pray","damage_taken":0,"max_hp_gain":0,"max_hp_loss":0,"event_name":"Golden Shrine","floor":29,"gold_loss":0},{"damage_healed":0,"gold_gain":0,"cards_transformed":["Fiend Fire"],"player_choice":"Transformed","damage_taken":0,"max_hp_gain":0,"max_hp_loss":0,"event_name":"Transmorgrifier","floor":36,"gold_loss":0,"cards_obtained":["TheSimpletonMod:Onions"]}],"is_beta":false,"boss_relics":[{"not_picked":["halation:PlatinumPhoenix","Replay:Grab Bag"],"picked":"Empty Cage"},{"not_picked":[]},{"not_picked":["vexMod:TanglingVine","theSleuth:AffinityCrow"],"picked":"Tiny House"},{"not_picked":[]}],"items_purged_floors":[10],"is_endless":false,"potions_floor_spawned":[4,16,18,33,35],"ascension_level":0}}