{"host":"zx10cf1fsoa3eqiy","time":1608093987,"event":{"mods":["BaseMod","Colored Powertips","Downfall","Highlight Path","Minty Spire (QoL Compilation)","Quick Restart","Replay The Spire","Shop Mod","StSLib","Td1madao Mod","The Servant 0.9.4","Yuri Mod"],"gold_per_floor":[99,99,131,131,131,131,178,278,203,231,39,54,71,56,69,69,69],"floor_reached":16,"playtime":676,"items_purged":[],"score":156,"play_id":"fe79a488-9d52-4437-9504-0368e523204b","local_time":"20201216124627","is_ascension_mode":false,"campfire_choices":[{"data":"champ:Taunt","floor":1.0,"key":"SMITH"},{"floor":4.0,"key":"RECALL"},{"data":"champ:RecklessLeap","floor":6.0,"key":"SMITH"},{"data":"champ:FlashCut","floor":9.0,"key":"SMITH"}],"circlet_count":0,"master_deck":["champ:Strike","champ:Strike","champ:Strike","champ:Strike","champ:Defend","champ:Defend","champ:Defend","champ:Defend","champ:Execute","champ:Taunt+1","champ:FlashCut+1","champ:RecklessLeap+1","champ:CalledShot","champ:BerserkersShout","champ:Encircle","champ:IronFortress","champ:Shatter","champ:IgnorePain"],"relics":["champ:ChampionCrown","downfall:HeartsMalice","MealTicket","Pondfish Scales","Smiling Mask","downfall:HeartBlessingRed","Ornamental Fan","Regal Pillow"],"acts_visited":["Exordium"],"potions_floor_usage":[],"damage_taken":[{"damage":0.0,"enemies":"Jaw Worm","floor":2.0,"turns":1.0},{"damage":0.0,"enemies":"Gremlin Nob","floor":3.0,"turns":1.0},{"damage":0.0,"enemies":"3 Sentries","floor":10.0,"turns":1.0},{"damage":34.0,"enemies":"downfall:FleeingMerchant","floor":11.0,"turns":4.0},{"damage":5.0,"enemies":"2 Louse","floor":12.0,"turns":2.0},{"damage":18.0,"enemies":"Cultist","floor":13.0,"turns":3.0},{"damage":18.0,"enemies":"downfall:FleeingMerchant","floor":14.0,"turns":4.0},{"damage":18,"enemies":"Red Slaver","floor":15,"turns":4},{"damage":94,"enemies":"downfall:Defect","floor":16,"turns":5}],"seed_played":"-8537119091673686280","potions_obtained":[{"floor":10.0,"key":"champ:OpenerPotion"},{"floor":12.0,"key":"ColorlessPotion"},{"floor":15,"key":"Elixir"}],"is_trial":false,"path_per_floor":["R","M","E","R","?","R","T","?","R","E","$","M","M","$","M","B"],"character_chosen":"THE_CHAMP","items_purchased":["Regal Pillow","champ:Encircle"],"campfire_rested":0,"item_purchase_floors":[11,11],"current_hp_per_floor":[90,90,90,90,87,87,87,87,87,87,89,89,83,82,75,0,0],"gold":69,"neow_bonus":"THREE_ENEMY_KILL","is_daily":false,"chose_seed":false,"campfire_upgraded":3,"win_rate":0.0,"timestamp":1608093987,"path_taken":["R","M","E","R","?","R","T","?","R","E","$","M","M","$","M","BOSS"],"items_purchased_type":["Relic","Card"],"build_version":"2020-12-13","purchased_purges":0,"victory":false,"max_hp_per_floor":[90,90,90,90,90,90,90,90,90,90,90,90,90,90,90,90,90],"card_choices":[{"not_picked":["champ:GladiatorsShout","champ:Lariat"],"picked":"champ:FlashCut","floor":2.0},{"not_picked":["champ:SkillfulDodge","champ:Duel"],"picked":"champ:RecklessLeap","floor":3.0},{"not_picked":["champ:FocusedGladiator","champ:FanOfKnives"],"picked":"champ:CalledShot","floor":10.0},{"not_picked":["champ:StanceDance","champ:BringItOn"],"picked":"champ:BerserkersShout","floor":11.0},{"not_picked":["champ:RisingSlash","champ:BerserkersShout"],"picked":"champ:IronFortress","floor":12.0},{"not_picked":["champ:EnragedBash","champ:CrookedStrike"],"picked":"champ:Shatter","floor":13.0},{"not_picked":["champ:IronFortress","champ:AdrenalArmor"],"picked":"champ:IgnorePain","floor":14.0},{"not_picked":["champ:BringItOn","champ:RisingSlash","champ:PerfectedStrike"],"picked":"SKIP","floor":15}],"player_experience":239130,"relics_obtained":[{"floor":3.0,"key":"MealTicket"},{"floor":7.0,"key":"Smiling Mask"},{"floor":10.0,"key":"Ornamental Fan"}],"event_choices":[{"damage_healed":0.0,"max_hp_gain":0.0,"max_hp_loss":0.0,"gold_gain":0.0,"event_name":"Scrap Ooze","player_choice":"Success","floor":5.0,"gold_loss":0.0,"damage_taken":3.0,"relics_obtained":["Pondfish Scales"]},{"damage_healed":0.0,"max_hp_gain":0.0,"max_hp_loss":0.0,"gold_gain":100.0,"event_name":"Wheel of Change","player_choice":"Gold","floor":8.0,"gold_loss":0.0,"damage_taken":0.0}],"is_beta":false,"boss_relics":[],"items_purged_floors":[],"is_endless":false,"potions_floor_spawned":[10,12,15],"killed_by":"downfall:Defect","ascension_level":0}}