{"host":"ok3pmhc1fiz31noj","time":1608130107,"event":{"mods":["AchievementEnabler","BaseMod","Colored Map","Minty Spire (QoL Compilation)","Quick Restart","Replay The Spire","StSLib"],"gold_per_floor":[117,117,131,56,56,56,108,108,132,82,112,112,12,27,27,131,131,148,148,23,33,663,663,690,705,705,705,718,718,749,749,749],"floor_reached":31,"playtime":918,"items_purged":["Defend_G","Strike_G","Strike_G"],"score":334,"play_id":"07636b1b-a3b3-42f3-93eb-0d3020b68c14","local_time":"20201216224827","is_ascension_mode":true,"campfire_choices":[{"data":"Cloak And Dagger","floor":6,"key":"SMITH"},{"data":"Hidden Blade","floor":8,"key":"SMITH"},{"data":"Neutralize","floor":15,"key":"SMITH"},{"floor":23,"key":"REST"},{"floor":27,"key":"REST"}],"circlet_count":0,"master_deck":["Strike_G","Strike_G","Strike_G","Defend_G","Defend_G","Defend_G","Survivor+1","Neutralize+1","Cloak And Dagger+1","Night Terror+1","Adrenaline","Cloak And Dagger","ReplayTheSpireMod:From All Sides","Fluid Movement","Distraction","Decay"],"relics":["Ring of the Snake","NeowsBlessing","MealTicket","Pen Nib","Bronze Scales","Potion Belt","WristBlade","Ninja Scroll","Replay:Towering Pillar of Hats","Replay:Bottled Flurry"],"acts_visited":["Exordium","TheCity"],"potions_floor_usage":[24,24,24,30],"damage_taken":[{"damage":0,"enemies":"Small Slimes","floor":1,"turns":1},{"damage":0,"enemies":"Cultist","floor":3,"turns":1},{"damage":0,"enemies":"Gremlin Nob","floor":11,"turns":1},{"damage":0,"enemies":"Jaw Worm","floor":14,"turns":3},{"damage":45,"enemies":"The Guardian","floor":16,"turns":15},{"damage":0,"enemies":"Spheric Guardian","floor":18,"turns":3},{"damage":0,"enemies":"Chosen","floor":21,"turns":3},{"damage":14,"enemies":"Slavers","floor":24,"turns":5},{"damage":0,"enemies":"3 Cultists","floor":25,"turns":4},{"damage":4,"enemies":"Centurion and Healer","floor":28,"turns":3},{"damage":13,"enemies":"Book of Stabbing","floor":30,"turns":4},{"damage":0,"enemies":"Shelled Parasite and Fungi","floor":31,"turns":1}],"seed_played":"-6008928417329519738","potions_obtained":[{"floor":11,"key":"Ancient Potion"},{"floor":14,"key":"Cursed Concoction"},{"floor":16,"key":"Venom Potion"},{"floor":18,"key":"Strength Potion"},{"floor":24,"key":"Cursed Concoction"},{"floor":28,"key":"DuplicationPotion"}],"is_trial":false,"path_per_floor":["M","?","M","$","?","R","T","R","T","?","E","?","$","M","R","B",null,"M","?","$","M","?","R","E","M","T","R","M","?","E","M"],"character_chosen":"THE_SILENT","items_purchased":[],"campfire_rested":2,"item_purchase_floors":[],"current_hp_per_floor":[70,70,70,70,70,70,70,70,70,70,70,70,70,70,70,25,70,70,70,70,70,1,22,8,8,8,29,25,25,12,12,12],"gold":749,"neow_bonus":"THREE_ENEMY_KILL","is_daily":false,"chose_seed":false,"campfire_upgraded":3,"win_rate":0.0,"timestamp":1608130107,"path_taken":["M","?","?","$","?","R","?","R","T","?","E","?","?","M","R","BOSS","M","?","$","M","?","R","E","M","T","R","?","?","E","M"],"items_purchased_type":[],"build_version":"2020-12-13","purchased_purges":3,"victory":false,"max_hp_per_floor":[70,70,70,70,70,70,70,70,70,70,70,70,70,70,70,70,70,70,70,70,70,70,70,70,70,70,70,70,70,70,70,70],"card_choices":[{"not_picked":["Backflip","Deadly Poison"],"picked":"Hidden Blade","floor":1},{"not_picked":["Deadly Poison","PiercingWail"],"picked":"Cloak And Dagger","floor":3},{"not_picked":["Outmaneuver","Sneak Up"],"picked":"Night Terror","floor":11},{"not_picked":["Flechettes","Sucker Punch","Poisoned Stab"],"picked":"SKIP","floor":14},{"not_picked":["Glass Knife","ReplayTheSpireMod:From All Sides"],"picked":"Adrenaline","floor":16},{"not_picked":["Deflect+1","Sucker Punch+1"],"picked":"Cloak And Dagger","floor":18},{"not_picked":["Leg Sweep+1","Dash"],"picked":"Distraction","floor":21},{"not_picked":["ReplayTheSpireMod:Exploit Weakness","Backflip","Prepared+1"],"picked":"SKIP","floor":24},{"not_picked":["Catalyst","Flechettes","Acrobatics"],"picked":"SKIP","floor":25},{"not_picked":["Hidden Blade","Caltrops+1","Slice"],"picked":"SKIP","floor":28},{"not_picked":["Dash","Wraith Form v2","Calculated Gamble"],"picked":"SKIP","floor":30}],"player_experience":121649,"relics_obtained":[{"floor":7,"key":"Pen Nib"},{"floor":9,"key":"Bronze Scales"},{"floor":11,"key":"Potion Belt"},{"floor":24,"key":"Ninja Scroll"},{"floor":26,"key":"Replay:Towering Pillar of Hats"},{"floor":30,"key":"Replay:Bottled Flurry"}],"event_choices":[{"damage_healed":0,"gold_gain":0,"player_choice":"Upgraded","damage_taken":0,"max_hp_gain":0,"max_hp_loss":0,"event_name":"Upgrade Shrine","floor":2,"gold_loss":0,"cards_upgraded":["Survivor"]},{"damage_healed":0,"gold_gain":0,"player_choice":"Box","damage_taken":0,"relics_obtained":["MealTicket"],"max_hp_gain":0,"max_hp_loss":0,"event_name":"Big Fish","floor":5,"gold_loss":0,"cards_obtained":["Regret"]},{"cards_removed":["Regret"],"damage_healed":0,"gold_gain":0,"player_choice":"Card Removal","damage_taken":0,"max_hp_gain":0,"max_hp_loss":0,"event_name":"The Cleric","floor":10,"gold_loss":50},{"damage_healed":0,"gold_gain":0,"cards_transformed":["Hidden Blade","Defend_G"],"player_choice":"Became Test Subject","damage_taken":0,"max_hp_gain":0,"max_hp_loss":0,"event_name":"Drug Dealer","floor":19,"gold_loss":0,"cards_obtained":["ReplayTheSpireMod:From All Sides","Fluid Movement"]},{"damage_healed":0,"gold_gain":630,"player_choice":"GOLD GOLD GOLD GOLD GOLD GOLD GOLD ","damage_taken":69,"max_hp_gain":0,"max_hp_loss":0,"event_name":"Knowing Skull","floor":22,"potions_obtained":[],"gold_loss":0,"cards_obtained":[]},{"damage_healed":0,"gold_gain":0,"player_choice":"Smashed Altar","damage_taken":0,"max_hp_gain":0,"max_hp_loss":0,"event_name":"Forgotten Altar","floor":29,"gold_loss":0,"cards_obtained":["Decay"]}],"is_beta":false,"boss_relics":[{"not_picked":["Black Star","Fusion Hammer"],"picked":"WristBlade"}],"items_purged_floors":[4,13,20],"is_endless":false,"potions_floor_spawned":[11,14,16,18,24,28],"killed_by":"Shelled Parasite and Fungi","ascension_level":1}}