{"host":"j9rq22nraqsrbvz2","time":1608114970,"event":{"mods":["AchievementEnabler","Act Like it!","BaseMod","BetterRewards","Colored Map","Colored Powertips","Conspire","Downfall","Friendly Minions","GifTheSpireLib","Googly Eyes","Gremlin Mod","Halation","Hallownest","Hermit","Hubris","Hunter ??","Kiyohime????","Mimic Mod","Minty Spire (QoL Compilation)","Replay The Spire","Shop Mod","StSLib","Stuff the Spire","The Administrix","The Bug Knight","The Factory","The IronCluck","The Jungle","TheBandit"],"gold_per_floor":[111,111,131,146,71,105,105,105,145,145,112,132,132,145,145,240,240,277,339,466,466,466,466,421,421,536,536,706,626,853,23,23,600,1125,1129,1129],"floor_reached":35,"playtime":3718,"items_purged":["Pain"],"score":673,"play_id":"df154d78-683c-4a5f-98c1-7550248b0073","local_time":"20201216053610","is_ascension_mode":false,"campfire_choices":[{"floor":8,"key":"REST"},{"data":"HollowMod:DashSlash","floor":13,"key":"SMITH"},{"floor":15,"key":"REST"},{"floor":23,"key":"REST"},{"floor":25,"key":"REST"},{"floor":32,"key":"REST"}],"circlet_count":0,"master_deck":["HollowMod:NailStrikeStart+1","HollowMod:NailStrikeStart+1","HollowMod:NailStrikeStart+1","HollowMod:NailStrikeStart+1","HollowMod:QuickDashStart","HollowMod:QuickDashStart","HollowMod:QuickDashStart","HollowMod:QuickDashStart","HollowMod:FocusHealStart+1","HollowMod:PogoStrike","HollowMod:HowlingWraiths+1","HollowMod:QuirrelsAssistance","HollowMod:GoodIntentions","HollowMod:CloakDash","HollowMod:DashSlash+1","HollowMod:InfectedAttack","HollowMod:InfectedAttack","HollowMod:InfectedCysts","HollowMod:MantisMark","HollowMod:HornetsHelp","Hallucinations","hubris:Greed","hubris:Greed","hubris:Greed","hubris:Greed","HollowMod:MothsMistake","hubris:Greed","hubris:Greed","hubris:Greed","hubris:Greed","hubris:Greed","HollowMod:DesolateDive+1","hubris:Greed","hubris:Greed","hubris:Greed","hubris:Greed","hubris:Greed","hubris:Greed","HollowMod:CycloneSlash+1","Hallownest:pwrSporeShroom+1","hubris:Greed","hubris:Greed","hubris:Greed","hubris:Greed","hubris:Greed","hubris:Greed","hubris:Greed","hubris:Greed","hubris:Greed","hubris:Greed","hubris:Greed","hubris:Greed","hubris:Greed","HollowMod:DoubleDash+1","Hallownest:skillCityofTearsMap","hubris:Greed","hubris:Greed","hubris:Greed","hubris:Greed","hubris:Greed","hubris:Greed","hubris:Greed","hubris:Greed","hubris:Greed","hubris:Greed","hubris:Greed","hubris:Greed","hubris:Greed","HollowMod:GrimmsGift","hubris:Greed","hubris:Greed","hubris:Greed","hubris:Greed","hubris:Greed","hubris:Greed","hubris:Greed","hubris:Greed","hubris:Greed","hubris:Greed","hubris:Greed","hubris:Greed","hubris:Greed","hubris:Greed","hubris:Greed","hubris:Greed","hubris:Greed","hubris:Greed","hubris:Greed","hubris:Greed","hubris:Greed","hubris:Greed","hubris:Greed","hubris:Greed","hubris:Greed","hubris:Greed","hubris:Greed","hubris:Greed","hubris:Greed","hubris:Greed","hubris:Greed","hubris:Greed","hubris:Greed","hubris:Greed","hubris:Greed","hubris:Greed","hubris:Greed","hubris:Greed","hubris:Greed","hubris:Greed","hubris:Greed","hubris:Greed","hubris:Greed","hubris:Greed","hubris:Greed","hubris:Greed","hubris:Greed","hubris:Greed","hubris:Greed","hubris:Greed","hubris:Greed","hubris:Greed","hubris:Greed","hubris:Greed","HollowMod:Weaversong","HollowMod:TaintedHusks","hubris:Greed","hubris:Greed","hubris:Greed","hubris:Greed","hubris:Greed","hubris:Greed","hubris:Greed","hubris:Greed","hubris:Greed","hubris:Greed"],"relics":["HollowMod:VesselMask","NeowsBlessing","StuffTheSpire:OldFever","hubris:Towel","Bag of Preparation","conspire:TopHat","halation:PinkSoulGem","Replay:Ancient Bell","Bronze Scales","Mercury Hourglass","Lizard Tail","hubris:SphereOfDissonance","Replay:Bottled Eggs","halation:EternalFortune","Replay:Bandana","Strange Spoon","Whetstone","MerchantsRug","Replay:Bottled Flurry","Tiny House"],"acts_visited":["Exordium","Hallownest:CityofTears","Hallownest:KingdomsEdge"],"potions_floor_usage":[19,20,20,26,33,33,35,35],"damage_taken":[{"damage":0,"enemies":"Jaw Worm","floor":1,"turns":1},{"damage":0,"enemies":"Cultist","floor":3,"turns":1},{"damage":0,"enemies":"2 Louse","floor":4,"turns":1},{"damage":22,"enemies":"3 Sentries","floor":6,"turns":5},{"damage":1,"enemies":"2 Fungi Beasts","floor":9,"turns":9},{"damage":10,"enemies":"2 Fungi Beasts","floor":12,"turns":4},{"damage":16,"enemies":"Exordium Thugs","floor":14,"turns":3},{"damage":56,"enemies":"Fading Forest","floor":16,"turns":11},{"damage":27,"enemies":"Hallownest:2_Mistakes","floor":18,"turns":6},{"damage":14,"enemies":"Hallownest:Guard_and_Sentry","floor":19,"turns":5},{"damage":23,"enemies":"Hallownest:Glutton_and_Coward","floor":20,"turns":3},{"damage":17,"enemies":"Hallownest:Master_and_Novice","floor":26,"turns":6},{"damage":0,"enemies":"Hallownest:eliteSoulWarrior","floor":28,"turns":1},{"damage":30,"enemies":"Hallownest:Master_and_Novice","floor":30,"turns":3},{"damage":113,"enemies":"Hallownest:BossSoulMaster","floor":33,"turns":17},{"damage":117,"enemies":"Hallownest:3_Siblings","floor":35,"turns":9}],"seed_played":"6827436040528707125","potions_obtained":[{"floor":6,"key":"ColorlessPotion"},{"floor":12,"key":"SmokeBomb"},{"floor":16,"key":"Fire Potion"},{"floor":18,"key":"LiquidMemories"},{"floor":20,"key":"LifebloodPotion"},{"floor":28,"key":"champ:CounterPotion"},{"floor":33,"key":"SkillPotion"},{"floor":34,"key":"AntidotePotion"}],"is_trial":false,"path_per_floor":["M","?","M","M","?","E","?","R","MIM","?","$","M","R","M","R","B",null,"M","M","M","?","?","R","?","R","MIM","?","E","?","M","$","R","B",null,"M"],"character_chosen":"THE_BUGKNIGHT","items_purchased":["HollowMod:InfectedAttack","Strange Spoon","Whetstone","MerchantsRug","Replay:Bottled Flurry","Adrenaline Potion"],"campfire_rested":5,"item_purchase_floors":[11,31,31,31,31,31],"current_hp_per_floor":[75,75,75,75,80,64,64,80,79,79,79,69,69,53,77,31,80,53,39,16,16,16,40,40,64,55,58,58,58,31,31,56,7,91,0,0],"gold":1129,"neow_bonus":"THREE_ENEMY_KILL","is_daily":false,"chose_seed":false,"campfire_upgraded":1,"win_rate":0.0,"timestamp":1608114970,"path_taken":["M","?","?","M","?","E","?","R","MIM","?","?","M","R","M","R","BOSS","M","M","M","?","?","R","?","R","MIM","?","E","?","M","$","R","BOSS","M"],"items_purchased_type":["Card","Relic","Relic","Relic","Relic","Potion"],"build_version":"2020-12-13","purchased_purges":1,"victory":false,"max_hp_per_floor":[75,75,75,75,80,80,80,80,80,80,80,80,80,80,80,80,80,80,80,80,80,80,80,80,80,80,83,83,83,86,86,86,86,91,91,91],"card_choices":[{"not_picked":["HollowMod:WraithStrike","HollowMod:HuntersJournal"],"picked":"HollowMod:HowlingWraiths","floor":1},{"not_picked":["HollowMod:VengefulVoid","HollowMod:MonarchWings"],"picked":"HollowMod:QuirrelsAssistance","floor":3},{"not_picked":["HollowMod:BaldurShell","HollowMod:GreatSlash"],"picked":"HollowMod:GoodIntentions","floor":4},{"not_picked":["HollowMod:HeavyBlow","HollowMod:ShadowDash"],"picked":"HollowMod:CloakDash","floor":6},{"not_picked":["HollowMod:HowlingWraiths","HollowMod:NewLittleFool"],"picked":"HollowMod:DashSlash","floor":9},{"not_picked":["HollowMod:InfectionAssault","HollowMod:VengefulVoid"],"picked":"HollowMod:InfectedCysts","floor":12},{"not_picked":["HollowMod:SharpenedNail","HollowMod:HowlingWraiths"],"picked":"HollowMod:MantisMark","floor":14},{"not_picked":["HollowMod:theNailsmith","HollowMod:AwokenDreamNail"],"picked":"HollowMod:HornetsHelp","floor":16},{"not_picked":["hubris:Envy","hubris:Despair"],"picked":"Hallucinations","floor":17},{"not_picked":["Overencumbered","Delirium"],"picked":"Pain","floor":17},{"not_picked":["hubris:Envy","ReplayTheSpireMod:IOU"],"picked":"hubris:Greed","floor":17},{"not_picked":["HollowMod:GreatSlash","HollowMod:ChannelNail"],"picked":"HollowMod:MothsMistake","floor":18},{"not_picked":["HollowMod:NewJinnsSoul","HollowMod:MonarchWings+1"],"picked":"HollowMod:DesolateDive+1","floor":19},{"not_picked":["HollowMod:SoulSplash","HollowMod:MawleksShell"],"picked":"HollowMod:CycloneSlash","floor":20},{"not_picked":["HollowMod:MonarchWings","HollowMod:VengefulSpirit+1"],"picked":"HollowMod:DoubleDash+1","floor":28},{"not_picked":["HollowMod:QuirrelsAssistance","HollowMod:HowlingWraiths"],"picked":"HollowMod:GrimmsGift","floor":30},{"not_picked":["HollowMod:VoidDash","HollowMod:theNailsmith"],"picked":"HollowMod:Weaversong","floor":33},{"not_picked":["HollowMod:DesolateDive","HollowMod:PureNailStrike"],"picked":"HollowMod:TaintedHusks","floor":34}],"player_experience":83319,"relics_obtained":[{"floor":6,"key":"StuffTheSpire:OldFever"},{"floor":9,"key":"Bag of Preparation"},{"floor":9,"key":"conspire:TopHat"},{"floor":26,"key":"hubris:SphereOfDissonance"},{"floor":26,"key":"Replay:Bottled Eggs"},{"floor":28,"key":"Replay:Bandana"},{"floor":30,"key":"halation:EternalFortune"}],"event_choices":[{"damage_healed":0,"gold_gain":0,"player_choice":"Forge","damage_taken":0,"max_hp_gain":0,"max_hp_loss":0,"event_name":"Accursed Blacksmith","floor":2,"gold_loss":0,"cards_upgraded":["HollowMod:FocusHealStart"]}],"is_beta":false,"boss_relics":[{"not_picked":["conspire:RunicOctahedron","hubris:Backtick"],"picked":"Replay:Ancient Bell"},{"not_picked":["Dream Catcher","hubris:SlimyHat"],"picked":"Bronze Scales"},{"not_picked":["conspire:Flyswatter","Singing Bowl"],"picked":"Mercury Hourglass"},{"not_picked":["Prayer Wheel","Unceasing Top"],"picked":"Lizard Tail"},{"not_picked":["Philosopher\u0027s Stone","Empty Cage"],"picked":"Tiny House"}],"items_purged_floors":[31],"is_endless":false,"potions_floor_spawned":[6,12,16,18,20,28,33],"killed_by":"Hallownest:3_Siblings","ascension_level":0}}