{"host":"en3i0mvpfa3c1sbz","time":1608118083,"event":{"mods":["BaseMod","BetterRewards","Dota2Spire","Downfall","GifTheSpireLib","Hubris","Infinite Spire","Marisa£®ÏF”Í°°ƒß¿Ì…≥£©","Minty Spire (QoL Compilation)","READ ME - Guardian Mod","Replay The Spire","Shop Mod","StSLib","Stuff the Spire","The Administrix","The Factory","The Jungle"],"gold_per_floor":[116,126,57,57,68,102,117,117,117],"floor_reached":8,"playtime":465,"items_purged":[],"score":70,"play_id":"b477a4c6-831b-452e-9b51-88060e15b677","local_time":"20201216192803","is_ascension_mode":true,"campfire_choices":[],"circlet_count":0,"master_deck":["Strike_R","Strike_R","Strike_R","Strike_R","Strike_R","Defend_R","Defend_R","Defend_R","Defend_R","Feel No Pain","Clash","Shrug It Off","Limit Break","ReplayTheSpireMod:Muscle Training","Headbutt","Body Slam","Pommel Strike"],"relics":["Burning Blood","Chemical X","Toy Ornithopter"],"acts_visited":["Exordium"],"potions_floor_usage":[8,8],"damage_taken":[{"damage":10.0,"enemies":"Cultist","floor":1.0,"turns":5.0},{"damage":0.0,"enemies":"Small Slimes","floor":2.0,"turns":3.0},{"damage":8.0,"enemies":"Jaw Worm","floor":5.0,"turns":4.0},{"damage":17.0,"enemies":"3 Sentries","floor":6.0,"turns":9.0},{"damage":5.0,"enemies":"Looter","floor":7.0,"turns":3.0},{"damage":98,"enemies":"Nightmare","floor":8,"turns":9}],"seed_played":"6804426356256583016","potions_obtained":[{"floor":1.0,"key":"Guardian:BlockOnCardUsePotion"},{"floor":7.0,"key":"Energy Potion"}],"is_trial":false,"path_per_floor":["M","M","$","?","M","E","M","NM"],"character_chosen":"IRONCLAD","items_purchased":["Chemical X","Limit Break"],"campfire_rested":0,"item_purchase_floors":[0,3],"current_hp_per_floor":[76,80,80,80,78,67,68,0,0],"gold":117,"neow_bonus":"","is_daily":false,"chose_seed":false,"campfire_upgraded":0,"win_rate":0.0,"timestamp":1608118083,"path_taken":["M","M","$","?","M","E","M","E"],"items_purchased_type":["Relic","Card"],"build_version":"2020-12-13","purchased_purges":0,"victory":false,"max_hp_per_floor":[80,80,80,80,80,80,80,80,80],"card_choices":[{"not_picked":["Burning Pact","Clothesline"],"picked":"Clash","floor":1.0},{"not_picked":["Pommel Strike","Carnage"],"picked":"Shrug It Off","floor":2.0},{"not_picked":["Twin Strike","Clothesline"],"picked":"Headbutt","floor":5.0},{"not_picked":["Bloodletting","True Grit"],"picked":"Body Slam","floor":6.0},{"not_picked":["Defy Death","Havoc"],"picked":"Pommel Strike","floor":7.0}],"player_experience":300509,"relics_obtained":[{"floor":6.0,"key":"Toy Ornithopter"}],"event_choices":[],"is_beta":false,"boss_relics":[],"items_purged_floors":[],"is_endless":false,"potions_floor_spawned":[1,7],"killed_by":"Nightmare","ascension_level":4}}