{"host":"9anmc1688xy4jiyg","time":1608132363,"event":{"mods":["AchievementEnabler","BaseMod","Highlight Path","Minty Spire (QoL Compilation)","Relic Stats","StSLib","ojb\u0027s Info Mod"],"gold_per_floor":[109,109,34,59,209,242,257,280,280,280,294,294,294,327,327,425,425,450,450,468,393,416,416,416],"floor_reached":23,"playtime":845,"items_purged":[],"score":452,"play_id":"0fea0908-ce36-44fa-bff3-250858084f17","local_time":"20201216162603","is_ascension_mode":true,"campfire_choices":[{"data":"Bash","floor":13,"key":"SMITH"},{"floor":15,"key":"REST"}],"circlet_count":0,"master_deck":["AscendersBane","Strike_R","Strike_R","Strike_R","Strike_R","Defend_R","Defend_R","Defend_R","Defend_R","Bash+1","Ghostly Armor","Body Slam+1","Bloodletting+1","Power Through+1","True Grit+1","True Grit+1","Spot Weakness+1","Immolate","Entrench+1","Disarm+1","Spot Weakness+1"],"relics":["Burning Blood","NeowsBlessing","Golden Idol","Toxic Egg 2","Mummified Hand","Bottled Lightning","White Beast Statue","Mark of Pain","MutagenicStrength"],"acts_visited":["Exordium","TheCity"],"potions_floor_usage":[16,18,20,22,23],"damage_taken":[{"damage":0,"enemies":"Small Slimes","floor":1,"turns":1},{"damage":0,"enemies":"2 Louse","floor":4,"turns":1},{"damage":0,"enemies":"3 Sentries","floor":6,"turns":2},{"damage":6,"enemies":"Cultist","floor":7,"turns":4},{"damage":22,"enemies":"Blue Slaver","floor":8,"turns":6},{"damage":2,"enemies":"Looter","floor":11,"turns":3},{"damage":10,"enemies":"Gremlin Nob","floor":14,"turns":4},{"damage":52,"enemies":"The Guardian","floor":16,"turns":15},{"damage":28,"enemies":"2 Thieves","floor":18,"turns":5},{"damage":29,"enemies":"3 Byrds","floor":20,"turns":7},{"damage":25,"enemies":"3 Cultists","floor":22,"turns":5},{"damage":30,"enemies":"Book of Stabbing","floor":23,"turns":5}],"seed_played":"-7305488616941913987","potions_obtained":[{"floor":6,"key":"FairyPotion"},{"floor":11,"key":"ElixirPotion"},{"floor":16,"key":"Swift Potion"},{"floor":18,"key":"LiquidMemories"},{"floor":20,"key":"Swift Potion"},{"floor":22,"key":"ColorlessPotion"}],"is_trial":false,"path_per_floor":["M","?","?","M","?","E","M","M","T","T","M","?","R","E","R","B",null,"M","?","M","?","M","E"],"character_chosen":"IRONCLAD","items_purchased":[],"campfire_rested":1,"item_purchase_floors":[],"current_hp_per_floor":[74,48,48,54,54,60,60,44,44,44,48,48,48,44,66,20,61,39,39,16,16,28,0,0],"gold":416,"neow_bonus":"THREE_ENEMY_KILL","is_daily":false,"chose_seed":false,"campfire_upgraded":1,"win_rate":0.0,"timestamp":1608132363,"path_taken":["M","?","?","M","?","E","M","M","T","?","M","?","R","E","R","BOSS","M","?","M","?","M","E"],"items_purchased_type":[],"build_version":"2020-12-13","purchased_purges":0,"victory":false,"max_hp_per_floor":[75,75,75,75,75,75,75,75,75,75,75,75,75,75,75,75,75,75,75,75,75,75,75,75],"relic_stats":{"counters":[12,58],"Golden Idol":64,"Mummified Hand":[0],"obtain_stats":[{"NeowsBlessing":0,"Golden Idol":2,"Mummified Hand":9,"MutagenicStrength":19,"Mark of Pain":17,"Bottled Lightning":10,"Toxic Egg 2":6,"Burning Blood":0,"White Beast Statue":14},{"NeowsBlessing":0,"Golden Idol":1,"Mummified Hand":5,"MutagenicStrength":9,"Mark of Pain":8,"Bottled Lightning":5,"Toxic Egg 2":3,"Burning Blood":0,"White Beast Statue":7},{"NeowsBlessing":0,"Golden Idol":1,"Mummified Hand":14,"MutagenicStrength":41,"Mark of Pain":36,"Bottled Lightning":14,"Toxic Egg 2":4,"Burning Blood":0,"White Beast Statue":21}],"Burning Blood":66},"card_choices":[{"not_picked":["Cleave","Inflame"],"picked":"Ghostly Armor","floor":1},{"not_picked":["Headbutt","Burning Pact"],"picked":"Body Slam","floor":4},{"not_picked":["Clash","Hemokinesis"],"picked":"Bloodletting+1","floor":6},{"not_picked":["Perfected Strike","Inflame"],"picked":"Power Through+1","floor":7},{"not_picked":["Seeing Red+1","Twin Strike"],"picked":"True Grit+1","floor":8},{"not_picked":["Havoc+1","Headbutt"],"picked":"True Grit+1","floor":11},{"not_picked":["Body Slam","Seeing Red+1"],"picked":"Spot Weakness+1","floor":14},{"not_picked":["Exhume+1","Bludgeon"],"picked":"Immolate","floor":16},{"not_picked":["Warcry+1","Power Through+1"],"picked":"Entrench+1","floor":18},{"not_picked":["Cleave","Pommel Strike"],"picked":"Disarm+1","floor":20},{"not_picked":["Flame Barrier+1","Sword Boomerang"],"picked":"Spot Weakness+1","floor":22}],"player_experience":446157,"relics_obtained":[{"floor":6,"key":"Toxic Egg 2"},{"floor":9,"key":"Mummified Hand"},{"floor":10,"key":"Bottled Lightning"},{"floor":14,"key":"White Beast Statue"}],"event_choices":[{"damage_healed":0,"gold_gain":0,"player_choice":"Take Damage","damage_taken":26,"relics_obtained":["Golden Idol"],"max_hp_gain":0,"max_hp_loss":0,"event_name":"Golden Idol","floor":2,"gold_loss":0},{"cards_removed":["Strike_R"],"damage_healed":0,"gold_gain":0,"player_choice":"Card Removal","damage_taken":0,"max_hp_gain":0,"max_hp_loss":0,"event_name":"The Cleric","floor":3,"gold_loss":75},{"damage_healed":0,"gold_gain":150,"player_choice":"AGREE","damage_taken":0,"max_hp_gain":0,"max_hp_loss":0,"event_name":"Liars Game","floor":5,"gold_loss":0,"cards_obtained":["Doubt"]},{"damage_healed":0,"gold_gain":0,"player_choice":"Upgraded","damage_taken":0,"max_hp_gain":0,"max_hp_loss":0,"event_name":"Upgrade Shrine","floor":12,"gold_loss":0,"cards_upgraded":["Body Slam"]},{"damage_healed":0,"gold_gain":0,"player_choice":"Inject Mutagens","damage_taken":0,"relics_obtained":["MutagenicStrength"],"max_hp_gain":0,"max_hp_loss":0,"event_name":"Drug Dealer","floor":19,"gold_loss":0},{"cards_removed":["Doubt"],"damage_healed":0,"gold_gain":0,"player_choice":"Gave Gold","damage_taken":0,"max_hp_gain":0,"max_hp_loss":0,"event_name":"Beggar","floor":21,"gold_loss":75}],"is_beta":false,"boss_relics":[{"not_picked":["Runic Pyramid","Black Star"],"picked":"Mark of Pain"}],"items_purged_floors":[],"is_endless":false,"potions_floor_spawned":[6,11,16,18,20,22],"killed_by":"Book of Stabbing","ascension_level":20}}