{"host":"mkv3lj8gfkr85ioo","time":1608086290,"event":{"mods":["AchievementEnabler","BaseMod","Colored Map","Minty Spire (QoL Compilation)","SuperFastMode"],"gold_per_floor":[116,116,116,128,143,143,143,153,153,153,168,183,200,215,215,317,317,335,335,351,351,361,376,200,225,225,225,71,289,289,302,302,401,401,420,269,285,301,319,319,330,330,353,384,384,384,384,402,402,402],"floor_reached":51,"playtime":1791,"items_purged":["Strike_R+1","Strike_R+1"],"score":800,"play_id":"a52827ce-6c6c-40a0-81a0-30193fd98a81","local_time":"20201216113810","is_ascension_mode":false,"campfire_choices":[{"data":"Body Slam","floor":6.0,"key":"SMITH"},{"data":"Bash","floor":10.0,"key":"SMITH"},{"data":"Shockwave","floor":15.0,"key":"SMITH"},{"data":"Barricade","floor":27.0,"key":"SMITH"},{"floor":30.0,"key":"REST"},{"floor":32.0,"key":"REST"},{"data":"Battle Trance","floor":40.0,"key":"SMITH"},{"floor":42.0,"key":"REST"},{"floor":46.0,"key":"REST"},{"floor":49,"key":"REST"}],"circlet_count":0,"master_deck":["Strike_R+1","Strike_R+1","Strike_R+1","Defend_R+1","Defend_R+1","Defend_R+1","Defend_R+1","Bash+1","Shockwave+1","Body Slam+1","Barricade+1","Battle Trance+1","Shrug It Off+1","Fire Breathing+1","Seeing Red+1","Disarm","Power Through+1"],"relics":["Burning Blood"],"acts_visited":["Exordium","TheCity","TheBeyond"],"potions_floor_usage":[50,50],"damage_taken":[{"damage":10.0,"enemies":"Small Slimes","floor":1.0,"turns":5.0},{"damage":6.0,"enemies":"Jaw Worm","floor":4.0,"turns":4.0},{"damage":0.0,"enemies":"2 Louse","floor":5.0,"turns":4.0},{"damage":4.0,"enemies":"Blue Slaver","floor":8.0,"turns":4.0},{"damage":6.0,"enemies":"Large Slime","floor":11.0,"turns":7.0},{"damage":11.0,"enemies":"Lots of Slimes","floor":12.0,"turns":6.0},{"damage":4.0,"enemies":"Red Slaver","floor":13.0,"turns":5.0},{"damage":2.0,"enemies":"2 Fungi Beasts","floor":14.0,"turns":3.0},{"damage":79.0,"enemies":"Hexaghost","floor":16.0,"turns":11.0},{"damage":24.0,"enemies":"Shell Parasite","floor":18.0,"turns":9.0},{"damage":19.0,"enemies":"3 Byrds","floor":20.0,"turns":7.0},{"damage":38.0,"enemies":"Snake Plant","floor":22.0,"turns":7.0},{"damage":8.0,"enemies":"Snecko","floor":23.0,"turns":7.0},{"damage":24.0,"enemies":"Chosen and Byrds","floor":29.0,"turns":11.0},{"damage":8.0,"enemies":"Snake Plant","floor":31.0,"turns":8.0},{"damage":16.0,"enemies":"Automaton","floor":33.0,"turns":12.0},{"damage":27.0,"enemies":"3 Darklings","floor":35.0,"turns":10.0},{"damage":50.0,"enemies":"Orb Walker","floor":37.0,"turns":7.0},{"damage":28.0,"enemies":"3 Darklings","floor":38.0,"turns":10.0},{"damage":2.0,"enemies":"Writhing Mass","floor":39.0,"turns":9.0},{"damage":19.0,"enemies":"Transient","floor":41.0,"turns":5.0},{"damage":3.0,"enemies":"Nemesis","floor":44.0,"turns":9.0},{"damage":23,"enemies":"Spire Growth","floor":48,"turns":9},{"damage":27,"enemies":"Time Eater","floor":50,"turns":11}],"seed_played":"5327799517765751981","potions_obtained":[{"floor":4.0,"key":"BloodPotion"},{"floor":5.0,"key":"BlessingOfTheForge"},{"floor":11.0,"key":"FearPotion"},{"floor":14.0,"key":"Regen Potion"},{"floor":16.0,"key":"Regen Potion"},{"floor":20.0,"key":"Weak Potion"},{"floor":22.0,"key":"Regen Potion"},{"floor":35.0,"key":"FearPotion"},{"floor":38.0,"key":"Explosive Potion"}],"is_trial":false,"path_per_floor":["M","?","?","M","M","R","?","M","T","R","M","M","M","M","R","B",null,"M","?","M","?","M","M","$","T","T","R","$","M","R","M","R","B",null,"M","$","M","M","M","R","M","R","T","E","?","R","?","M","R","B",null],"character_chosen":"IRONCLAD","items_purchased":["FairyPotion","Bag of Preparation","Dexterity Potion"],"campfire_rested":5,"item_purchase_floors":[24,28,36],"current_hp_per_floor":[84,84,66,66,72,72,72,74,74,74,74,69,71,88,88,30,88,70,70,72,72,40,53,53,53,53,53,53,35,61,59,85,75,88,67,67,23,32,36,36,23,49,49,52,52,77,77,60,84,63],"gold":402,"neow_bonus":"TEN_PERCENT_HP_BONUS","is_daily":false,"chose_seed":false,"campfire_upgraded":5,"win_rate":0.0,"timestamp":1608086290,"path_taken":["M","?","?","M","M","R","?","M","T","R","M","M","M","M","R","BOSS","M","?","M","?","?","M","$","?","T","R","$","M","R","M","R","BOSS","M","$","M","M","M","R","M","R","T","E","?","R","?","M","R","BOSS"],"items_purchased_type":["Potion","Relic","Potion"],"build_version":"2020-12-13","purchased_purges":2,"victory":true,"max_hp_per_floor":[88,88,88,88,88,88,88,88,88,88,88,88,88,88,88,88,88,88,88,88,88,88,88,88,88,88,88,88,88,88,88,88,88,88,88,88,88,88,88,88,88,88,88,88,84,84,84,84,84,84],"card_choices":[{"not_picked":["Cleave","Dual Wield","Inflame"],"picked":"SKIP","floor":1.0},{"not_picked":["Heavy Blade","Burning Pact"],"picked":"Shockwave","floor":4.0},{"not_picked":["Clash","Blood for Blood"],"picked":"Body Slam","floor":5.0},{"not_picked":["Headbutt","Sentinel","Burning Pact"],"picked":"SKIP","floor":8.0},{"not_picked":["Headbutt","Sentinel","Burning Pact"],"picked":"SKIP","floor":8.0},{"not_picked":["Rage","Anger","Body Slam"],"picked":"SKIP","floor":11.0},{"not_picked":["Inflame","Sever Soul","Cleave"],"picked":"SKIP","floor":12.0},{"not_picked":["Bloodletting","Sever Soul","Pommel Strike"],"picked":"SKIP","floor":13.0},{"not_picked":["Combust","Seeing Red","Anger"],"picked":"SKIP","floor":14.0},{"not_picked":["Offering","Impervious"],"picked":"Barricade","floor":16.0},{"not_picked":["Feel No Pain+1","Sentinel","Cleave+1"],"picked":"SKIP","floor":18.0},{"not_picked":["True Grit","Cleave","Heavy Blade+1"],"picked":"SKIP","floor":20.0},{"not_picked":["Clothesline","Ghostly Armor","Dark Embrace"],"picked":"SKIP","floor":22.0},{"not_picked":["Twin Strike+1","Heavy Blade+1"],"picked":"Battle Trance","floor":23.0},{"not_picked":["Sentinel","Anger","Thunderclap"],"picked":"SKIP","floor":29.0},{"not_picked":["Feel No Pain","Exhume","Clash"],"picked":"SKIP","floor":31.0},{"not_picked":["Blood for Blood+1","Shockwave+1","Headbutt"],"picked":"SKIP","floor":35.0},{"not_picked":["Pommel Strike","Rage"],"picked":"Shrug It Off+1","floor":37.0},{"not_picked":["Flex+1","Spot Weakness+1","Headbutt"],"picked":"SKIP","floor":38.0},{"not_picked":["Pommel Strike","Armaments+1","Anger+1"],"picked":"SKIP","floor":39.0},{"not_picked":["Flex+1","Sword Boomerang"],"picked":"Fire Breathing+1","floor":41.0},{"not_picked":["Headbutt+1","Perfected Strike"],"picked":"Seeing Red+1","floor":44.0},{"not_picked":["Sentinel","Infernal Blade+1"],"picked":"Power Through+1","floor":48}],"player_experience":156320,"relics_obtained":[{"floor":44.0,"key":"Bottled Tornado"}],"event_choices":[{"damage_healed":0.0,"max_hp_gain":0.0,"max_hp_loss":0.0,"gold_gain":0.0,"event_name":"Liars Game","player_choice":"Ignored","floor":2.0,"gold_loss":0.0,"damage_taken":0.0},{"damage_healed":0.0,"max_hp_gain":0.0,"max_hp_loss":0.0,"gold_gain":0.0,"event_name":"Shining Light","player_choice":"Entered Light","floor":3.0,"gold_loss":0.0,"damage_taken":18.0,"cards_upgraded":["Defend_R","Strike_R"]},{"damage_healed":0.0,"max_hp_gain":0.0,"max_hp_loss":0.0,"gold_gain":0.0,"event_name":"Dead Adventurer","player_choice":"Searched \u00270\u0027 times","floor":7.0,"gold_loss":0.0,"damage_taken":0.0},{"damage_healed":0.0,"max_hp_gain":0.0,"max_hp_loss":0.0,"gold_gain":0.0,"event_name":"Back to Basics","player_choice":"Simplicity","floor":19.0,"gold_loss":0.0,"damage_taken":0.0,"cards_upgraded":["Strike_R","Strike_R","Strike_R","Strike_R","Defend_R","Defend_R","Defend_R"]},{"damage_healed":0.0,"max_hp_gain":0.0,"max_hp_loss":0.0,"gold_gain":0.0,"event_name":"Duplicator","player_choice":"Copied","floor":21.0,"gold_loss":0.0,"damage_taken":0.0,"cards_obtained":["Shockwave"]},{"damage_healed":0.0,"max_hp_gain":0.0,"max_hp_loss":4.0,"gold_gain":0.0,"event_name":"Winding Halls","player_choice":"Max HP","floor":45.0,"gold_loss":0.0,"damage_taken":0.0},{"damage_healed":0,"gold_gain":0,"cards_transformed":["Shockwave"],"player_choice":"Transformed","damage_taken":0,"max_hp_gain":0,"max_hp_loss":0,"event_name":"Transmorgrifier","floor":47,"gold_loss":0,"cards_obtained":["Disarm"]}],"is_beta":false,"boss_relics":[{"not_picked":["Philosopher\u0027s Stone","Snecko Eye","Runic Cube"]},{"not_picked":["Cursed Key","Calling Bell","Astrolabe"]}],"items_purged_floors":[24,36],"is_endless":false,"potions_floor_spawned":[4,5,11,14,16,20,22,29,35,38],"ascension_level":0}}