{"host":"9ndbo4kgsfoemf7y","time":1608117690,"event":{"mods":["AchievementEnabler","BaseMod","Colored Map","DeckTracker","Keyboard Shortcuts","Minty Spire (QoL Compilation)","Permanent Neow","Quick Restart","Relic Stats","StSLib","SuperFastMode"],"gold_per_floor":[116,128,128,153,176,212,212,248,248,248,18,43,43,59,59,59,59],"floor_reached":16,"playtime":325,"items_purged":[],"score":232,"play_id":"502c1380-2e3e-456d-bb5e-4c72775b80dd","local_time":"20201216202130","is_ascension_mode":true,"campfire_choices":[{"data":"Armaments","floor":7.0,"key":"SMITH"},{"floor":15,"key":"REST"}],"circlet_count":0,"master_deck":["AscendersBane","Strike_R","Strike_R","Strike_R","Defend_R","Defend_R","Defend_R","Defend_R","Bash","Twin Strike","Sever Soul","Flex","Armaments+1","Sword Boomerang","Body Slam","Second Wind","Ghostly Armor","Evolve"],"relics":["Burning Blood","Golden Idol","Ancient Tea Set","The Courier","Ginger","Gremlin Horn","CultistMask"],"acts_visited":["Exordium"],"potions_floor_usage":[10],"damage_taken":[{"damage":6.0,"enemies":"2 Louse","floor":1.0,"turns":3.0},{"damage":1.0,"enemies":"Cultist","floor":2.0,"turns":3.0},{"damage":7.0,"enemies":"Jaw Worm","floor":4.0,"turns":2.0},{"damage":16.0,"enemies":"Looter","floor":5.0,"turns":4.0},{"damage":6.0,"enemies":"Gremlin Nob","floor":6.0,"turns":3.0},{"damage":27.0,"enemies":"Lagavulin","floor":8.0,"turns":7.0},{"damage":0,"enemies":"Gremlin Nob","floor":10,"turns":1},{"damage":7,"enemies":"2 Fungi Beasts","floor":12,"turns":3},{"damage":16,"enemies":"Blue Slaver","floor":14,"turns":4},{"damage":45,"enemies":"The Guardian","floor":16,"turns":5}],"seed_played":"2022137933053762967","potions_obtained":[{"floor":2.0,"key":"Strength Potion"},{"floor":5.0,"key":"DistilledChaos"},{"floor":6.0,"key":"SmokeBomb"}],"is_trial":false,"path_per_floor":["M","M","?","M","M","E","R","E","T","E","$","M","?","M","R","B"],"character_chosen":"IRONCLAD","items_purchased":["Gremlin Horn"],"campfire_rested":1,"item_purchase_floors":[11],"current_hp_per_floor":[68,68,62,61,51,51,51,30,30,36,36,35,35,25,43,0,0],"gold":59,"neow_bonus":"TRANSFORM_TWO_CARDS","is_daily":false,"chose_seed":false,"campfire_upgraded":1,"win_rate":0.0,"timestamp":1608117690,"path_taken":["M","M","?","M","M","E","R","E","T","E","$","M","?","M","R","BOSS"],"items_purchased_type":["Relic"],"build_version":"2020-12-13","purchased_purges":0,"victory":false,"max_hp_per_floor":[68,68,62,62,62,62,62,62,62,62,62,62,62,62,62,62,62],"relic_stats":{"Gremlin Horn":[1,1],"counters":[10,35],"Golden Idol":39,"Ginger":[2],"obtain_stats":[{"Gremlin Horn":11,"Golden Idol":3,"The Courier":8,"CultistMask":13,"Ginger":9,"Ancient Tea Set":6,"Burning Blood":0},{"Gremlin Horn":7,"Golden Idol":2,"The Courier":6,"CultistMask":8,"Ginger":6,"Ancient Tea Set":5,"Burning Blood":0},{"Gremlin Horn":23,"Golden Idol":6,"The Courier":22,"CultistMask":26,"Ginger":22,"Ancient Tea Set":15,"Burning Blood":0}],"Burning Blood":49},"card_choices":[{"not_picked":["Heavy Blade","Evolve"],"picked":"Flex","floor":1.0},{"not_picked":["Demon Form","Thunderclap"],"picked":"Armaments","floor":2.0},{"not_picked":["Clash","Warcry"],"picked":"Sword Boomerang","floor":4.0},{"not_picked":["Clash","Clothesline"],"picked":"Body Slam","floor":5.0},{"not_picked":["Shrug It Off","Flame Barrier"],"picked":"Second Wind","floor":6.0},{"not_picked":["Juggernaut","Metallicize"],"picked":"Ghostly Armor","floor":8.0},{"not_picked":["Armaments","True Grit"],"picked":"Evolve","floor":12},{"not_picked":["Ghostly Armor","Thunderclap","Perfected Strike"],"picked":"SKIP","floor":14}],"player_experience":685658,"relics_obtained":[{"floor":6.0,"key":"Ancient Tea Set"},{"floor":8.0,"key":"The Courier"},{"floor":9.0,"key":"Ginger"}],"event_choices":[{"damage_healed":0.0,"max_hp_gain":0.0,"max_hp_loss":6.0,"gold_gain":0.0,"event_name":"Golden Idol","player_choice":"Lose Max HP","floor":3.0,"gold_loss":0.0,"damage_taken":0.0,"relics_obtained":["Golden Idol"]},{"damage_healed":0,"gold_gain":0,"player_choice":"Trade","damage_taken":0,"relics_obtained":["CultistMask"],"max_hp_gain":0,"max_hp_loss":0,"event_name":"FaceTrader","floor":13,"gold_loss":0}],"is_beta":false,"boss_relics":[],"items_purged_floors":[],"is_endless":false,"potions_floor_spawned":[2,5,6,10],"killed_by":"The Guardian","ascension_level":18}}