{"host":"480qzmvu0s2e3e6w","time":1608131456,"event":{"mods":["BaseMod","Colored Map","DeckTracker","Minty Spire (QoL Compilation)","StSLib","SuperFastMode"],"gold_per_floor":[109,125,145,145,155,155,186,200,200,34,34,34,49,63,63,137,137,157,170,189,189,207,207,207,207],"floor_reached":24,"playtime":1726,"items_purged":["Strike_R"],"score":374,"play_id":"b90e652e-e5f9-4deb-9f05-6d3e8bb7db99","local_time":"20201217001056","is_ascension_mode":true,"campfire_choices":[{"data":"Armaments","floor":6.0,"key":"SMITH"},{"floor":11.0,"key":"REST"},{"data":"Barricade","floor":15.0,"key":"SMITH"},{"floor":23.0,"key":"REST"}],"circlet_count":0,"master_deck":["AscendersBane","Strike_R","Strike_R","Strike_R","Defend_R","Defend_R","Defend_R","Defend_R","Bash","Sword Boomerang","Wild Strike","Dropkick","Armaments+1","Headbutt","Barricade+1","Evolve","Shrug It Off+1","Battle Trance+1","True Grit+1","Fiend Fire","Shrug It Off+1","Inflame","Ghostly Armor+1","Fiend Fire"],"relics":["Burning Blood","Pen Nib","Question Card","Toxic Egg 2","Cursed Key"],"acts_visited":["Exordium","TheCity"],"potions_floor_usage":[24],"damage_taken":[{"damage":10.0,"enemies":"Small Slimes","floor":1.0,"turns":3.0},{"damage":5.0,"enemies":"2 Louse","floor":2.0,"turns":2.0},{"damage":2.0,"enemies":"Cultist","floor":3.0,"turns":4.0},{"damage":6.0,"enemies":"Exordium Wildlife","floor":5.0,"turns":3.0},{"damage":32.0,"enemies":"Gremlin Nob","floor":7.0,"turns":4.0},{"damage":18.0,"enemies":"3 Louse","floor":8.0,"turns":4.0},{"damage":5.0,"enemies":"Large Slime","floor":13.0,"turns":7.0},{"damage":0.0,"enemies":"2 Fungi Beasts","floor":14.0,"turns":3.0},{"damage":6.0,"enemies":"The Guardian","floor":16.0,"turns":13.0},{"damage":35.0,"enemies":"3 Byrds","floor":18.0,"turns":8.0},{"damage":0.0,"enemies":"Chosen","floor":19.0,"turns":8.0},{"damage":24.0,"enemies":"Snecko","floor":20.0,"turns":6.0},{"damage":5.0,"enemies":"Sentry and Sphere","floor":22.0,"turns":10.0},{"damage":12,"enemies":"Slavers","floor":24,"turns":4}],"seed_played":"-369431886538050592","potions_obtained":[{"floor":1.0,"key":"LiquidMemories"},{"floor":3.0,"key":"ColorlessPotion"},{"floor":8.0,"key":"Strength Potion"},{"floor":20.0,"key":"SpeedPotion"},{"floor":22.0,"key":"HeartOfIron"}],"is_trial":false,"path_per_floor":["M","M","M","?","M","R","E","M","T","$","R","?","M","M","R","B",null,"M","M","M","?","M","R","E"],"character_chosen":"IRONCLAD","items_purchased":["Evolve","Shrug It Off+1"],"campfire_rested":2,"item_purchase_floors":[10,10],"current_hp_per_floor":[64,65,69,64,64,64,38,26,26,26,48,41,42,48,48,48,68,39,45,27,27,28,50,38,38],"gold":207,"neow_bonus":"THREE_CARDS","is_daily":false,"chose_seed":false,"campfire_upgraded":2,"win_rate":0.0,"timestamp":1608131456,"path_taken":["M","M","M","?","M","R","E","M","T","$","R","?","M","M","R","BOSS","M","M","M","?","?","R","E"],"items_purchased_type":["Card","Card"],"build_version":"2020-12-13","purchased_purges":1,"victory":false,"max_hp_per_floor":[75,75,75,75,75,75,75,75,75,75,75,75,75,75,75,75,75,75,75,75,75,75,75,75,75],"card_choices":[{"not_picked":["Flex","Pommel Strike"],"picked":"Sword Boomerang","floor":0.0},{"not_picked":["Bloodletting","Disarm"],"picked":"Wild Strike","floor":1.0},{"not_picked":["Pommel Strike","Armaments"],"picked":"Dropkick","floor":2.0},{"not_picked":["Infernal Blade","Wild Strike","Thunderclap"],"picked":"SKIP","floor":3.0},{"not_picked":["Anger","Cleave"],"picked":"Armaments","floor":5.0},{"not_picked":["Flex","Wild Strike"],"picked":"Headbutt","floor":7.0},{"not_picked":["Infernal Blade","Sword Boomerang","Blood for Blood"],"picked":"Barricade","floor":8.0},{"not_picked":["Flex+1","Blood for Blood","True Grit+1"],"picked":"Battle Trance+1","floor":13.0},{"not_picked":["Wild Strike","Intimidate+1","Bloodletting+1"],"picked":"True Grit+1","floor":14.0},{"not_picked":["Demon Form","Reaper","Limit Break+1"],"picked":"Fiend Fire","floor":16.0},{"not_picked":["Twin Strike","Pommel Strike","Cleave"],"picked":"Shrug It Off+1","floor":18.0},{"not_picked":["Havoc+1","Iron Wave","Metallicize"],"picked":"Inflame","floor":19.0},{"not_picked":["Warcry+1","Battle Trance+1","Headbutt+1"],"picked":"Ghostly Armor+1","floor":20.0},{"not_picked":["Sword Boomerang+1","Wild Strike","Fire Breathing","Clash"],"picked":"SKIP","floor":22.0}],"player_experience":603020,"relics_obtained":[{"floor":7.0,"key":"Question Card"},{"floor":9.0,"key":"Toxic Egg 2"}],"event_choices":[{"damage_healed":0.0,"max_hp_gain":0.0,"max_hp_loss":0.0,"gold_gain":0.0,"event_name":"Scrap Ooze","player_choice":"Success","floor":4.0,"gold_loss":0.0,"damage_taken":5.0,"relics_obtained":["Pen Nib"]},{"cards_removed":["Strike_R"],"damage_healed":0.0,"max_hp_gain":0.0,"max_hp_loss":0.0,"gold_gain":0.0,"event_name":"Golden Wing","player_choice":"Card Removal","floor":12.0,"gold_loss":0.0,"damage_taken":7.0},{"damage_healed":0.0,"max_hp_gain":0.0,"max_hp_loss":0.0,"gold_gain":0.0,"event_name":"Duplicator","player_choice":"Copied","floor":21.0,"gold_loss":0.0,"damage_taken":0.0,"cards_obtained":["Fiend Fire"]}],"is_beta":false,"boss_relics":[{"not_picked":["Philosopher\u0027s Stone","Snecko Eye"],"picked":"Cursed Key"}],"items_purged_floors":[10],"is_endless":false,"potions_floor_spawned":[1,3,8,20,22],"killed_by":"Slavers","ascension_level":17}}