{"host":"nox","time":1608116801,"event":{"mods":["BaseMod","Colored Powertips","Minty Spire (QoL Compilation)","Quick Restart","Replay The Spire","StSLib"],"gold_per_floor":[110,126,141,154,5,30,30,43,95,170,170,196,211,231,231,231,231],"floor_reached":16,"playtime":412,"items_purged":[],"score":154,"play_id":"0d2714ba-736f-40f7-8118-222192d13ac2","local_time":"20201216180641","is_ascension_mode":true,"campfire_choices":[{"floor":7.0,"key":"RECALL"},{"floor":11.0,"key":"REST"}],"circlet_count":0,"master_deck":["Strike_R","Strike_R","Strike_R","Strike_R","Strike_R","Defend_R","Defend_R","Defend_R","Defend_R","Armaments+1","Heavy Blade","Dropkick+1","Heavy Blade+1","Clash+1","ReplayTheSpireMod:Muscle Training","Thunderclap+1","Rupture","Eruption+1"],"relics":["Philosopher\u0027s Stone","Guide Book","Molten Egg 2","Juzu Bracelet","Pear"],"acts_visited":["Exordium"],"potions_floor_usage":[16],"damage_taken":[{"damage":0.0,"enemies":"Cultist","floor":1.0,"turns":2.0},{"damage":3.0,"enemies":"Jaw Worm","floor":2.0,"turns":4.0},{"damage":3.0,"enemies":"Small Slimes","floor":3.0,"turns":4.0},{"damage":4.0,"enemies":"Blue Slaver","floor":4.0,"turns":4.0},{"damage":8.0,"enemies":"Gremlin Nob","floor":6.0,"turns":3.0},{"damage":20.0,"enemies":"Exordium Thugs","floor":8.0,"turns":4.0},{"damage":11.0,"enemies":"Lagavulin","floor":12.0,"turns":5.0},{"damage":32.0,"enemies":"Lots of Slimes","floor":13.0,"turns":5.0},{"damage":9.0,"enemies":"Blue Slaver","floor":14.0,"turns":3.0},{"damage":12,"enemies":"The Guardian","floor":16,"turns":2}],"seed_played":"5177136257884329188","potions_obtained":[{"floor":1.0,"key":"BlessingOfTheForge"},{"floor":12.0,"key":"Elixir"},{"floor":13.0,"key":"Milkshake"}],"is_trial":false,"path_per_floor":["M","M","M","M","$","E","R","M","T","?","R","E","M","M","R","B"],"character_chosen":"IRONCLAD","items_purchased":["Guide Book"],"campfire_rested":1,"item_purchase_floors":[5],"current_hp_per_floor":[72,69,66,62,62,54,54,34,34,23,47,46,14,5,5,0,0],"gold":231,"neow_bonus":"BOSS_RELIC","is_daily":false,"chose_seed":false,"campfire_upgraded":0,"win_rate":0.0,"timestamp":1608116801,"path_taken":["M","M","?","M","$","E","R","M","T","?","R","E","M","M","R","BOSS"],"items_purchased_type":["Relic"],"build_version":"2020-11-17","purchased_purges":0,"victory":false,"max_hp_per_floor":[80,80,80,80,80,80,80,80,80,80,80,90,90,90,90,90,90],"card_choices":[{"not_picked":["Abandon","Thunderclap","Flex"],"picked":"SKIP","floor":1.0},{"not_picked":["Blood for Blood","Reckless Charge"],"picked":"Armaments","floor":2.0},{"not_picked":["Warcry","Flame Barrier"],"picked":"Heavy Blade","floor":3.0},{"not_picked":["Run Through","ReplayTheSpireMod:Stacked"],"picked":"Dropkick","floor":4.0},{"not_picked":["Armaments","Offering"],"picked":"Heavy Blade+1","floor":6.0},{"not_picked":["Shrug It Off","Warcry"],"picked":"Clash+1","floor":8.0},{"not_picked":["Wild Strike+1","Heavy Blade+1"],"picked":"ReplayTheSpireMod:Muscle Training","floor":12.0},{"not_picked":["Shockwave","Entrench"],"picked":"Thunderclap+1","floor":13.0},{"not_picked":["Ghostly Armor","Headbutt+1"],"picked":"Rupture","floor":14.0}],"player_experience":132991,"relics_obtained":[{"floor":6.0,"key":"Molten Egg 2"},{"floor":9.0,"key":"Juzu Bracelet"},{"floor":12.0,"key":"Pear"}],"event_choices":[{"damage_healed":0.0,"max_hp_gain":0.0,"max_hp_loss":0.0,"gold_gain":75.0,"event_name":"World of Goop","player_choice":"Gather Gold","floor":10.0,"gold_loss":0.0,"damage_taken":11.0}],"is_beta":true,"boss_relics":[],"items_purged_floors":[],"is_endless":false,"potions_floor_spawned":[1,12,13],"killed_by":"The Guardian","ascension_level":7}}