{"host":"wxm9nhpxzwflah6x","time":1608142842,"event":{"mods":["2.2 Compatiblity","AchievementEnabler","BaseMod","Bestiary","Better Third Choice","Curses Come First","Minty Spire (QoL Compilation)","Quick Restart","Rare Cards Sparkle","Replay The Spire","StSLib","TheHero"],"gold_per_floor":[119,137,157,157,167,195,69,85,85,85,102,115,129,145,145,245,245,256,256,270,290,301,301,321,341,341,341,341,375,375,389,389,493,493,506,522,583,596,607,607,607,607,681,681,697,721,769,786,786,786],"floor_reached":51,"playtime":2852,"items_purged":[],"score":829,"play_id":"f1c5daa8-f77d-4c37-af90-eb5ffa4591bf","local_time":"20201216102042","is_ascension_mode":false,"campfire_choices":[{"data":"animeID:Cementoss","floor":10.0,"key":"SMITH"},{"data":"animeID:TodorokiShoto","floor":15.0,"key":"SMITH"},{"floor":23.0,"key":"REST"},{"floor":27.0,"key":"REST"},{"floor":30.0,"key":"REST"},{"floor":40,"key":"REST"},{"floor":42,"key":"REST"},{"floor":49,"key":"REST"}],"circlet_count":0,"master_deck":["animeID:Deku","animeID:Bakugo","animeID:Cementoss+1","animeID:GranTorino","animeID:Ojiro","animeID:Eri","animeID:USA_Smash","Master of Strategy","Transmutation","Dramatic Entrance","animeID:Kendo","animeID:EraserHead","animeID:Tamaki","animeID:FatGum","animeID:RedRiot","animeID:Dabi","animeID:Endeavor","animeID:RecoveryGirl+1","animeID:ToruHagakure","animeID:Iida","animeID:Uraraka","animeID:Kirishima","animeID:Chisaki","animeID:TetsuTetsu","animeID:Stain","animeID:Kurono","animeID:Hawks","animeID:Bakugo","animeID:Mineta","animeID:Tengai","animeID:DelawareSmash","animeID:Thirteen+1","Regret","animeID:AllMight","animeID:Twice","Madness","Madness","Sickly","Replay:BasicMightCard","animeID:Dabi","Looming Evil","animeID:Twice+1"],"relics":["animeID:HeroCostume","CaptainsWheel","ReplayTheSpireMod:ShopPack","Onion Ring","Cursed Key","Nloth\u0027s Gift","Replay:Ringing Soul","Singing Bowl","Replay:Grab Bag","Sozu","Fusion Hammer","Pandora\u0027s Box","Runic Pyramid","Meat on the Bone","Replay:Bottled Steam","Replay:Rubber Ducky","TungstenRod"],"acts_visited":["Exordium","TheCity","TheBeyond"],"potions_floor_usage":[],"damage_taken":[{"damage":0.0,"enemies":"Cultist","floor":1.0,"turns":1.0},{"damage":0.0,"enemies":"2 Louse","floor":2.0,"turns":1.0},{"damage":0.0,"enemies":"Jaw Worm","floor":3.0,"turns":1.0},{"damage":0.0,"enemies":"Lots of Slimes","floor":5.0,"turns":1.0},{"damage":4.0,"enemies":"3 Sentries","floor":6.0,"turns":4.0},{"damage":6.0,"enemies":"2 Fungi Beasts","floor":8.0,"turns":2.0},{"damage":0.0,"enemies":"Gremlin Gang","floor":11.0,"turns":2.0},{"damage":1.0,"enemies":"Blue Slaver","floor":12.0,"turns":3.0},{"damage":0.0,"enemies":"Exordium Wildlife","floor":13.0,"turns":1.0},{"damage":1.0,"enemies":"Red Slaver","floor":14.0,"turns":3.0},{"damage":0.0,"enemies":"Slime Boss","floor":16.0,"turns":4.0},{"damage":10.0,"enemies":"Chosen","floor":18.0,"turns":6.0},{"damage":24.0,"enemies":"Shell Parasite","floor":20.0,"turns":6.0},{"damage":0.0,"enemies":"3 Cultists","floor":21.0,"turns":4.0},{"damage":26.0,"enemies":"Centurion and Healer","floor":22.0,"turns":8.0},{"damage":29.0,"enemies":"Shelled Parasite and Fungi","floor":24.0,"turns":5.0},{"damage":10.0,"enemies":"Cultist and Chosen","floor":25.0,"turns":4.0},{"damage":43.0,"enemies":"Gremlin Leader","floor":29.0,"turns":6.0},{"damage":0.0,"enemies":"Snecko","floor":31.0,"turns":3.0},{"damage":31.0,"enemies":"Automaton","floor":33.0,"turns":7.0},{"damage":26.0,"enemies":"3 Darklings","floor":35.0,"turns":6.0},{"damage":0,"enemies":"Orb Walker","floor":36,"turns":1},{"damage":19,"enemies":"3 Darklings","floor":38,"turns":5},{"damage":43,"enemies":"4 Shapes","floor":39,"turns":3},{"damage":52,"enemies":"Writhing Mass","floor":45,"turns":5},{"damage":22,"enemies":"2 Orb Walkers","floor":47,"turns":4},{"damage":18,"enemies":"Transient","floor":48,"turns":5},{"damage":38,"enemies":"Time Eater","floor":50,"turns":9}],"seed_played":"-7005253852811587873","potions_obtained":[{"floor":1.0,"key":"Weak Potion"},{"floor":2.0,"key":"EntropicBrew"},{"floor":5.0,"key":"Weak Potion"},{"floor":6.0,"key":"Explosive Potion"},{"floor":18.0,"key":"SkillPotion"},{"floor":20.0,"key":"Milkshake"},{"floor":24.0,"key":"Fire Potion"},{"floor":25.0,"key":"Milkshake"},{"floor":31.0,"key":"PowerPotion"}],"is_trial":false,"path_per_floor":["M","M","M","?","M","E","$","M","T","R","M","M","M","M","R","B",null,"M","?","M","M","M","R","M","M","T","R","?","E","R","M","R","B",null,"M","M","?","M","M","R","?","R","T","?","M","T","?","M","R","B",null],"character_chosen":"THE_HERO","items_purchased":["ReplayTheSpireMod:ShopPack"],"campfire_rested":6,"item_purchase_floors":[7],"current_hp_per_floor":[75,75,75,75,75,72,72,68,68,68,68,69,71,72,72,75,75,75,75,55,57,35,57,41,41,41,63,63,33,56,60,63,61,89,76,79,82,82,55,85,75,106,109,109,84,87,86,93,125,112],"gold":786,"neow_bonus":"THREE_ENEMY_KILL","is_daily":false,"chose_seed":false,"campfire_upgraded":2,"win_rate":0.0,"timestamp":1608142842,"path_taken":["M","M","?","?","?","E","?","M","T","R","?","M","M","M","R","BOSS","M","?","M","M","M","R","M","?","T","R","?","E","R","?","R","BOSS","M","M","?","M","?","R","?","R","T","?","M","?","?","M","R","BOSS"],"items_purchased_type":["Relic"],"build_version":"2020-12-13","purchased_purges":0,"victory":true,"max_hp_per_floor":[75,75,75,75,75,75,75,75,75,75,75,75,75,75,75,75,75,75,75,75,75,75,75,75,75,75,75,75,78,78,80,83,86,89,92,95,98,101,103,103,106,106,109,114,117,120,123,125,125,125],"card_choices":[{"not_picked":["animeID:Tomura","animeID:HowitzerImpact"],"picked":"animeID:Cementoss","floor":1.0},{"not_picked":["animeID:Aoyama","animeID:Mezo"],"picked":"animeID:GranTorino","floor":2.0},{"not_picked":["animeID:Momo","animeID:Uraraka"],"picked":"animeID:Ojiro","floor":3.0},{"not_picked":["animeID:Kurono","animeID:Ojiro"],"picked":"animeID:USA_Smash","floor":5.0},{"not_picked":["animeID:Eri","animeID:HighFive","animeID:Bakugo"],"picked":"SKIP","floor":6.0},{"not_picked":["Poisoned Strike","Secret Technique"],"picked":"Master of Strategy","floor":7.0},{"not_picked":["Purity","Panache"],"picked":"Transmutation","floor":7.0},{"not_picked":["ReplayTheSpireMod:Necrogeddon","Impatience"],"picked":"Dramatic Entrance","floor":7.0},{"not_picked":["animeID:DetroitSmash","animeID:Mineta"],"picked":"animeID:Kendo","floor":8.0},{"not_picked":["animeID:Muscular","animeID:Mineta"],"picked":"animeID:EraserHead","floor":11.0},{"not_picked":["animeID:Muscular","animeID:FatGum"],"picked":"animeID:Tamaki","floor":12.0},{"not_picked":["animeID:Kurono","animeID:Mezo"],"picked":"animeID:TodorokiShoto","floor":13.0},{"not_picked":["animeID:Momo","animeID:Tsuyu"],"picked":"animeID:FatGum","floor":14.0},{"not_picked":["animeID:PresentMic","animeID:Eri"],"picked":"animeID:RedRiot","floor":16.0},{"not_picked":["animeID:Muscular","animeID:Aoyama"],"picked":"animeID:Dabi","floor":18.0},{"not_picked":["animeID:Kaminari","animeID:Kendo","animeID:Bakugo"],"picked":"SKIP","floor":20.0},{"not_picked":["animeID:Uraraka","animeID:Mezo"],"picked":"animeID:Endeavor","floor":21.0},{"not_picked":["animeID:Ojiro","animeID:Crystallize"],"picked":"animeID:RecoveryGirl+1","floor":22.0},{"not_picked":["animeID:Nomu+1","animeID:Tsuyu"],"picked":"animeID:ToruHagakure","floor":24.0},{"not_picked":["animeID:Mezo","animeID:Kirishima+1"],"picked":"animeID:Iida","floor":25.0},{"not_picked":["animeID:Chisaki","animeID:GranTorino"],"picked":"animeID:Uraraka","floor":29.0},{"not_picked":["animeID:HowitzerImpact","animeID:Kaminari","animeID:Mineta"],"picked":"Singing Bowl","floor":31.0},{"not_picked":["animeID:Shigaraki","animeID:RedRiot"],"picked":"animeID:Chisaki","floor":33.0},{"not_picked":["animeID:TodorokiShoto+1","animeID:ToruHagakure"],"picked":"animeID:DelawareSmash","floor":35.0},{"not_picked":["animeID:NightEye","animeID:Rei"],"picked":"animeID:Thirteen+1","floor":36},{"not_picked":["animeID:Kurono+1","animeID:Stain+1"],"picked":"animeID:AllMight","floor":37},{"not_picked":["animeID:Kirishima+1","animeID:Uraraka"],"picked":"animeID:Twice","floor":38},{"not_picked":["animeID:EraserHead+1","animeID:Kendo","animeID:GentleCriminal"],"picked":"Singing Bowl","floor":39},{"not_picked":["Magnetism","Replay:Sssssssssstrike","ReplayTheSpireMod:Brewmster"],"picked":"Singing Bowl","floor":44},{"not_picked":["Forethought","Swift Strike"],"picked":"Replay:BasicMightCard","floor":44},{"not_picked":["animeID:MtLady","animeID:SkinnyGum"],"picked":"animeID:Dabi","floor":45},{"not_picked":["animeID:TodorokiShoto+1","animeID:GentleCriminal+1"],"picked":"animeID:Twice+1","floor":47},{"not_picked":["animeID:Kirishima+1","animeID:Tengai+1","animeID:TodorokiShoto"],"picked":"Singing Bowl","floor":48}],"player_experience":216952,"relics_obtained":[{"floor":6.0,"key":"CaptainsWheel"},{"floor":9.0,"key":"Onion Ring"},{"floor":26.0,"key":"Replay:Ringing Soul"},{"floor":29.0,"key":"Singing Bowl"},{"floor":37,"key":"Meat on the Bone"},{"floor":43,"key":"Replay:Bottled Steam"},{"floor":46,"key":"Replay:Rubber Ducky"},{"floor":47,"key":"TungstenRod"}],"event_choices":[{"damage_healed":0.0,"max_hp_gain":0.0,"max_hp_loss":0.0,"gold_gain":0.0,"cards_transformed":["animeID:Smash"],"event_name":"Transmorgrifier","player_choice":"Transformed","floor":4.0,"gold_loss":0.0,"damage_taken":0.0,"cards_obtained":["animeID:Eri"]},{"damage_healed":0.0,"max_hp_gain":0.0,"max_hp_loss":0.0,"gold_gain":0.0,"event_name":"N\u0027loth","player_choice":"Traded Relic","floor":19.0,"relics_lost":["NeowsBlessing"],"gold_loss":0.0,"damage_taken":0.0,"relics_obtained":["Nloth\u0027s Gift"]},{"cards_removed":["Overencumbered"],"damage_healed":0.0,"max_hp_gain":0.0,"max_hp_loss":0.0,"gold_gain":0.0,"event_name":"Purifier","player_choice":"Purged","floor":28.0,"gold_loss":0.0,"damage_taken":0.0},{"damage_healed":0,"gold_gain":0,"player_choice":"Embrace Madness","damage_taken":13,"max_hp_gain":0,"max_hp_loss":0,"event_name":"Winding Halls","floor":41,"gold_loss":0,"cards_obtained":["Madness","Madness"]},{"damage_healed":0,"gold_gain":0,"player_choice":"Memory 2","damage_taken":5,"max_hp_gain":0,"max_hp_loss":0,"event_name":"SensoryStone","floor":44,"gold_loss":0},{"damage_healed":0,"gold_gain":0,"player_choice":"Fight","damage_taken":0,"max_hp_gain":0,"max_hp_loss":0,"event_name":"Mysterious Sphere","floor":47,"gold_loss":0}],"is_beta":false,"boss_relics":[{"not_picked":["Snecko Eye","Runic Dome"],"picked":"Cursed Key"},{"not_picked":["Honey Jar","Kintsugi"],"picked":"Replay:Grab Bag"},{"not_picked":["ReplayTheSpireMod:Onyx Gauntlets","ReplayTheSpireMod:DimensionalGlitch"],"picked":"Sozu"},{"not_picked":["Replay:Bronze Core","Philosopher\u0027s Stone"],"picked":"Fusion Hammer"},{"not_picked":["Calling Bell","SacredBark"],"picked":"Pandora\u0027s Box"},{"not_picked":["SlaversCollar","Ring of Chaos"],"picked":"Runic Pyramid"}],"items_purged_floors":[],"is_endless":false,"potions_floor_spawned":[1,2,5,6,18,20,24,25,31,45,47,48],"ascension_level":0}}