{"host":"d6jq5n191gimxfx1","time":1608128374,"event":{"mods":["AchievementEnabler","BaseMod","DeckTracker","Hermit","Minty Spire (QoL Compilation)","Random Character Button","Rare Cards Sparkle","StSLib"],"gold_per_floor":[115,131,131,56,56,91,108,135,135,135,148,158,169,344,344,344,344],"floor_reached":16,"playtime":513,"items_purged":["hermit:Defend_Hermit"],"score":144,"play_id":"e87cb8f3-d3a8-49e5-b3df-75f1ad8c8332","local_time":"20201216151934","is_ascension_mode":true,"campfire_choices":[{"floor":10,"key":"REST"},{"floor":15,"key":"REST"}],"circlet_count":0,"master_deck":["hermit:Strike_Hermit","hermit:Strike_Hermit","hermit:Defend_Hermit","hermit:Defend_Hermit","hermit:Defend_Hermit","hermit:Snapshot","hermit:Covet","hermit:SprayPray","hermit:FromBeyond","hermit:Manifest","hermit:Misfire+1","Doubt"],"relics":["hermit:Momento","NeowsBlessing","Molten Egg 2","hermit:RyeStalk","Bottled Flame"],"acts_visited":["Exordium"],"potions_floor_usage":[8,11,16,16],"damage_taken":[{"damage":0,"enemies":"Cultist","floor":1,"turns":1},{"damage":0,"enemies":"Small Slimes","floor":2,"turns":1},{"damage":0,"enemies":"3 Sentries","floor":6,"turns":1},{"damage":2,"enemies":"2 Louse","floor":7,"turns":3},{"damage":54,"enemies":"Lagavulin","floor":8,"turns":7},{"damage":0,"enemies":"Lots of Slimes","floor":11,"turns":1},{"damage":8,"enemies":"Large Slime","floor":12,"turns":6},{"damage":9,"enemies":"Blue Slaver","floor":13,"turns":4},{"damage":39,"enemies":"Hexaghost","floor":16,"turns":9}],"seed_played":"-3990071295557308270","potions_obtained":[{"floor":2,"key":"Explosive Potion"},{"floor":6,"key":"SpeedPotion"},{"floor":7,"key":"Swift Potion"},{"floor":11,"key":"Strength Potion"},{"floor":12,"key":"LiquidBronze"}],"is_trial":false,"path_per_floor":["M","M","?","$","?","E","M","E","T","R","M","M","M","?","R","B"],"character_chosen":"HERMIT","items_purchased":[],"campfire_rested":2,"item_purchase_floors":[],"current_hp_per_floor":[75,75,68,68,68,68,66,12,12,34,34,26,17,17,39,0,0],"gold":344,"neow_bonus":"THREE_ENEMY_KILL","is_daily":false,"chose_seed":false,"campfire_upgraded":0,"win_rate":0.0,"timestamp":1608128374,"path_taken":["M","?","?","$","?","E","M","E","T","R","M","?","M","?","R","BOSS"],"items_purchased_type":[],"build_version":"2020-12-13","purchased_purges":1,"victory":false,"max_hp_per_floor":[75,75,75,75,75,75,75,75,75,75,75,75,75,75,75,75,75],"card_choices":[{"not_picked":["hermit:HoleUp","hermit:LoneWolf"],"picked":"hermit:SprayPray","floor":1},{"not_picked":["hermit:Virtue","hermit:HoleUp","hermit:PistolWhip"],"picked":"SKIP","floor":2},{"not_picked":["hermit:HoleUp","hermit:Malice+1"],"picked":"hermit:FromBeyond","floor":6},{"not_picked":["hermit:Grudge+1","hermit:Roulette+1","hermit:CursedWeapon+1"],"picked":"SKIP","floor":7},{"not_picked":["hermit:FullyLoaded","hermit:Shortfuse+1","hermit:Desperado+1"],"picked":"SKIP","floor":8},{"not_picked":["hermit:Dive","hermit:BodyArmor"],"picked":"hermit:Manifest","floor":11},{"not_picked":["hermit:ItchyTrigger+1","hermit:Roulette+1"],"picked":"hermit:Misfire+1","floor":12},{"not_picked":["hermit:Snipe","hermit:Headshot+1","hermit:WideOpen+1"],"picked":"SKIP","floor":13}],"player_experience":578430,"relics_obtained":[{"floor":6,"key":"Molten Egg 2"},{"floor":8,"key":"hermit:RyeStalk"},{"floor":9,"key":"Bottled Flame"}],"event_choices":[{"cards_removed":["hermit:Strike_Hermit"],"damage_healed":0,"gold_gain":0,"player_choice":"Card Removal","damage_taken":7,"max_hp_gain":0,"max_hp_loss":0,"event_name":"Golden Wing","floor":3,"gold_loss":0},{"cards_removed":["hermit:Strike_Hermit"],"damage_healed":0,"gold_gain":0,"player_choice":"Purged","damage_taken":0,"max_hp_gain":0,"max_hp_loss":0,"event_name":"Purifier","floor":5,"gold_loss":0},{"damage_healed":0,"gold_gain":175,"player_choice":"AGREE","damage_taken":0,"max_hp_gain":0,"max_hp_loss":0,"event_name":"Liars Game","floor":14,"gold_loss":0,"cards_obtained":["Doubt"]}],"is_beta":false,"boss_relics":[],"items_purged_floors":[4],"is_endless":false,"potions_floor_spawned":[2,6,7,11,12],"killed_by":"Hexaghost","ascension_level":1}}