{"host":"4nqeo0vu1vuav7gg","time":1608152397,"event":{"mods":["AchievementEnabler","BaseMod","Block Reminder","Colored Map","Colored Powertips","Highlight Path","Minty Spire (QoL Compilation)","Quick Restart","Rare Cards Sparkle","Relic Relevance Reorder","StSLib"],"gold_per_floor":[111,126,137,155,155,182,182,212,212,212,15,49,62,27,27,101,101,121,136,61,160,160,192,192,220,246,275,275,39,50,65,65,139,139,154,168,168,168,186,212,228,228,228,253,271,271,284,294,294,294,294,294,3,35,35,35],"floor_reached":55,"playtime":3637,"items_purged":["Self Repair"],"score":1291,"play_id":"95bd010e-8296-42da-a33b-ab71dbd7cd4c","local_time":"20201216215957","is_ascension_mode":true,"campfire_choices":[{"data":"Biased Cognition","floor":7.0,"key":"SMITH"},{"data":"Self Repair","floor":15.0,"key":"SMITH"},{"data":"Self Repair","floor":24.0,"key":"SMITH"},{"data":"Barrage","floor":28.0,"key":"SMITH"},{"data":"Defragment","floor":32.0,"key":"SMITH"},{"floor":42.0,"key":"RECALL"},{"data":"Chill","floor":46.0,"key":"SMITH"},{"data":"Defragment","floor":49.0,"key":"SMITH"},{"data":"Creative AI","floor":52.0,"key":"SMITH"}],"circlet_count":0,"master_deck":["AscendersBane","Defend_B","Defend_B","Defend_B","Zap","Dualcast","BootSequence","Biased Cognition+1","Barrage+1","Conserve Battery","Conserve Battery","Self Repair+1","Ball Lightning","Electrodynamics","Coolheaded+1","Coolheaded","Darkness","Self Repair+1","Cold Snap+1","Defragment+1","Compile Driver","Thunder Strike","Rainbow","Apotheosis","Barrage","Capacitor","Genetic Algorithm","Consume","Redo","Self Repair","Creative AI+1","Chill+1","BootSequence","Defragment+1","Coolheaded","Coolheaded"],"relics":["Cracked Core","Centennial Puzzle","Happy Flower","Lantern","Incense Burner","Runic Capacitor","Oddly Smooth Stone","DataDisk","Anchor","Bottled Tornado","Gambling Chip","Nuclear Battery","Symbiotic Virus","Prayer Wheel","White Beast Statue","Molten Egg 2","The Courier","Lee\u0027s Waffle","Potion Belt","Empty Cage"],"acts_visited":["Exordium","TheCity","TheBeyond","TheEnding"],"potions_floor_usage":[55,55],"damage_taken":[{"damage":0.0,"enemies":"Cultist","floor":1.0,"turns":3.0},{"damage":9.0,"enemies":"Jaw Worm","floor":2.0,"turns":3.0},{"damage":0.0,"enemies":"Small Slimes","floor":3.0,"turns":3.0},{"damage":2.0,"enemies":"2 Fungi Beasts","floor":4.0,"turns":2.0},{"damage":15.0,"enemies":"3 Sentries","floor":6.0,"turns":9.0},{"damage":25.0,"enemies":"Lagavulin","floor":8.0,"turns":7.0},{"damage":58.0,"enemies":"Gremlin Nob","floor":12.0,"turns":5.0},{"damage":0.0,"enemies":"Blue Slaver","floor":13.0,"turns":3.0},{"damage":24.0,"enemies":"The Guardian","floor":16.0,"turns":13.0},{"damage":6.0,"enemies":"Shell Parasite","floor":18.0,"turns":5.0},{"damage":0.0,"enemies":"Spheric Guardian","floor":19.0,"turns":3.0},{"damage":2.0,"enemies":"Slavers","floor":23.0,"turns":4.0},{"damage":55.0,"enemies":"Book of Stabbing","floor":25.0,"turns":6.0},{"damage":0.0,"enemies":"Gremlin Leader","floor":27.0,"turns":5.0},{"damage":0.0,"enemies":"Shelled Parasite and Fungi","floor":30.0,"turns":5.0},{"damage":0.0,"enemies":"Snake Plant","floor":31.0,"turns":3.0},{"damage":13.0,"enemies":"Collector","floor":33.0,"turns":6.0},{"damage":0.0,"enemies":"3 Shapes","floor":35.0,"turns":6.0},{"damage":48.0,"enemies":"3 Darklings","floor":36.0,"turns":4.0},{"damage":4.0,"enemies":"Sphere and 2 Shapes","floor":39.0,"turns":3.0},{"damage":29.0,"enemies":"Giant Head","floor":40.0,"turns":8.0},{"damage":0.0,"enemies":"4 Shapes","floor":41.0,"turns":4.0},{"damage":0.0,"enemies":"Mind Bloom Boss Battle","floor":44.0,"turns":4.0},{"damage":2.0,"enemies":"3 Darklings","floor":45.0,"turns":3.0},{"damage":8.0,"enemies":"Spire Growth","floor":47.0,"turns":4.0},{"damage":1.0,"enemies":"4 Shapes","floor":48.0,"turns":4.0},{"damage":68.0,"enemies":"Awakened One","floor":50.0,"turns":10.0},{"damage":33.0,"enemies":"Shield and Spear","floor":54.0,"turns":8.0},{"damage":52,"enemies":"The Heart","floor":55,"turns":9}],"seed_played":"2448874920251581134","potions_obtained":[{"floor":2.0,"key":"Energy Potion"},{"floor":12.0,"key":"Explosive Potion"},{"floor":13.0,"key":"PowerPotion"},{"floor":27.0,"key":"EssenceOfSteel"},{"floor":30.0,"key":"ColorlessPotion"},{"floor":31.0,"key":"CultistPotion"},{"floor":33.0,"key":"SteroidPotion"},{"floor":35.0,"key":"BlessingOfTheForge"},{"floor":39.0,"key":"DuplicationPotion"},{"floor":41.0,"key":"GamblersBrew"},{"floor":47.0,"key":"CultistPotion"},{"floor":48.0,"key":"LiquidBronze"},{"floor":54.0,"key":"Dexterity Potion"}],"is_trial":false,"path_per_floor":["M","M","M","M","?","E","R","E","T","T","$","E","M","?","R","B",null,"M","M","?","?","?","E","R","E","T","E","R","$","M","M","R","B",null,"M","M","?","?","M","E","M","R","T","?","M","R","M","M","R","B",null,"R","$","E","B"],"character_chosen":"DEFECT","items_purchased":["Lee\u0027s Waffle","Conserve Battery","Runic Capacitor","Anchor","Symbiotic Virus","Coolheaded"],"campfire_rested":0,"item_purchase_floors":[11,11,29,29,53,53],"current_hp_per_floor":[68,59,59,57,50,35,35,10,10,10,82,24,24,44,44,20,67,71,71,71,71,71,79,79,44,44,64,64,64,82,82,82,79,81,82,54,54,54,70,61,81,81,81,82,82,82,82,82,82,14,65,65,65,49,0,0],"gold":35,"neow_bonus":"RANDOM_COMMON_RELIC","is_daily":false,"chose_seed":false,"campfire_upgraded":8,"win_rate":0.0,"timestamp":1608152397,"path_taken":["M","M","M","M","?","E","R","E","T","?","$","E","M","?","R","BOSS","M","M","?","?","?","E","R","E","T","E","R","?","M","M","R","BOSS","M","M","?","?","M","E","M","R","T","?","M","R","M","M","R","BOSS","R","$","E","BOSS"],"items_purchased_type":["Relic","Card","Relic","Relic","Relic","Card"],"build_version":"2020-12-13","purchased_purges":1,"victory":false,"max_hp_per_floor":[75,75,75,75,75,75,75,75,75,75,82,82,82,82,82,82,82,82,82,82,82,82,82,82,82,82,82,82,82,82,82,82,82,82,82,82,82,82,82,82,82,82,82,82,82,82,82,82,82,82,82,82,82,82,82,82],"card_choices":[{"not_picked":["Turbo","Chaos","Gash"],"picked":"SKIP","floor":1.0},{"not_picked":["Stack","Leap","Sweeping Beam"],"picked":"SKIP","floor":2.0},{"not_picked":["Compile Driver","Leap"],"picked":"BootSequence","floor":3.0},{"not_picked":["Hologram","Go for the Eyes"],"picked":"Biased Cognition","floor":4.0},{"not_picked":["Force Field","Streamline"],"picked":"Barrage","floor":6.0},{"not_picked":["Hyperbeam","Consume"],"picked":"Conserve Battery","floor":8.0},{"not_picked":["Turbo","Heatsinks","Sweeping Beam"],"picked":"SKIP","floor":12.0},{"not_picked":["Stack","Go for the Eyes"],"picked":"Self Repair","floor":13.0},{"not_picked":["Loop","Hello World"],"picked":"Ball Lightning","floor":13.0},{"not_picked":["Reboot","Biased Cognition"],"picked":"Electrodynamics","floor":16.0},{"not_picked":["Aggregate","Stack"],"picked":"Coolheaded+1","floor":18.0},{"not_picked":["Sweeping Beam+1","Barrage","Rip and Tear"],"picked":"SKIP","floor":18.0},{"not_picked":["Turbo","Reprogram"],"picked":"Coolheaded","floor":19.0},{"not_picked":["Conserve Battery","Rebound"],"picked":"Darkness","floor":19.0},{"not_picked":["Steam Power","Barrage"],"picked":"Self Repair","floor":23.0},{"not_picked":["Core Surge","Doom and Gloom"],"picked":"Cold Snap+1","floor":25.0},{"not_picked":["Hologram","Chaos","Scrape"],"picked":"SKIP","floor":27.0},{"not_picked":["Barrage","Rebound"],"picked":"Defragment","floor":30.0},{"not_picked":["Rebound","Recycle","Lockon"],"picked":"SKIP","floor":30.0},{"not_picked":["Leap","Steam"],"picked":"Compile Driver","floor":31.0},{"not_picked":["Compile Driver","FTL+1","Hologram"],"picked":"SKIP","floor":31.0},{"not_picked":["Electrodynamics","Reboot"],"picked":"Thunder Strike","floor":33.0},{"not_picked":["Stack","Steam"],"picked":"Barrage","floor":35.0},{"not_picked":["Conserve Battery+1","Streamline","Compile Driver"],"picked":"SKIP","floor":35.0},{"not_picked":["Doom and Gloom","Fusion"],"picked":"Rainbow","floor":36.0},{"not_picked":["Hologram+1","FTL","Gash"],"picked":"SKIP","floor":36.0},{"not_picked":["Magnetism","Violence"],"picked":"Apotheosis","floor":38.0},{"not_picked":["Steam","Sweeping Beam"],"picked":"Barrage","floor":39.0},{"not_picked":["Rebound+1","Hologram+1"],"picked":"Capacitor","floor":39.0},{"not_picked":["Rebound+1","Undo"],"picked":"Genetic Algorithm","floor":40.0},{"not_picked":["Sweeping Beam+1","Streamline+1"],"picked":"Consume","floor":41.0},{"not_picked":["Sweeping Beam+1","Steam+1"],"picked":"Redo","floor":41.0},{"not_picked":["Rebound+1","Beam Cell+1"],"picked":"Self Repair","floor":44.0},{"not_picked":["Steam","BootSequence"],"picked":"Creative AI","floor":45.0},{"not_picked":["Consume","Darkness+1"],"picked":"Chill","floor":45.0},{"not_picked":["Gash+1","Sweeping Beam+1"],"picked":"Self Repair","floor":47.0},{"not_picked":["Ball Lightning+1","Stack"],"picked":"BootSequence","floor":47.0},{"not_picked":["Ball Lightning+1","Cold Snap+1"],"picked":"Defragment","floor":48.0},{"not_picked":["Machine Learning","FTL+1","Doom and Gloom+1"],"picked":"SKIP","floor":48.0},{"not_picked":["Gash+1","Hologram"],"picked":"Coolheaded","floor":54.0}],"player_experience":954622,"relics_obtained":[{"floor":6.0,"key":"Happy Flower"},{"floor":8.0,"key":"Oddly Smooth Stone"},{"floor":9.0,"key":"Lantern"},{"floor":10.0,"key":"Prayer Wheel"},{"floor":12.0,"key":"The Courier"},{"floor":23.0,"key":"Incense Burner"},{"floor":25.0,"key":"White Beast Statue"},{"floor":26.0,"key":"DataDisk"},{"floor":27.0,"key":"Potion Belt"},{"floor":40.0,"key":"Molten Egg 2"},{"floor":44.0,"key":"Gambling Chip"},{"floor":54.0,"key":"Bottled Tornado"}],"event_choices":[{"cards_removed":["Strike_B"],"damage_healed":0.0,"max_hp_gain":0.0,"max_hp_loss":0.0,"gold_gain":0.0,"event_name":"Golden Wing","player_choice":"Card Removal","floor":5.0,"gold_loss":0.0,"damage_taken":7.0},{"damage_healed":20.0,"max_hp_gain":0.0,"max_hp_loss":0.0,"gold_gain":0.0,"event_name":"The Cleric","player_choice":"Healed","floor":14.0,"gold_loss":35.0,"damage_taken":0.0},{"cards_removed":["Strike_B"],"damage_healed":0.0,"max_hp_gain":0.0,"max_hp_loss":0.0,"gold_gain":0.0,"event_name":"Beggar","player_choice":"Gave Gold","floor":20.0,"gold_loss":75.0,"damage_taken":0.0},{"damage_healed":0.0,"max_hp_gain":0.0,"max_hp_loss":0.0,"gold_gain":99.0,"event_name":"Nest","player_choice":"Stole From Cult","floor":21.0,"gold_loss":0.0,"damage_taken":0.0},{"cards_removed":["Strike_B"],"damage_healed":0.0,"max_hp_gain":0.0,"max_hp_loss":0.0,"gold_gain":0.0,"event_name":"Back to Basics","player_choice":"Elegance","floor":22.0,"gold_loss":0.0,"damage_taken":0.0},{"cards_removed":["Barrage"],"damage_healed":0.0,"max_hp_gain":0.0,"max_hp_loss":0.0,"gold_gain":0.0,"event_name":"Falling","player_choice":"Removed Attack","floor":37.0,"gold_loss":0.0,"damage_taken":0.0},{"damage_healed":0.0,"max_hp_gain":0.0,"max_hp_loss":0.0,"gold_gain":0.0,"event_name":"SensoryStone","player_choice":"Memory 1","floor":38.0,"gold_loss":0.0,"damage_taken":0.0},{"damage_healed":0.0,"max_hp_gain":0.0,"max_hp_loss":0.0,"gold_gain":0.0,"event_name":"MindBloom","player_choice":"Fight","floor":44.0,"gold_loss":0.0,"damage_taken":0.0}],"is_beta":false,"boss_relics":[{"not_picked":["Busted Crown","Sozu"],"picked":"Nuclear Battery"},{"not_picked":["Snecko Eye","Philosopher\u0027s Stone"],"picked":"Empty Cage"}],"items_purged_floors":[53],"is_endless":false,"potions_floor_spawned":[2,12,13,18,23,25,27,30,31,33,35,36,39,40,41,44,45,47,48,54],"killed_by":"The Heart","ascension_level":13}}