{"host":"bux1pdxjwq4dkad9","time":1608093317,"event":{"mods":["BaseMod","Colored Map","Minty Spire (QoL Compilation)","Quick Restart","Robot Space Explorer","StSLib","SuperFastMode","TestMod","The Alterego","【功能Mod】精心准备"],"gold_per_floor":[113,130,55,55,65,105,105,5,59,59,84,120,120,142,142,265,265,281,305,334,366,397,443,443,481,550,579,616,638,638,659,659,778,778,810,836,836,836,869,869,869,912,966,966,966,1025,746,799,799,829,829,829,679,733,760],"floor_reached":56,"playtime":1805,"items_purged":["RobotSpaceExplorer:Strike","RobotSpaceExplorer:Strike","RobotSpaceExplorer:ImprovisedAttack","RobotSpaceExplorer:Probe"],"score":2394,"play_id":"f46c9d89-8055-49cc-80cf-db345412964a","local_time":"20201216123517","is_ascension_mode":true,"campfire_choices":[{"data":"RobotSpaceExplorer:FranticSearch","floor":7.0,"key":"SMITH"},{"floor":10.0,"key":"RECALL"},{"data":"RobotSpaceExplorer:MiniLasers","floor":15.0,"key":"SMITH"},{"data":"RobotSpaceExplorer:MiniBoosters","floor":24.0,"key":"SMITH"},{"data":"RobotSpaceExplorer:SelfCleaning","floor":32.0,"key":"SMITH"},{"data":"RobotSpaceExplorer:GlueSpray","floor":40.0,"key":"SMITH"},{"data":"RobotSpaceExplorer:SwiftStep","floor":45.0,"key":"SMITH"},{"data":"RobotSpaceExplorer:PowerGlove","floor":49.0,"key":"SMITH"},{"data":"RobotSpaceExplorer:SurgingShield","floor":52.0,"key":"SMITH"}],"circlet_count":0,"master_deck":["AscendersBane","RobotSpaceExplorer:Scan","RobotSpaceExplorer:MiniLasers+1","RobotSpaceExplorer:ScrapToss","RobotSpaceExplorer:FrostMissile","RobotSpaceExplorer:SurgingShield+1","RobotSpaceExplorer:Jetpack","RobotSpaceExplorer:FreezeRay","RobotSpaceExplorer:FranticSearch+1","RobotSpaceExplorer:GlueShot","RobotSpaceExplorer:Arsenal+1","RobotSpaceExplorer:FreezeRay","RobotSpaceExplorer:PowerGlove+1","RobotSpaceExplorer:MiniBoosters+1","RobotSpaceExplorer:Blaster","RobotSpaceExplorer:GlueSpray+1","RobotSpaceExplorer:SwiftStep+1","RobotSpaceExplorer:SelfCleaning+1","RobotSpaceExplorer:Accelerator","RobotSpaceExplorer:JunkDive","RobotSpaceExplorer:Multitool"],"relics":["testmod-TestBox","NeowsBlessing","testmod-DeterminationOfClimber","Bag of Preparation","RobotSpaceExplorer:FoglandsKnife","Pandora\u0027s Box","RobotSpaceExplorer:BottledGravity","Nunchaku","testmod-Justice","RobotSpaceExplorer:PlasmaHourglass","MealTicket","Philosopher\u0027s Stone","Mercury Hourglass","Ancient Tea Set","Bottled Tornado","Vajra","Anchor"],"acts_visited":["Exordium","TheCity","TheBeyond","TheEnding"],"potions_floor_usage":[55,55,55,55,55,55],"damage_taken":[{"damage":0.0,"enemies":"Small Slimes","floor":1.0,"turns":1.0},{"damage":0.0,"enemies":"Jaw Worm","floor":2.0,"turns":2.0},{"damage":0.0,"enemies":"Cultist","floor":5.0,"turns":1.0},{"damage":0.0,"enemies":"Gremlin Nob","floor":6.0,"turns":3.0},{"damage":0.0,"enemies":"Gremlin Gang","floor":11.0,"turns":2.0},{"damage":0.0,"enemies":"Lagavulin","floor":12.0,"turns":2.0},{"damage":0.0,"enemies":"3 Louse","floor":14.0,"turns":2.0},{"damage":3.0,"enemies":"The Guardian","floor":16.0,"turns":4.0},{"damage":0.0,"enemies":"Chosen","floor":18.0,"turns":1.0},{"damage":0.0,"enemies":"3 Byrds","floor":19.0,"turns":1.0},{"damage":0.0,"enemies":"3 Cultists","floor":20.0,"turns":2.0},{"damage":0.0,"enemies":"Cultist and Chosen","floor":21.0,"turns":1.0},{"damage":0.0,"enemies":"Snake Plant","floor":22.0,"turns":2.0},{"damage":0.0,"enemies":"Gremlin Leader","floor":23.0,"turns":1.0},{"damage":0.0,"enemies":"Book of Stabbing","floor":25.0,"turns":1.0},{"damage":0.0,"enemies":"Centurion and Healer","floor":27.0,"turns":1.0},{"damage":0.0,"enemies":"Gremlin Leader","floor":28.0,"turns":1.0},{"damage":0.0,"enemies":"3 Cultists","floor":29.0,"turns":1.0},{"damage":0.0,"enemies":"Chosen and Byrds","floor":31.0,"turns":1.0},{"damage":0.0,"enemies":"Champ","floor":33.0,"turns":1.0},{"damage":0.0,"enemies":"3 Darklings","floor":35.0,"turns":1.0},{"damage":0.0,"enemies":"Orb Walker","floor":36.0,"turns":1.0},{"damage":0.0,"enemies":"4 Shapes","floor":39.0,"turns":2.0},{"damage":0.0,"enemies":"Nemesis","floor":42.0,"turns":1.0},{"damage":0.0,"enemies":"Giant Head","floor":46.0,"turns":1.0},{"damage":0.0,"enemies":"Transient","floor":48.0,"turns":1.0},{"damage":0.0,"enemies":"Donu and Deca","floor":50.0,"turns":1.0},{"damage":0.0,"enemies":"Shield and Spear","floor":54.0,"turns":1.0},{"damage":0,"enemies":"The Heart","floor":55,"turns":4}],"seed_played":"4382077274618839903","potions_obtained":[{"floor":2.0,"key":"LiquidBronze"},{"floor":6.0,"key":"SkillPotion"},{"floor":11.0,"key":"SpeedPotion"},{"floor":14.0,"key":"BlessingOfTheForge"},{"floor":16.0,"key":"Weak Potion"},{"floor":28.0,"key":"PowerPotion"},{"floor":29.0,"key":"EntropicBrew"}],"is_trial":false,"path_per_floor":["M","M","$","?","M","E","R","$","T","R","M","E","?","M","R","B",null,"M","M","M","M","M","E","R","E","T","M","E","M","?","M","R","B",null,"M","M","?","?","M","R","?","E","T","?","R","E","$","M","R","B",null,"R","$","E","B",null],"character_chosen":"RobotSpaceExplorer","items_purchased":["Vajra"],"campfire_rested":0,"item_purchase_floors":[47],"current_hp_per_floor":[68,68,68,68,68,74,74,74,74,74,75,75,75,75,75,75,75,75,75,75,75,75,75,75,75,75,75,75,75,75,75,75,75,75,75,75,75,75,75,75,75,75,75,75,75,75,75,75,75,75,75,75,75,75,75],"gold":760,"neow_bonus":"THREE_ENEMY_KILL","is_daily":false,"chose_seed":false,"campfire_upgraded":8,"win_rate":0.0,"timestamp":1608093317,"path_taken":["M","M","$","?","M","E","R","$","T","R","M","E","?","M","R","BOSS","M","M","M","M","?","E","R","E","T","?","E","M","?","M","R","BOSS","M","M","?","?","?","R","?","E","T","?","R","E","$","M","R","BOSS","R","$","E","BOSS"],"items_purchased_type":["Relic"],"build_version":"2020-12-13","purchased_purges":4,"victory":true,"max_hp_per_floor":[75,75,75,75,75,75,75,75,75,75,75,75,75,75,75,75,75,75,75,75,75,75,75,75,75,75,75,75,75,75,75,75,75,75,75,75,75,75,75,75,75,75,75,75,75,75,75,75,75,75,75,75,75,75,75],"card_choices":[{"not_picked":["RobotSpaceExplorer:FreezingShield","RobotSpaceExplorer:MakeshiftVolley"],"picked":"RobotSpaceExplorer:ScrapToss","floor":1.0},{"not_picked":["RobotSpaceExplorer:Ammunition","RobotSpaceExplorer:ImprovisedAttack"],"picked":"RobotSpaceExplorer:FrostMissile","floor":2.0},{"not_picked":["RobotSpaceExplorer:ScrapMissile","RobotSpaceExplorer:StunGrenade"],"picked":"RobotSpaceExplorer:FreezeRay","floor":5.0},{"not_picked":["RobotSpaceExplorer:StarDust","RobotSpaceExplorer:Probe"],"picked":"RobotSpaceExplorer:FranticSearch","floor":6.0},{"not_picked":["RobotSpaceExplorer:BlastShield","RobotSpaceExplorer:Ammunition"],"picked":"RobotSpaceExplorer:GlueShot","floor":11.0},{"not_picked":["RobotSpaceExplorer:Electropulse","RobotSpaceExplorer:SurgingStrike"],"picked":"RobotSpaceExplorer:Arsenal","floor":12.0},{"not_picked":["RobotSpaceExplorer:ScrapMissile","RobotSpaceExplorer:ShockKick","RobotSpaceExplorer:Pulsar"],"picked":"SKIP","floor":14.0},{"not_picked":["RobotSpaceExplorer:TrailblazerForm","RobotSpaceExplorer:ChargingLaser"],"picked":"RobotSpaceExplorer:Exploration","floor":16.0},{"not_picked":["RobotSpaceExplorer:ShockKick+1","RobotSpaceExplorer:DoubleBlock"],"picked":"RobotSpaceExplorer:GlueSpray","floor":18.0},{"not_picked":["RobotSpaceExplorer:SurgingShield","RobotSpaceExplorer:Smokescreen","RobotSpaceExplorer:GlueShot"],"picked":"SKIP","floor":19.0},{"not_picked":["RobotSpaceExplorer:Counterblock","RobotSpaceExplorer:Electroshield","RobotSpaceExplorer:StunGrenade"],"picked":"SKIP","floor":20.0},{"not_picked":["RobotSpaceExplorer:GearShield+1","RobotSpaceExplorer:GlueShot"],"picked":"RobotSpaceExplorer:SwiftStep","floor":21.0},{"not_picked":["RobotSpaceExplorer:MetalStrike","RobotSpaceExplorer:ShockKick","RobotSpaceExplorer:Blaster"],"picked":"SKIP","floor":22.0},{"not_picked":["RobotSpaceExplorer:StunGrenade","RobotSpaceExplorer:StarLightning","RobotSpaceExplorer:MetalStrike"],"picked":"SKIP","floor":23.0},{"not_picked":["RobotSpaceExplorer:ScrapMissile+1","RobotSpaceExplorer:FranticSearch","RobotSpaceExplorer:StunGrenade"],"picked":"SKIP","floor":25.0},{"not_picked":["RobotSpaceExplorer:PowerGlove","RobotSpaceExplorer:PowerCollector+1","RobotSpaceExplorer:FranticSearch"],"picked":"SKIP","floor":27.0},{"not_picked":["RobotSpaceExplorer:StunGrenade","RobotSpaceExplorer:PowerGlove"],"picked":"RobotSpaceExplorer:SelfCleaning","floor":28.0},{"not_picked":["RobotSpaceExplorer:SurgingStrike+1","RobotSpaceExplorer:StunGrenade","RobotSpaceExplorer:ShockKick+1"],"picked":"SKIP","floor":29.0},{"not_picked":["RobotSpaceExplorer:FreezeRay+1","RobotSpaceExplorer:SurgingShield+1","RobotSpaceExplorer:Counterblock"],"picked":"SKIP","floor":31.0},{"not_picked":["RobotSpaceExplorer:Explosion","RobotSpaceExplorer:ChargingLaser"],"picked":"RobotSpaceExplorer:Accelerator","floor":33.0},{"not_picked":["RobotSpaceExplorer:Reload","RobotSpaceExplorer:ShovelStrike","RobotSpaceExplorer:SlimeMissile"],"picked":"SKIP","floor":35.0},{"not_picked":["RobotSpaceExplorer:MetalStrike","RobotSpaceExplorer:GlueShot","RobotSpaceExplorer:DoubleBlock"],"picked":"SKIP","floor":36.0},{"not_picked":["RobotSpaceExplorer:Ammunition+1","RobotSpaceExplorer:RigExplosive","RobotSpaceExplorer:ImprovisedAttack+1"],"picked":"SKIP","floor":39.0},{"not_picked":["RobotSpaceExplorer:StunGrenade+1","RobotSpaceExplorer:Comet","RobotSpaceExplorer:Probe+1"],"picked":"SKIP","floor":42.0},{"not_picked":["RobotSpaceExplorer:Calculate","RobotSpaceExplorer:SlimeMissile","RobotSpaceExplorer:JunkDive"],"picked":"SKIP","floor":46.0},{"not_picked":["RobotSpaceExplorer:Calculate","RobotSpaceExplorer:SlimeMissile"],"picked":"RobotSpaceExplorer:JunkDive","floor":46.0},{"not_picked":["RobotSpaceExplorer:ScrapMissile+1","RobotSpaceExplorer:SurgingStrike+1","RobotSpaceExplorer:StarDust"],"picked":"SKIP","floor":48.0},{"not_picked":["RobotSpaceExplorer:SlimeMissile","RobotSpaceExplorer:Probe+1"],"picked":"RobotSpaceExplorer:Multitool","floor":54.0}],"player_experience":2344093,"relics_obtained":[{"floor":6.0,"key":"Bag of Preparation"},{"floor":12.0,"key":"RobotSpaceExplorer:FoglandsKnife"},{"floor":20.0,"key":"RobotSpaceExplorer:BottledGravity"},{"floor":23.0,"key":"Nunchaku"},{"floor":25.0,"key":"testmod-Justice"},{"floor":26.0,"key":"RobotSpaceExplorer:PlasmaHourglass"},{"floor":28.0,"key":"MealTicket"},{"floor":42.0,"key":"Mercury Hourglass"},{"floor":43.0,"key":"Ancient Tea Set"},{"floor":46.0,"key":"Bottled Tornado"},{"floor":54.0,"key":"Anchor"}],"event_choices":[{"damage_healed":0.0,"max_hp_gain":0.0,"max_hp_loss":0.0,"gold_gain":0.0,"event_name":"Upgrade Shrine","player_choice":"Upgraded","floor":13.0,"gold_loss":0.0,"damage_taken":0.0,"cards_upgraded":["RobotSpaceExplorer:Arsenal"]},{"cards_removed":["RobotSpaceExplorer:ImprovisedAttack"],"damage_healed":0.0,"max_hp_gain":0.0,"max_hp_loss":0.0,"gold_gain":0.0,"event_name":"Back to Basics","player_choice":"Elegance","floor":30.0,"gold_loss":0.0,"damage_taken":0.0},{"damage_healed":0.0,"max_hp_gain":0.0,"max_hp_loss":0.0,"gold_gain":0.0,"event_name":"Tomb of Lord Red Mask","player_choice":"Ignored","floor":37.0,"gold_loss":0.0,"damage_taken":0.0},{"damage_healed":0.0,"max_hp_gain":0.0,"max_hp_loss":0.0,"gold_gain":0.0,"event_name":"Match and Keep!","player_choice":"1 cards matched","floor":38.0,"gold_loss":0.0,"damage_taken":0.0,"cards_obtained":["RobotSpaceExplorer:Wormhole"]},{"cards_removed":["RobotSpaceExplorer:Calculate"],"damage_healed":0.0,"max_hp_gain":0.0,"max_hp_loss":0.0,"gold_gain":0.0,"event_name":"Falling","player_choice":"Removed Skill","floor":41.0,"gold_loss":0.0,"damage_taken":0.0},{"damage_healed":0.0,"max_hp_gain":0.0,"max_hp_loss":0.0,"gold_gain":0.0,"event_name":"SecretPortal","player_choice":"Ignored","floor":44.0,"gold_loss":0.0,"damage_taken":0.0}],"is_beta":false,"boss_relics":[{"not_picked":["testmod-IncinerationGenerator","RobotSpaceExplorer:Reprocessor"],"picked":"Pandora\u0027s Box"},{"not_picked":["SlaversCollar","testmod-Nine"],"picked":"Philosopher\u0027s Stone"}],"items_purged_floors":[3,8,47,53],"is_endless":false,"potions_floor_spawned":[2,6,11,14,16,18,20,22,28,29,31,39,46,48],"ascension_level":10}}