{"host":"4qkvkh7pd9qr2mca","time":1608148890,"event":{"mods":["AchievementEnabler","BaseMod","Colored Map","Colored Powertips","Highlight Path","Minty Spire (QoL Compilation)","Permanent Neow","Quick Restart","StSLib","SuperFastMode"],"gold_per_floor":[114,114,127,127,145,145,145,176,176,201,251,251,251],"floor_reached":12,"playtime":273,"items_purged":[],"score":156,"play_id":"879fcc37-d653-4457-8a86-12b9cec16d7f","local_time":"20201216210130","is_ascension_mode":true,"campfire_choices":[{"floor":6,"key":"REST"}],"circlet_count":0,"master_deck":["AscendersBane","Strike_G","Strike_G","Strike_G","Strike_G","Strike_G","Defend_G","Defend_G","Defend_G","Defend_G","Defend_G","Survivor+1","Neutralize","Shame","Envenom+1","Flechettes","Bane","Blade Dance+1","Dash","Blade Dance"],"relics":["Ring of the Snake","Golden Idol","Pantograph","Gremlin Horn"],"acts_visited":["Exordium"],"potions_floor_usage":[10],"damage_taken":[{"damage":6,"enemies":"Small Slimes","floor":1,"turns":5},{"damage":6,"enemies":"Jaw Worm","floor":3,"turns":5},{"damage":0,"enemies":"2 Louse","floor":5,"turns":2},{"damage":39,"enemies":"Lagavulin","floor":8,"turns":8},{"damage":0,"enemies":"Red Slaver","floor":10,"turns":3},{"damage":10,"enemies":"3 Sentries","floor":12,"turns":2}],"seed_played":"-4134461049917480732","potions_obtained":[{"floor":3,"key":"Ancient Potion"},{"floor":8,"key":"Explosive Potion"}],"is_trial":false,"path_per_floor":["M","?","M","?","M","R","?","E","T","M","?","E"],"character_chosen":"THE_SILENT","items_purchased":[],"campfire_rested":1,"item_purchase_floors":[],"current_hp_per_floor":[53,33,27,27,27,45,45,6,6,6,6,0,0],"gold":251,"neow_bonus":"THREE_RARE_CARDS","is_daily":false,"chose_seed":false,"campfire_upgraded":0,"win_rate":0.0,"timestamp":1608148890,"path_taken":["M","?","M","?","M","R","?","E","T","?","?","E"],"items_purchased_type":[],"build_version":"2020-12-13","purchased_purges":0,"victory":false,"max_hp_per_floor":[66,66,66,60,60,60,60,60,60,60,60,60,60],"card_choices":[{"not_picked":["Storm of Steel","Phantasmal Killer"],"picked":"Envenom","floor":0},{"not_picked":["Masterful Stab","Backflip"],"picked":"Flechettes","floor":1},{"not_picked":["Quick Slash","PiercingWail"],"picked":"Bane","floor":3},{"not_picked":["Prepared","Cloak And Dagger"],"picked":"Blade Dance","floor":5},{"not_picked":["Dodge and Roll","Flying Knee"],"picked":"Dash","floor":8},{"not_picked":["Caltrops","Prepared"],"picked":"Blade Dance","floor":10}],"player_experience":338238,"relics_obtained":[{"floor":8,"key":"Pantograph"},{"floor":9,"key":"Gremlin Horn"}],"event_choices":[{"damage_healed":0,"gold_gain":0,"player_choice":"Entered Light","damage_taken":20,"max_hp_gain":0,"max_hp_loss":0,"event_name":"Shining Light","floor":2,"gold_loss":0,"cards_upgraded":["Survivor","Envenom"]},{"damage_healed":0,"gold_gain":0,"player_choice":"Lose Max HP","damage_taken":0,"relics_obtained":["Golden Idol"],"max_hp_gain":0,"max_hp_loss":6,"event_name":"Golden Idol","floor":4,"gold_loss":0},{"damage_healed":0,"gold_gain":0,"player_choice":"Grow","damage_taken":0,"max_hp_gain":0,"max_hp_loss":0,"event_name":"Living Wall","floor":7,"gold_loss":0,"cards_upgraded":["Blade Dance"]},{"damage_healed":0,"gold_gain":50,"player_choice":"Pray","damage_taken":0,"max_hp_gain":0,"max_hp_loss":0,"event_name":"Golden Shrine","floor":11,"gold_loss":0}],"is_beta":false,"boss_relics":[],"items_purged_floors":[],"is_endless":false,"potions_floor_spawned":[3,8],"killed_by":"3 Sentries","ascension_level":20}}