{"host":"j0a1jfichhxu8b8p","time":1608104605,"event":{"mods":["BaseMod","Colored Map","DeckTracker","Keyboard Shortcuts","Minty Spire (QoL Compilation)","Permanent Neow","StSLib"],"gold_per_floor":[110,120,130,157,172,197,197,212,236,236,236,236,267,277,277,355,355,373,137,148,148,148,148,173,173,173,88,98,108,142,153,153,229,229,244,269,280,294,294,325,325,357,357,375,102,154,165,189,189,189],"floor_reached":51,"playtime":2599,"items_purged":["Strike_R","Strike_R"],"score":1488,"play_id":"a6709155-e276-4d93-bf00-287076b78522","local_time":"20201216164325","is_ascension_mode":true,"campfire_choices":[{"data":"Body Slam","floor":7,"key":"SMITH"},{"data":"Shrug It Off","floor":10,"key":"SMITH"},{"data":"Wild Strike","floor":12,"key":"SMITH"},{"data":"Shrug It Off","floor":15,"key":"SMITH"},{"data":"Shockwave","floor":23,"key":"SMITH"},{"data":"Shrug It Off","floor":25,"key":"SMITH"},{"data":"Entrench","floor":32,"key":"SMITH"},{"data":"Body Slam","floor":41,"key":"SMITH"},{"floor":49,"key":"DIG"}],"circlet_count":0,"master_deck":["AscendersBane","Defend_R","Defend_R","Defend_R","Defend_R","Bash","Shockwave+1","Shrug It Off+1","Body Slam+1","Dropkick","Battle Trance","Wild Strike+1","Shrug It Off+1","Shrug It Off+1","Impervious","Sentinel+1","Entrench+1","Evolve","Feed","Second Wind","Body Slam+1","Entrench"],"relics":["Burning Blood","Vajra","Boot","Bronze Scales","Strawberry","Velvet Choker","Potion Belt","StoneCalendar","PreservedInsect","Juzu Bracelet","Tiny Chest","Coffee Dripper","Prayer Wheel","Anchor","Ornamental Fan","Akabeko","Oddly Smooth Stone","Shovel","Art of War","Torii"],"acts_visited":["Exordium","TheCity","TheBeyond"],"potions_floor_usage":[13,24,30,33,42,44,50,50,50],"damage_taken":[{"damage":12,"enemies":"Cultist","floor":1,"turns":4},{"damage":8,"enemies":"Jaw Worm","floor":2,"turns":4},{"damage":2,"enemies":"2 Louse","floor":3,"turns":4},{"damage":6,"enemies":"Looter","floor":5,"turns":4},{"damage":27,"enemies":"Gremlin Nob","floor":6,"turns":4},{"damage":1,"enemies":"2 Fungi Beasts","floor":8,"turns":3},{"damage":0,"enemies":"Lagavulin","floor":13,"turns":4},{"damage":0,"enemies":"Exordium Wildlife","floor":14,"turns":3},{"damage":16,"enemies":"Slime Boss","floor":16,"turns":11},{"damage":0,"enemies":"3 Byrds","floor":18,"turns":3},{"damage":0,"enemies":"Chosen","floor":20,"turns":5},{"damage":3,"enemies":"Slavers","floor":24,"turns":8},{"damage":4,"enemies":"Snake Plant","floor":28,"turns":4},{"damage":0,"enemies":"Cultist and Chosen","floor":29,"turns":7},{"damage":31,"enemies":"Gremlin Leader","floor":30,"turns":4},{"damage":0,"enemies":"3 Cultists","floor":31,"turns":5},{"damage":60,"enemies":"Automaton","floor":33,"turns":12},{"damage":23,"enemies":"Orb Walker","floor":35,"turns":5},{"damage":0,"enemies":"Mind Bloom Boss Battle","floor":36,"turns":7},{"damage":1,"enemies":"3 Shapes","floor":37,"turns":6},{"damage":4,"enemies":"Sphere and 2 Shapes","floor":38,"turns":8},{"damage":9,"enemies":"Giant Head","floor":40,"turns":7},{"damage":33,"enemies":"Reptomancer","floor":42,"turns":4},{"damage":0,"enemies":"Jaw Worm Horde","floor":44,"turns":4},{"damage":0,"enemies":"2 Orb Walkers","floor":46,"turns":6},{"damage":0,"enemies":"3 Darklings","floor":47,"turns":5},{"damage":24,"enemies":"Donu and Deca","floor":50,"turns":10}],"seed_played":"529606414393829024","potions_obtained":[{"floor":3,"key":"Fire Potion"},{"floor":5,"key":"ElixirPotion"},{"floor":6,"key":"BloodPotion"},{"floor":13,"key":"EssenceOfSteel"},{"floor":14,"key":"Energy Potion"},{"floor":20,"key":"SkillPotion"},{"floor":28,"key":"Regen Potion"},{"floor":30,"key":"Swift Potion"},{"floor":36,"key":"FearPotion"},{"floor":40,"key":"Ancient Potion"},{"floor":42,"key":"AttackPotion"},{"floor":44,"key":"LiquidBronze"}],"is_trial":false,"path_per_floor":["M","M","M","T","M","E","R","M","T","R","?","R","E","M","R","B",null,"M","$","M","?","?","R","E","R","T","?","M","M","E","M","R","B",null,"M","?","M","M","?","E","R","E","T","M","$","?","M","T","R","B",null],"character_chosen":"IRONCLAD","items_purchased":["Potion Belt","Oddly Smooth Stone"],"campfire_rested":0,"item_purchase_floors":[19,45],"current_hp_per_floor":[62,60,64,64,64,43,43,48,48,48,48,48,61,67,67,57,76,82,82,82,82,82,82,82,82,82,82,82,82,57,63,63,9,64,50,56,64,66,66,63,63,48,48,75,75,81,87,87,87,69],"gold":189,"neow_bonus":"REMOVE_CARD","is_daily":false,"chose_seed":false,"campfire_upgraded":8,"win_rate":0.0,"timestamp":1608104605,"path_taken":["M","M","M","?","M","E","R","M","T","R","?","R","E","M","R","BOSS","M","$","?","?","?","R","E","R","T","?","M","M","E","M","R","BOSS","M","?","M","M","?","E","R","E","T","M","$","?","M","?","R","BOSS"],"items_purchased_type":["Relic","Relic"],"build_version":"2020-12-13","purchased_purges":2,"victory":true,"max_hp_per_floor":[75,75,75,75,75,75,75,75,75,75,75,75,82,82,82,82,82,82,82,82,82,82,82,82,82,82,82,82,82,82,82,82,82,82,85,85,88,88,88,88,88,91,91,94,94,94,94,94,94,94],"card_choices":[{"not_picked":["Armaments","Havoc"],"picked":"Shockwave","floor":1},{"not_picked":["Ghostly Armor","Carnage"],"picked":"Shrug It Off","floor":2},{"not_picked":["Heavy Blade","Bloodletting"],"picked":"Body Slam","floor":3},{"not_picked":["Havoc","Anger"],"picked":"Dropkick","floor":5},{"not_picked":["Bloodletting","Spot Weakness"],"picked":"Battle Trance","floor":6},{"not_picked":["Thunderclap","Clothesline","Havoc"],"picked":"SKIP","floor":8},{"not_picked":["Whirlwind","Flex"],"picked":"Shrug It Off","floor":13},{"not_picked":["Inflame","Clothesline"],"picked":"Shrug It Off","floor":14},{"not_picked":["Demon Form","Berserk"],"picked":"Impervious","floor":16},{"not_picked":["True Grit","Perfected Strike"],"picked":"Sentinel+1","floor":18},{"not_picked":["Pommel Strike","Whirlwind","Combust"],"picked":"SKIP","floor":20},{"not_picked":["Havoc","Sever Soul","Feel No Pain"],"picked":"SKIP","floor":24},{"not_picked":["Twin Strike","Perfected Strike","Headbutt+1"],"picked":"SKIP","floor":28},{"not_picked":["Havoc","Sever Soul"],"picked":"Entrench","floor":29},{"not_picked":["Seeing Red+1","Headbutt","Inflame+1"],"picked":"SKIP","floor":30},{"not_picked":["Flame Barrier","Clothesline"],"picked":"Evolve","floor":31},{"not_picked":["Brutality","Berserk"],"picked":"Feed","floor":33},{"not_picked":["Clash","Wild Strike","Thunderclap+1"],"picked":"SKIP","floor":35},{"not_picked":["Iron Wave+1","Flex"],"picked":"Second Wind","floor":36},{"not_picked":["Havoc","Iron Wave","Twin Strike"],"picked":"SKIP","floor":37},{"not_picked":["Shrug It Off","Iron Wave+1","Cleave"],"picked":"SKIP","floor":37},{"not_picked":["Berserk","Iron Wave+1"],"picked":"Body Slam","floor":38},{"not_picked":["Second Wind+1","Warcry+1","Armaments"],"picked":"SKIP","floor":38},{"not_picked":["Twin Strike+1","Wild Strike+1","Disarm"],"picked":"SKIP","floor":40},{"not_picked":["Exhume","Warcry+1","Seeing Red"],"picked":"SKIP","floor":42},{"not_picked":["Searing Blow+1","Perfected Strike"],"picked":"Entrench","floor":44},{"not_picked":["Twin Strike","Sword Boomerang+1","Clothesline"],"picked":"SKIP","floor":44},{"not_picked":["Warcry","Pommel Strike","Flex"],"picked":"SKIP","floor":47},{"not_picked":["Metallicize","Wild Strike","Clash"],"picked":"SKIP","floor":47}],"player_experience":315883,"relics_obtained":[{"floor":4,"key":"Vajra"},{"floor":6,"key":"Boot"},{"floor":9,"key":"Bronze Scales"},{"floor":13,"key":"Strawberry"},{"floor":24,"key":"StoneCalendar"},{"floor":26,"key":"PreservedInsect"},{"floor":30,"key":"Tiny Chest"},{"floor":36,"key":"Prayer Wheel"},{"floor":40,"key":"Anchor"},{"floor":42,"key":"Ornamental Fan"},{"floor":43,"key":"Akabeko"},{"floor":46,"key":"Shovel"},{"floor":48,"key":"Art of War"},{"floor":49,"key":"Torii"}],"event_choices":[{"damage_healed":0,"gold_gain":0,"cards_transformed":["Strike_R"],"player_choice":"Transformed","damage_taken":0,"max_hp_gain":0,"max_hp_loss":0,"event_name":"Transmorgrifier","floor":11,"gold_loss":0,"cards_obtained":["Wild Strike"]},{"cards_removed":["Strike_R"],"damage_healed":0,"gold_gain":0,"player_choice":"Elegance","damage_taken":0,"max_hp_gain":0,"max_hp_loss":0,"event_name":"Back to Basics","floor":21,"gold_loss":0},{"damage_healed":0,"gold_gain":0,"player_choice":"Ignored","damage_taken":0,"max_hp_gain":0,"max_hp_loss":0,"event_name":"Ghosts","floor":22,"gold_loss":0},{"damage_healed":0,"gold_gain":0,"player_choice":"Obtained Relic","damage_taken":0,"relics_obtained":["Juzu Bracelet"],"max_hp_gain":0,"max_hp_loss":0,"event_name":"Addict","floor":27,"gold_loss":85},{"damage_healed":0,"gold_gain":0,"player_choice":"Fight","damage_taken":0,"max_hp_gain":0,"max_hp_loss":0,"event_name":"MindBloom","floor":36,"gold_loss":0},{"damage_healed":0,"gold_gain":0,"player_choice":"Ignored","damage_taken":0,"max_hp_gain":0,"max_hp_loss":0,"event_name":"Tomb of Lord Red Mask","floor":39,"gold_loss":0},{"damage_healed":0,"gold_gain":0,"player_choice":"Fight","damage_taken":0,"max_hp_gain":0,"max_hp_loss":0,"event_name":"Mysterious Sphere","floor":46,"gold_loss":0}],"is_beta":false,"boss_relics":[{"not_picked":["Fusion Hammer","Black Blood"],"picked":"Velvet Choker"},{"not_picked":["Runic Dome","Sozu"],"picked":"Coffee Dripper"}],"items_purged_floors":[19,45],"is_endless":false,"potions_floor_spawned":[3,5,6,13,14,20,28,30,36,40,42,44],"ascension_level":18}}