{"host":"nwjx7hbomubpmo86","time":1608115956,"event":{"mods":["AchievementEnabler","BaseMod","Better Note","Better Third Choice","Downfall","Hubris","Minty Spire (QoL Compilation)","Replay The Spire","Shade Mod","StSLib","The Necromancer","slay the spire mod where everything is the same but ironclad has a cowboy hat"],"gold_per_floor":[360,2,18,30,44,44,56,56,136,136,150,182,182,202,202,278,278,295,7,7,22,22,22,32,32,32,32,66,91,135,31,31,114,114,141,79,79,108,132,176,176,176,225,225,248,257,277,277,277],"floor_reached":48,"playtime":1601,"items_purged":["Pain"],"score":1034,"play_id":"b2154724-2500-4a49-ac42-549c76fb854a","local_time":"20201216115236","is_ascension_mode":true,"campfire_choices":[{"data":"True Grit","floor":6.0,"key":"SMITH"},{"data":"Dark Embrace","floor":8.0,"key":"SMITH"},{"data":"True Grit","floor":10.0,"key":"SMITH"},{"data":"Shockwave","floor":13.0,"key":"SMITH"},{"data":"Flame Barrier","floor":15.0,"key":"SMITH"},{"data":"Demon Form","floor":23.0,"key":"SMITH"},{"floor":32.0,"key":"DIG"},{"floor":41,"key":"REST"},{"floor":44,"key":"REST"}],"circlet_count":0,"master_deck":["AscendersBane","Strike_R","Strike_R","Strike_R","Strike_R","Strike_R","Defend_R","Defend_R","Defend_R","Defend_R","Bash","Shockwave+1","True Grit+1","True Grit+1","Dark Embrace+1","Ghostly Armor","Flex","Headbutt","Evolve","Flame Barrier+1","Carnage","Demon Form+1","Hemokinesis","Wild Strike","Combust","expansioncontent:DonusPower","Body Slam+1","Spot Weakness","Sword Boomerang","Carnage","Immolate","Sword Boomerang","Body Slam+1","Dark Embrace","Flame Barrier","Barricade","Thunderclap","Havoc","Thunderclap","Thunderclap","ReplayTheSpireMod:Limb From Limb+1","Immolate","Run Through","Offering","Clothesline"],"relics":["Burning Blood","Paper Frog","Akabeko","hubris:BlackHole","Nloth\u0027s Gift","CeramicFish","Bottled Lightning","Red Mask","Happy Flower","hubris:CrackedHourglass","ReplayTheSpireMod:TigerMarble","Gremlin Food"],"acts_visited":["Exordium","TheCity","TheBeyond"],"potions_floor_usage":[39,40,48],"damage_taken":[{"damage":8.0,"enemies":"Cultist","floor":1.0,"turns":3.0},{"damage":4.0,"enemies":"Jaw Worm","floor":3.0,"turns":6.0},{"damage":2.0,"enemies":"2 Louse","floor":4.0,"turns":3.0},{"damage":0.0,"enemies":"Large Slime","floor":5.0,"turns":7.0},{"damage":2.0,"enemies":"Blue Slaver","floor":7.0,"turns":6.0},{"damage":6.0,"enemies":"Lots of Slimes","floor":11.0,"turns":8.0},{"damage":19.0,"enemies":"Lagavulin","floor":12.0,"turns":10.0},{"damage":12.0,"enemies":"3 Louse","floor":14.0,"turns":5.0},{"damage":44.0,"enemies":"Hexaghost","floor":16.0,"turns":16.0},{"damage":7.0,"enemies":"2 Thieves","floor":18.0,"turns":3.0},{"damage":2.0,"enemies":"Chosen","floor":21.0,"turns":3.0},{"damage":2.0,"enemies":"Centurion and Healer","floor":24.0,"turns":2.0},{"damage":3.0,"enemies":"Gremlin Leader","floor":28.0,"turns":4.0},{"damage":2.0,"enemies":"Snecko","floor":29.0,"turns":1.0},{"damage":1.0,"enemies":"Masked Bandits","floor":30.0,"turns":2.0},{"damage":5.0,"enemies":"Pondfish","floor":33.0,"turns":2.0},{"damage":0.0,"enemies":"3 Darklings","floor":35.0,"turns":2.0},{"damage":9.0,"enemies":"3 Shapes","floor":38.0,"turns":4.0},{"damage":32,"enemies":"Transient","floor":39,"turns":6},{"damage":32,"enemies":"Reptomancer","floor":40,"turns":3},{"damage":22,"enemies":"Spire Growth","floor":45,"turns":4},{"damage":15,"enemies":"3 Darklings","floor":47,"turns":4},{"damage":94,"enemies":"Transient","floor":48,"turns":6}],"seed_played":"1292560083726503864","potions_obtained":[{"floor":3.0,"key":"sneckomod:MuddlingPotion"},{"floor":5.0,"key":"DuplicationPotion"},{"floor":11.0,"key":"Block Potion"},{"floor":14.0,"key":"Fire Potion"},{"floor":16.0,"key":"Adrenaline Potion"},{"floor":18.0,"key":"HeartOfIron"},{"floor":21.0,"key":"Strength Potion"},{"floor":39,"key":"ElixirPotion"},{"floor":40,"key":"hexamod:EctoCoolerPotion"}],"is_trial":false,"path_per_floor":["M","$","M","M","M","R","M","R","T","R","M","E","R","M","R","B",null,"M","$","?","M","$","R","M","?","T","?","E","M","?","$","R","B",null,"M","$","?","M","M","E","R","?","T","R","M","?","M","M"],"character_chosen":"IRONCLAD","items_purchased":["Oddly Smooth Stone","True Grit","Dark Embrace","Wild Strike","Combust","expansioncontent:DonusPower","Body Slam","Dark Embrace","Flame Barrier","Havoc","Thunderclap"],"campfire_rested":2,"item_purchase_floors":[2,2,2,19,19,19,19,31,31,36,36],"current_hp_per_floor":[66,66,68,72,75,75,75,75,75,75,75,62,62,56,56,18,61,60,60,60,64,64,64,68,68,68,68,71,75,75,75,75,75,75,75,75,71,68,42,16,37,37,37,58,42,42,33,0,0],"gold":277,"neow_bonus":"TWO_FIFTY_GOLD","is_daily":false,"chose_seed":false,"campfire_upgraded":6,"win_rate":0.0,"timestamp":1608115956,"path_taken":["M","$","M","M","?","R","M","R","T","R","M","E","R","M","R","BOSS","M","?","?","?","?","R","M","?","T","?","E","M","?","$","R","BOSS","M","$","?","M","M","E","R","?","T","R","M","?","M","M"],"items_purchased_type":["Relic","Card","Card","Card","Card","Card","Card","Card","Card","Card","Card"],"build_version":"2020-12-13","purchased_purges":1,"victory":false,"max_hp_per_floor":[75,75,75,75,75,75,75,75,75,75,75,75,75,75,75,75,75,75,75,75,75,75,75,75,75,75,75,75,75,75,75,75,75,75,75,75,71,71,71,71,71,71,71,71,71,71,71,71,71],"card_choices":[{"not_picked":["Cleave","Headbutt"],"picked":"Shockwave","floor":1.0},{"not_picked":["Clash","ReplayTheSpireMod:LeadingStrike"],"picked":"Ghostly Armor","floor":3.0},{"not_picked":["Searing Blow","Body Slam"],"picked":"Flex","floor":4.0},{"not_picked":["Rampage","Heavy Blade"],"picked":"Headbutt","floor":5.0},{"not_picked":["ReplayTheSpireMod:Corrosion Curse","Second Wind"],"picked":"Evolve","floor":7.0},{"not_picked":["Reckless Charge","Pommel Strike"],"picked":"Flame Barrier","floor":11.0},{"not_picked":["Massacre","Eclipse","Dual Wield"],"picked":"SKIP","floor":12.0},{"not_picked":["Flame Barrier","Entrench"],"picked":"Carnage","floor":14.0},{"not_picked":["Fiend Fire","Barricade"],"picked":"Demon Form","floor":16.0},{"not_picked":["Combust","Dual Wield"],"picked":"Hemokinesis","floor":18.0},{"not_picked":["hubris:SharpeningStone","Cleave"],"picked":"Spot Weakness","floor":21.0},{"not_picked":["Dropkick","Shrug It Off"],"picked":"Sword Boomerang","floor":24.0},{"not_picked":["Replay:Many Hands","Brutality"],"picked":"Immolate","floor":28.0},{"not_picked":["Armaments","Warcry"],"picked":"Sword Boomerang","floor":29.0},{"not_picked":["Pummel","True Grit+1"],"picked":"Body Slam+1","floor":30.0},{"not_picked":["Replay:Many Hands","Corruption"],"picked":"Barricade","floor":33.0},{"not_picked":["Heavy Blade","Flex+1"],"picked":"Thunderclap","floor":35.0},{"not_picked":["Rampage+1","Reckless Charge"],"picked":"Thunderclap","floor":38.0},{"not_picked":["Havoc+1","Shrug It Off+1"],"picked":"ReplayTheSpireMod:Limb From Limb+1","floor":39},{"not_picked":["Wild Strike+1","Perfected Strike+1"],"picked":"Immolate","floor":40},{"not_picked":["True Grit","Flex"],"picked":"Run Through","floor":45},{"not_picked":["Rampage","ReplayTheSpireMod:LeadingStrike"],"picked":"Clothesline","floor":47}],"player_experience":583602,"relics_obtained":[{"floor":9.0,"key":"Paper Frog"},{"floor":12.0,"key":"Akabeko"},{"floor":26.0,"key":"CeramicFish"},{"floor":28.0,"key":"Bottled Lightning"},{"floor":30.0,"key":"Red Mask"},{"floor":32.0,"key":"Happy Flower"},{"floor":40,"key":"ReplayTheSpireMod:TigerMarble"},{"floor":43,"key":"Gremlin Food"}],"event_choices":[{"damage_healed":0.0,"max_hp_gain":0.0,"max_hp_loss":0.0,"gold_gain":0.0,"event_name":"N\u0027loth","player_choice":"Traded Relic","floor":20.0,"relics_lost":["Oddly Smooth Stone"],"gold_loss":0.0,"damage_taken":0.0,"relics_obtained":["Nloth\u0027s Gift"]},{"damage_healed":0.0,"max_hp_gain":0.0,"max_hp_loss":0.0,"gold_gain":0.0,"event_name":"Vampires","player_choice":"Ignored","floor":27.0,"gold_loss":0.0,"damage_taken":0.0},{"damage_healed":0.0,"max_hp_gain":0.0,"max_hp_loss":0.0,"gold_gain":0.0,"event_name":"Masked Bandits","player_choice":"Fought Bandits","floor":30.0,"gold_loss":0.0,"damage_taken":0.0},{"damage_healed":0.0,"max_hp_gain":0.0,"max_hp_loss":4.0,"gold_gain":0.0,"event_name":"Winding Halls","player_choice":"Max HP","floor":37.0,"gold_loss":0.0,"damage_taken":0.0},{"damage_healed":0,"gold_gain":0,"player_choice":"1 cards matched","damage_taken":0,"max_hp_gain":0,"max_hp_loss":0,"event_name":"Match and Keep!","floor":46,"gold_loss":0,"cards_obtained":["Offering"]}],"is_beta":false,"boss_relics":[{"not_picked":["SlaversCollar","Tiny House"],"picked":"hubris:BlackHole"},{"not_picked":["Black Blood","Fusion Hammer"],"picked":"hubris:CrackedHourglass"}],"items_purged_floors":[2],"is_endless":false,"potions_floor_spawned":[3,5,11,14,16,18,21,28,30,33,39,40],"killed_by":"Transient","ascension_level":17}}