{"host":"pqs17sqrgflf4eqa","time":1608082270,"event":{"mods":["AchievementEnabler","BaseMod","Bestiary","Better Altar","Colored Map","Colored Powertips","Emptier Cage","Googly Eyes","Highlight Path","Minty Spire (QoL Compilation)","Quick Restart","StSLib","SuperFastMode","Transform Curses","slay the spire mod where everything is the same but ironclad has a cowboy hat"],"gold_per_floor":[18,29,29,29,41,66,81,81,128,138,138,168,168,186,186,286,286,296,296,312,331,347,347,380,380,405,424,456,456,456,456],"floor_reached":30,"playtime":788,"items_purged":[],"score":338,"play_id":"bf322922-7de9-4558-aaa1-417d9836dfea","local_time":"20201215203110","is_ascension_mode":true,"campfire_choices":[{"data":"Dualcast","floor":11,"key":"SMITH"},{"floor":13,"key":"REST"},{"data":"Loop","floor":15,"key":"SMITH"},{"floor":23,"key":"REST"},{"floor":25,"key":"REST"}],"circlet_count":0,"master_deck":["Strike_B","Strike_B","Strike_B","Strike_B","Defend_B","Defend_B","Defend_B","Defend_B","Zap+1","Dualcast+1","Steam","Loop+1","Leap","Coolheaded","Sweeping Beam","Multi-Cast","Gash","Electrodynamics","Sweeping Beam+1","FTL+1","Coolheaded+1","Rebound+1","Genetic Algorithm","Creative AI","Decay"],"relics":["Cracked Core","Ice Cream","White Beast Statue","Regal Pillow","Toy Ornithopter","Fusion Hammer","Bloody Idol","Pen Nib","Boot","Sundial"],"acts_visited":["Exordium","TheCity"],"potions_floor_usage":[10,12,16,20,20,13021,21,24,24,28,28,28,30],"damage_taken":[{"damage":1,"enemies":"Cultist","floor":1,"turns":4},{"damage":0,"enemies":"Small Slimes","floor":2,"turns":3},{"damage":1,"enemies":"Jaw Worm","floor":5,"turns":3},{"damage":19,"enemies":"Lagavulin","floor":6,"turns":7},{"damage":19,"enemies":"Blue Slaver","floor":7,"turns":4},{"damage":0,"enemies":"Gremlin Gang","floor":10,"turns":4},{"damage":20,"enemies":"Gremlin Nob","floor":12,"turns":4},{"damage":2,"enemies":"2 Fungi Beasts","floor":14,"turns":4},{"damage":33,"enemies":"Hexaghost","floor":16,"turns":13},{"damage":12,"enemies":"2 Thieves","floor":18,"turns":3},{"damage":6,"enemies":"Shell Parasite","floor":20,"turns":4},{"damage":28,"enemies":"Centurion and Healer","floor":21,"turns":8},{"damage":20,"enemies":"Cultist and Chosen","floor":22,"turns":6},{"damage":48,"enemies":"Book of Stabbing","floor":24,"turns":6},{"damage":12,"enemies":"Sentry and Sphere","floor":27,"turns":5},{"damage":42,"enemies":"Slavers","floor":28,"turns":5},{"damage":42,"enemies":"Snake Plant","floor":30,"turns":2}],"seed_played":"-6012020483812392213","potions_obtained":[{"floor":1,"key":"SmokeBomb"},{"floor":2,"key":"Block Potion"},{"floor":7,"key":"DistilledChaos"},{"floor":10,"key":"Fire Potion"},{"floor":12,"key":"SteroidPotion"},{"floor":14,"key":"FearPotion"},{"floor":16,"key":"PowerPotion"},{"floor":20,"key":"LiquidMemories"},{"floor":21,"key":"Energy Potion"},{"floor":22,"key":"BlessingOfTheForge"},{"floor":24,"key":"Strength Potion"},{"floor":27,"key":"FearPotion"},{"floor":28,"key":"FearPotion"}],"is_trial":false,"path_per_floor":["M","M","?","?","M","E","M","?","T","M","R","E","R","M","R","B",null,"M","?","M","M","M","R","E","R","T","M","E","?","M"],"character_chosen":"DEFECT","items_purchased":[],"campfire_rested":3,"item_purchase_floors":[],"current_hp_per_floor":[74,74,74,79,78,59,40,40,40,40,40,20,59,57,57,29,80,68,9,18,27,12,51,18,57,62,55,33,33,0,0],"gold":456,"neow_bonus":"ONE_RARE_RELIC","is_daily":false,"chose_seed":false,"campfire_upgraded":2,"win_rate":0.0,"timestamp":1608082270,"path_taken":["M","M","?","?","M","E","M","?","T","M","R","E","R","M","R","BOSS","M","?","M","M","M","R","E","R","T","M","E","?","?"],"items_purchased_type":[],"build_version":"2020-12-13","purchased_purges":0,"victory":false,"max_hp_per_floor":[75,75,75,80,80,80,80,80,80,80,80,80,80,80,80,80,80,80,80,80,80,80,80,80,80,80,80,80,80,80,80],"card_choices":[{"not_picked":["Melter","White Noise"],"picked":"Steam","floor":1},{"not_picked":["Sweeping Beam","White Noise"],"picked":"Loop","floor":2},{"not_picked":["Hello World","Redo"],"picked":"Leap","floor":5},{"not_picked":["Meteor Strike","Reinforced Body"],"picked":"Coolheaded","floor":6},{"not_picked":["Steam","Blizzard","Recycle"],"picked":"SKIP","floor":7},{"not_picked":["Stack","Turbo"],"picked":"Sweeping Beam","floor":10},{"not_picked":["Steam","Reinforced Body"],"picked":"Multi-Cast","floor":12},{"not_picked":["White Noise","Rebound"],"picked":"Gash","floor":14},{"not_picked":["Biased Cognition","Echo Form"],"picked":"Electrodynamics","floor":16},{"not_picked":["Leap","Compile Driver"],"picked":"Sweeping Beam+1","floor":18},{"not_picked":["Steam","Turbo","Static Discharge"],"picked":"SKIP","floor":20},{"not_picked":["Stack+1","Conserve Battery+1"],"picked":"FTL+1","floor":21},{"not_picked":["Conserve Battery","Static Discharge"],"picked":"Coolheaded+1","floor":22},{"not_picked":["Fission","Sweeping Beam"],"picked":"Rebound+1","floor":24},{"not_picked":["Heatsinks","White Noise"],"picked":"Genetic Algorithm","floor":27},{"not_picked":["Seek","Sweeping Beam"],"picked":"Creative AI","floor":28}],"player_experience":137258,"relics_obtained":[{"floor":6,"key":"White Beast Statue"},{"floor":9,"key":"Regal Pillow"},{"floor":12,"key":"Toy Ornithopter"},{"floor":24,"key":"Pen Nib"},{"floor":26,"key":"Boot"},{"floor":28,"key":"Sundial"}],"event_choices":[{"damage_healed":0,"gold_gain":0,"player_choice":"Grow","damage_taken":0,"max_hp_gain":0,"max_hp_loss":0,"event_name":"Living Wall","floor":3,"gold_loss":0,"cards_upgraded":["Zap"]},{"damage_healed":0,"gold_gain":0,"player_choice":"Donut","damage_taken":0,"max_hp_gain":5,"max_hp_loss":0,"event_name":"Big Fish","floor":4,"gold_loss":0},{"damage_healed":0,"gold_gain":0,"player_choice":"Ignored","damage_taken":0,"max_hp_gain":0,"max_hp_loss":0,"event_name":"Liars Game","floor":8,"gold_loss":0},{"damage_healed":0,"gold_gain":0,"player_choice":" Potion Idol ","damage_taken":59,"relics_obtained":["Bloody Idol"],"max_hp_gain":68,"max_hp_loss":9,"event_name":"betterAltar:BetterAltar","floor":19,"potions_obtained":["betterAltar:AltarPotion"],"relics_lost":[],"gold_loss":0},{"damage_healed":0,"gold_gain":0,"player_choice":"Cursed","damage_taken":0,"max_hp_gain":0,"max_hp_loss":0,"event_name":"Wheel of Change","floor":29,"gold_loss":0,"cards_obtained":["Decay"]}],"is_beta":false,"boss_relics":[{"not_picked":["Empty Cage","Velvet Choker"],"picked":"Fusion Hammer"}],"items_purged_floors":[],"is_endless":false,"potions_floor_spawned":[1,2,7,10,12,14,16,18,20,21,22,24,27,28],"killed_by":"Snake Plant","ascension_level":4}}