{"host":"rj1j8apb2x4vafcu","time":1608155961,"event":{"mods":["BaseMod","Colored Map","Colored Powertips","Minty Spire (QoL Compilation)","StSLib"],"gold_per_floor":[111,129,204,164,164,191,191,206,206,206,221,171,171,188,188,291,291,309,322,322,336,346,346,366,376,376,376,376],"floor_reached":27,"playtime":2756,"items_purged":[],"score":217,"play_id":"21d2f076-6642-47c3-850d-7b2faf3f3f62","local_time":"20201216195921","is_ascension_mode":false,"campfire_choices":[{"data":"Shrug It Off","floor":7,"key":"SMITH"},{"data":"Searing Blow","floor":10,"key":"SMITH"},{"floor":15,"key":"REST"},{"floor":23,"key":"REST"}],"circlet_count":0,"master_deck":["Strike_R","Strike_R","Strike_R+1","Strike_R","Defend_R","Defend_R","Defend_R","Defend_R","Bash+1","Shrug It Off","Searing Blow+1","Carnage+1","Shrug It Off+1","Clothesline","Flex","Bash","Clothesline","Iron Wave","Double Tap","Shockwave+1","Disarm+1","Pommel Strike","Armaments+1","Demon Form","Shrug It Off"],"relics":["Burning Blood","White Beast Statue","Whetstone","InkBottle","SacredBark","Pantograph"],"acts_visited":["TheCity"],"potions_floor_usage":[11,14,16,16,19,21,22,24,25,27],"damage_taken":[{"damage":7,"enemies":"2 Louse","floor":1,"turns":3},{"damage":5,"enemies":"Small Slimes","floor":2,"turns":3},{"damage":37,"enemies":"Gremlin Nob","floor":6,"turns":5},{"damage":1,"enemies":"Jaw Worm","floor":8,"turns":2},{"damage":0,"enemies":"2 Fungi Beasts","floor":11,"turns":3},{"damage":5,"enemies":"Lots of Slimes","floor":14,"turns":4},{"damage":42,"enemies":"Slime Boss","floor":16,"turns":10},{"damage":9,"enemies":"Chosen","floor":18,"turns":4},{"damage":33,"enemies":"3 Byrds","floor":19,"turns":6},{"damage":1,"enemies":"Snake Plant","floor":21,"turns":4},{"damage":41,"enemies":"Sentry and Sphere","floor":22,"turns":6},{"damage":22,"enemies":"Chosen and Byrds","floor":24,"turns":7},{"damage":23,"enemies":"3 Cultists","floor":25,"turns":5},{"damage":11,"enemies":"Gremlin Leader","floor":27,"turns":2}],"seed_played":"7182547020453403470","potions_obtained":[{"floor":1,"key":"SkillPotion"},{"floor":2,"key":"Energy Potion"},{"floor":6,"key":"Swift Potion"},{"floor":11,"key":"DuplicationPotion"},{"floor":14,"key":"DuplicationPotion"},{"floor":16,"key":"Strength Potion"},{"floor":18,"key":"SneckoOil"},{"floor":19,"key":"ColorlessPotion"},{"floor":21,"key":"GamblersBrew"},{"floor":22,"key":"Strength Potion"},{"floor":24,"key":"Energy Potion"},{"floor":25,"key":"AttackPotion"}],"is_trial":false,"path_per_floor":["M","M","?","$","?","E","R","M","T","R","M","?","?","M","R","B",null,"M","M","?","M","M","R","M","M","T","E"],"character_chosen":"IRONCLAD","items_purchased":["Carnage"],"campfire_rested":2,"item_purchase_floors":[4],"current_hp_per_floor":[79,80,69,69,62,31,31,36,36,36,42,42,42,43,67,31,80,77,50,50,55,20,44,28,11,11,0,0],"gold":376,"neow_bonus":"UPGRADE_CARD","is_daily":false,"chose_seed":false,"campfire_upgraded":2,"win_rate":0.0,"timestamp":1608155961,"path_taken":["M","M","?","$","?","E","R","M","T","R","M","?","?","M","R","BOSS","M","?","?","M","?","R","M","M","T","E"],"items_purchased_type":["Card"],"build_version":"2020-12-13","purchased_purges":0,"victory":false,"max_hp_per_floor":[80,80,80,80,80,80,80,80,80,80,80,80,80,80,80,80,80,80,80,80,80,80,80,80,80,80,80,80],"card_choices":[{"not_picked":["Battle Trance","Spot Weakness"],"picked":"Shrug It Off","floor":1},{"not_picked":["Shrug It Off","Cleave"],"picked":"Searing Blow","floor":2},{"not_picked":["Pommel Strike","Infernal Blade"],"picked":"Shrug It Off","floor":6},{"not_picked":["Clash","Heavy Blade"],"picked":"Clothesline","floor":8},{"not_picked":["Fire Breathing","Warcry"],"picked":"Flex","floor":11},{"not_picked":["Feel No Pain","Power Through"],"picked":"Iron Wave","floor":14},{"not_picked":["Berserk","Bludgeon"],"picked":"Double Tap","floor":16},{"not_picked":["Shrug It Off","Anger"],"picked":"Shockwave+1","floor":18},{"not_picked":["Entrench","Hemokinesis"],"picked":"Disarm+1","floor":19},{"not_picked":["Body Slam","Blood for Blood+1"],"picked":"Pommel Strike","floor":21},{"not_picked":["Heavy Blade","Burning Pact+1"],"picked":"Armaments+1","floor":22},{"not_picked":["Wild Strike+1","Clothesline"],"picked":"Demon Form","floor":24},{"not_picked":["Intimidate+1","Searing Blow+1"],"picked":"Shrug It Off","floor":25}],"player_experience":50826,"relics_obtained":[{"floor":6,"key":"Whetstone"},{"floor":9,"key":"InkBottle"},{"floor":26,"key":"Pantograph"}],"event_choices":[{"damage_healed":0,"gold_gain":75,"player_choice":"Gather Gold","damage_taken":11,"max_hp_gain":0,"max_hp_loss":0,"event_name":"World of Goop","floor":3,"gold_loss":0},{"damage_healed":0,"gold_gain":0,"player_choice":"Success","damage_taken":7,"relics_obtained":["White Beast Statue"],"max_hp_gain":0,"max_hp_loss":0,"event_name":"Scrap Ooze","floor":5,"gold_loss":0},{"cards_removed":["Strike_R"],"damage_healed":0,"gold_gain":0,"player_choice":"Card Removal","damage_taken":0,"max_hp_gain":0,"max_hp_loss":0,"event_name":"The Cleric","floor":12,"gold_loss":50},{"damage_healed":0,"gold_gain":0,"player_choice":"2 cards matched","damage_taken":0,"max_hp_gain":0,"max_hp_loss":0,"event_name":"Match and Keep!","floor":13,"gold_loss":0,"cards_obtained":["Bash","Clothesline"]},{"damage_healed":0,"gold_gain":0,"player_choice":"Ignored","damage_taken":0,"max_hp_gain":0,"max_hp_loss":0,"event_name":"NoteForYourself","floor":20,"gold_loss":0}],"is_beta":false,"boss_relics":[{"not_picked":["Fusion Hammer","Runic Pyramid"],"picked":"SacredBark"}],"items_purged_floors":[],"is_endless":false,"potions_floor_spawned":[1,2,6,8,11,14,16,18,19,21,22,24,25],"killed_by":"Gremlin Leader","ascension_level":0}}