{"host":"mi0eibewekhugwl1","time":1608135006,"event":{"mods":["AchievementEnabler","BaseMod","Colored Map","Colored Powertips","DeckTracker","Keyboard Shortcuts","Minty Spire (QoL Compilation)","Quick Restart","Rare Cards Sparkle","Relic Stats","StSLib","SuperFastMode","everything is the same but u backflip on backflip"],"gold_per_floor":[119,138,148,165,177,177,177,177,202,255,255,270,301,316,316,394,394,404,249,164,164,164,164,182,192,217,217,232,246,246,4,4,4,4],"floor_reached":33,"playtime":614,"items_purged":["LikeWater+1","Strike_P+1"],"score":698,"play_id":"19d2f02f-4417-4aa8-ae0b-c4c71e1c1e6d","local_time":"20201217011006","is_ascension_mode":true,"campfire_choices":[{"data":"Eruption","floor":6,"key":"SMITH"},{"data":"SignatureMove","floor":8,"key":"SMITH"},{"data":"Meditate","floor":15,"key":"SMITH"},{"data":"Adaptation","floor":23,"key":"SMITH"},{"floor":27,"key":"REST"},{"floor":30,"key":"REST"},{"data":"MentalFortress","floor":32,"key":"SMITH"}],"circlet_count":0,"master_deck":["AscendersBane","Strike_P+1","Defend_P","Defend_P","Defend_P","Eruption+1","Vigilance","MentalFortress+1","SignatureMove+1","TalkToTheHand","EmptyMind","Meditate+1","ConjureBlade","Crescendo+1","FearNoEvil","Adaptation+1","Tantrum","Evaluate"],"relics":["PureWater","NeowsBlessing","Whetstone","MealTicket","Nunchaku","Astrolabe","Bag of Marbles","Orichalcum"],"acts_visited":["Exordium","TheCity"],"potions_floor_usage":[12,13,13,18,28],"damage_taken":[{"damage":0,"enemies":"Jaw Worm","floor":1,"turns":2},{"damage":10,"enemies":"Small Slimes","floor":2,"turns":2},{"damage":0,"enemies":"2 Louse","floor":3,"turns":2},{"damage":8,"enemies":"Blue Slaver","floor":4,"turns":6},{"damage":1,"enemies":"2 Fungi Beasts","floor":5,"turns":4},{"damage":4,"enemies":"3 Louse","floor":12,"turns":3},{"damage":0,"enemies":"Gremlin Nob","floor":13,"turns":2},{"damage":27,"enemies":"Gremlin Gang","floor":14,"turns":6},{"damage":0,"enemies":"Slime Boss","floor":16,"turns":3},{"damage":30,"enemies":"2 Thieves","floor":18,"turns":4},{"damage":0,"enemies":"Shell Parasite","floor":24,"turns":2},{"damage":27,"enemies":"Cultist and Chosen","floor":25,"turns":6},{"damage":31,"enemies":"Centurion and Healer","floor":28,"turns":6},{"damage":0,"enemies":"Snake Plant","floor":29,"turns":2},{"damage":46,"enemies":"Automaton","floor":33,"turns":6}],"seed_played":"-3122591159855365522","potions_obtained":[{"floor":3,"key":"SkillPotion"},{"floor":4,"key":"FearPotion"},{"floor":12,"key":"Energy Potion"},{"floor":14,"key":"GamblersBrew"},{"floor":24,"key":"Energy Potion"},{"floor":25,"key":"FearPotion"},{"floor":29,"key":"Energy Potion"}],"is_trial":false,"path_per_floor":["M","M","M","M","M","R","?","R","T","T","?","M","E","M","R","B",null,"M","$","?","?","?","R","M","M","T","R","M","M","R","$","R","B"],"character_chosen":"WATCHER","items_purchased":["Adaptation","Tantrum","Evaluate"],"campfire_rested":2,"item_purchase_floors":[19,31,31],"current_hp_per_floor":[61,51,51,43,42,42,47,47,47,47,47,43,43,16,16,16,59,29,44,44,44,44,44,44,17,17,38,7,7,28,43,43,0,0],"gold":4,"neow_bonus":"THREE_ENEMY_KILL","is_daily":false,"chose_seed":false,"campfire_upgraded":5,"win_rate":0.0,"timestamp":1608135006,"path_taken":["M","M","M","M","M","R","?","R","T","?","?","M","E","M","R","BOSS","M","$","?","?","?","R","M","M","T","R","M","M","R","$","R","BOSS"],"items_purchased_type":["Card","Card","Card"],"build_version":"2020-12-13","purchased_purges":2,"victory":false,"max_hp_per_floor":[68,68,68,68,68,68,73,73,73,73,73,73,73,73,73,73,73,73,73,73,73,73,73,73,73,73,73,73,73,73,73,73,73,73],"relic_stats":{"Nunchaku":[8],"counters":[15,56],"Astrolabe":["LikeWater","Crescendo","LikeWater"],"MealTicket":30,"Whetstone":["Strike_P","Strike_P"],"Orichalcum":[6],"obtain_stats":[{"Nunchaku":13,"NeowsBlessing":0,"Astrolabe":17,"MealTicket":10,"Bag of Marbles":20,"Whetstone":9,"PureWater":0,"Orichalcum":26},{"Nunchaku":7,"NeowsBlessing":0,"Astrolabe":9,"MealTicket":5,"Bag of Marbles":10,"Whetstone":5,"PureWater":0,"Orichalcum":12},{"Nunchaku":21,"NeowsBlessing":0,"Astrolabe":30,"MealTicket":16,"Bag of Marbles":34,"Whetstone":16,"PureWater":0,"Orichalcum":42}]},"card_choices":[{"not_picked":["CrushJoints","FlurryOfBlows"],"picked":"MentalFortress","floor":1},{"not_picked":["Weave","InnerPeace","BowlingBash"],"picked":"SKIP","floor":2},{"not_picked":["Perseverance","Vengeance"],"picked":"SignatureMove","floor":3},{"not_picked":["Weave","SignatureMove","CrushJoints"],"picked":"SKIP","floor":4},{"not_picked":["Nirvana","JustLucky"],"picked":"TalkToTheHand","floor":5},{"not_picked":["PathToVictory","Collect","ForeignInfluence"],"picked":"SKIP","floor":12},{"not_picked":["Swivel","Consecrate"],"picked":"EmptyMind","floor":13},{"not_picked":["ConjureBlade","FlurryOfBlows"],"picked":"Meditate","floor":14},{"not_picked":["Devotion","Omniscience"],"picked":"ConjureBlade","floor":16},{"not_picked":["Wallop","WindmillStrike"],"picked":"FearNoEvil","floor":18},{"not_picked":["Consecrate+1","CarveReality+1","CrushJoints"],"picked":"SKIP","floor":24},{"not_picked":["Consecrate+1","CarveReality+1","CrushJoints"],"picked":"SKIP","floor":24},{"not_picked":["Worship+1","ClearTheMind","Consecrate"],"picked":"SKIP","floor":25},{"not_picked":["CutThroughFate","ThirdEye","Crescendo"],"picked":"SKIP","floor":28},{"not_picked":["Protect","Halt","JustLucky"],"picked":"SKIP","floor":29}],"player_experience":1678434,"relics_obtained":[{"floor":9,"key":"Whetstone"},{"floor":10,"key":"MealTicket"},{"floor":13,"key":"Nunchaku"},{"floor":26,"key":"Orichalcum"}],"event_choices":[{"damage_healed":0,"gold_gain":0,"player_choice":"Donut","damage_taken":0,"max_hp_gain":5,"max_hp_loss":0,"event_name":"Big Fish","floor":7,"gold_loss":0},{"damage_healed":0,"gold_gain":0,"player_choice":"Ignored","damage_taken":0,"max_hp_gain":0,"max_hp_loss":0,"event_name":"Liars Game","floor":11,"gold_loss":0},{"damage_healed":0,"gold_gain":0,"player_choice":"Obtained Relic","damage_taken":0,"relics_obtained":["Bag of Marbles"],"max_hp_gain":0,"max_hp_loss":0,"event_name":"Addict","floor":20,"gold_loss":85},{"cards_removed":["LikeWater"],"damage_healed":0,"gold_gain":0,"player_choice":"Elegance","damage_taken":0,"max_hp_gain":0,"max_hp_loss":0,"event_name":"Back to Basics","floor":21,"gold_loss":0},{"damage_healed":0,"gold_gain":0,"player_choice":"Ignored","damage_taken":0,"max_hp_gain":0,"max_hp_loss":0,"event_name":"Cursed Tome","floor":22,"gold_loss":0}],"is_beta":false,"boss_relics":[{"not_picked":["HolyWater","Calling Bell"],"picked":"Astrolabe"}],"items_purged_floors":[19,31],"is_endless":false,"potions_floor_spawned":[3,4,5,12,14,24,25,29],"killed_by":"Automaton","ascension_level":20}}