{"host":"cr9rpoy6dx9riis3","time":1608080097,"event":{"mods":["AchievementEnabler","BaseMod","Better Altar","Better Note","Better Sensory Stone","Better Skull","Better Third Choice","Better-Laid Plans","BetterRewards","Block Reminder","Curses Come First","Displayed Cursed Tome","Emptier Cage","Marked Mod","Minty Spire (QoL Compilation)","Permanent Neow","Relic Sorter","StSLib","The Blue Laboratory","Transform Curses"],"gold_per_floor":[111,121,139,314,314,314,348,348,348,348,367,387,398,153,153,252,252,270,288,143,153,379,379,389,389,415,434,434,293,306,306,306],"floor_reached":31,"playtime":984,"items_purged":["Bash","Strike_R","Strike_R","Defend_R"],"score":390,"play_id":"e082f164-1583-4af7-8562-5b4589ce6647","local_time":"20201216015457","is_ascension_mode":true,"campfire_choices":[{"data":"Uppercut","floor":6,"key":"SMITH"},{"data":"Flash of Steel","floor":10,"key":"SMITH"},{"data":"Metallicize","floor":15,"key":"SMITH"},{"data":"Blind","floor":23,"key":"SMITH"},{"data":"Ghostly Armor","floor":25,"key":"SMITH"},{"data":"Reaper","floor":28,"key":"SMITH"}],"circlet_count":0,"master_deck":["Strike_R","Strike_R","Strike_R+1","Defend_R","Defend_R","Defend_R+1","Flash of Steel+1","Uppercut+1","Metallicize+1","Rampage","Seeing Red+1","Impervious+1","Reaper+1","Ghostly Armor+1","Blind+1","Carnage","Bandage Up","Ghostly Armor"],"relics":["Burning Blood","Coffee Dripper","Membership Card","Eternal Feather","Ginger"],"acts_visited":["Exordium","TheCity"],"potions_floor_usage":[7,16,24,30],"damage_taken":[{"damage":1,"enemies":"Cultist","floor":1,"turns":3},{"damage":2,"enemies":"Jaw Worm","floor":2,"turns":3},{"damage":0,"enemies":"Small Slimes","floor":3,"turns":3},{"damage":21,"enemies":"Lagavulin","floor":7,"turns":6},{"damage":3,"enemies":"3 Louse","floor":11,"turns":3},{"damage":15,"enemies":"Blue Slaver","floor":12,"turns":3},{"damage":3,"enemies":"Red Slaver","floor":13,"turns":3},{"damage":28,"enemies":"Slime Boss","floor":16,"turns":12},{"damage":17,"enemies":"Spheric Guardian","floor":18,"turns":6},{"damage":29,"enemies":"2 Thieves","floor":19,"turns":5},{"damage":1,"enemies":"Snecko","floor":21,"turns":5},{"damage":26,"enemies":"3 Cultists","floor":24,"turns":7},{"damage":27,"enemies":"Snake Plant","floor":27,"turns":6},{"damage":4,"enemies":"Shelled Parasite and Fungi","floor":30,"turns":7},{"damage":38,"enemies":"Book of Stabbing","floor":31,"turns":7}],"seed_played":"-4706584625511506216","potions_obtained":[{"floor":3,"key":"blueLaboratory:AbyssPotion"},{"floor":7,"key":"Weak Potion"},{"floor":11,"key":"blueLaboratory:AbyssPotion"},{"floor":18,"key":"Block Potion"}],"is_trial":false,"path_per_floor":["M","M","M","?","?","R","E","?","T","R","M","M","M","$","R","B",null,"M","M","$","M","?","R","M","R","T","M","R","$","M","E"],"character_chosen":"IRONCLAD","items_purchased":["Flash of Steel","Uppercut","Fire Potion","Membership Card","Ghostly Armor","Blind","blueLaboratory:BubblePotion","Bandage Up"],"campfire_rested":0,"item_purchase_floors":[0,0,0,14,20,20,29,29],"current_hp_per_floor":[74,78,80,80,64,64,49,49,49,55,58,49,52,52,58,36,80,69,54,54,63,17,26,18,27,27,7,16,16,24,0,0],"gold":306,"neow_bonus":"","is_daily":false,"chose_seed":false,"campfire_upgraded":6,"win_rate":0.0,"timestamp":1608080097,"path_taken":["M","M","?","?","?","R","E","?","T","R","M","M","M","$","R","BOSS","M","M","$","M","?","R","?","R","T","M","R","$","M","E"],"items_purchased_type":["Card","Card","Potion","Relic","Card","Card","Potion","Card"],"build_version":"2020-12-13","purchased_purges":4,"victory":false,"max_hp_per_floor":[80,80,80,80,80,80,80,80,80,80,80,80,80,80,80,80,80,80,80,80,80,80,80,80,80,80,80,80,80,80,80,80],"card_choices":[{"not_picked":["Iron Wave","Pummel","Cleave"],"picked":"SKIP","floor":1},{"not_picked":["Twin Strike","Heavy Blade","Wild Strike"],"picked":"SKIP","floor":2},{"not_picked":["Second Wind","Barricade","Cleave"],"picked":"SKIP","floor":3},{"not_picked":["Iron Wave","Body Slam"],"picked":"Metallicize","floor":7},{"not_picked":["Warcry","Clash"],"picked":"Rampage","floor":11},{"not_picked":["Headbutt","Perfected Strike"],"picked":"Seeing Red","floor":12},{"not_picked":["Evolve","Clash"],"picked":"Impervious","floor":13},{"not_picked":["Exhume","Demon Form"],"picked":"Reaper","floor":16},{"not_picked":["Rage","Headbutt","Sentinel"],"picked":"SKIP","floor":18},{"not_picked":["Dropkick","Evolve+1","Twin Strike"],"picked":"SKIP","floor":19},{"not_picked":["Dropkick","Evolve+1","Twin Strike"],"picked":"SKIP","floor":19},{"not_picked":["Twin Strike","Iron Wave","Perfected Strike"],"picked":"SKIP","floor":21},{"not_picked":["Power Through","Infernal Blade"],"picked":"Carnage","floor":24},{"not_picked":["True Grit","Wild Strike","Rage"],"picked":"SKIP","floor":27},{"not_picked":["Shrug It Off","Cleave"],"picked":"Ghostly Armor","floor":30}],"player_experience":713508,"relics_obtained":[{"floor":7,"key":"Ginger"},{"floor":9,"key":"Eternal Feather"}],"event_choices":[{"damage_healed":0,"gold_gain":175,"player_choice":"AGREE","damage_taken":139,"max_hp_gain":0,"max_hp_loss":0,"event_name":"betterThird:BetterSerpent","floor":4,"gold_loss":0},{"damage_healed":80,"gold_gain":0,"player_choice":"Upgrade","damage_taken":16,"max_hp_gain":0,"max_hp_loss":80,"event_name":"betterThird:BetterShining","floor":5,"gold_loss":0,"cards_upgraded":["Defend_R","Strike_R"]},{"cards_removed":["Doubt"],"damage_healed":0,"gold_gain":0,"player_choice":"Forget","damage_taken":0,"max_hp_gain":0,"max_hp_loss":0,"event_name":"Living Wall","floor":8,"gold_loss":0},{"damage_healed":0,"gold_gain":226,"player_choice":"GO UP UP GO ","damage_taken":52,"relics_obtained":[],"max_hp_gain":0,"max_hp_loss":0,"event_name":"betterSkull:BetterSkull","floor":22,"gold_loss":0,"cards_upgraded":["Seeing Red","Impervious"]}],"is_beta":false,"boss_relics":[{"not_picked":["Velvet Choker","Runic Dome"],"picked":"Coffee Dripper"}],"items_purged_floors":[0,14,20,29],"is_endless":false,"potions_floor_spawned":[3,7,11,18,21],"killed_by":"Book of Stabbing","ascension_level":3}}