{"host":"d8hh7rr4yzitjeuj","time":1608134879,"event":{"mods":["2.2 Compatiblity","AchievementEnabler","BaseMod","CapriCore","Colored Map","Colored Powertips","Highlight Path","Keyboard Shortcuts","Minty Spire (QoL Compilation)","Permanent Neow","Quick Restart","StSLib","SuperFastMode"],"gold_per_floor":[111,130,141,152,152,152,195,213,213,226,226,226,259,283,283,379,379,399,216,239,289,95,95,126,151,175,90,90,46,71,71,71,160,160,173,191,191,216,216,216,260,260,305,338,10,343,357,375,375,375,375,375,375,159,192,192],"floor_reached":57,"playtime":3553,"items_purged":["Auto Shields"],"score":2759,"play_id":"9bbe993d-d4c2-4165-a948-22be6461f287","local_time":"20201217010759","is_ascension_mode":true,"campfire_choices":[{"data":"Streamline","floor":6.0,"key":"SMITH"},{"data":"Hologram","floor":11.0,"key":"SMITH"},{"data":"Coolheaded","floor":15.0,"key":"SMITH"},{"data":"Turbo","floor":23.0,"key":"SMITH"},{"floor":32.0,"key":"REST"},{"data":"Discovery","floor":40.0,"key":"SMITH"},{"floor":49,"key":"RECALL"},{"data":"Seek","floor":53,"key":"SMITH"}],"circlet_count":0,"master_deck":["AscendersBane","Zap","Dualcast","Streamline+1","Seek+1","Hologram+1","Streamline+1","Echo Form","Reinforced Body","Coolheaded+1","Turbo+1","Steam Power","Buffer","Undo","Capacitor","Biased Cognition","Biased Cognition","Chill","Loop","Steam Power","Conserve Battery","Stack","Rip and Tear","Compile Driver+1","Go for the Eyes","Double Energy+1","Tempest","Skim+1","Core Surge","BootSequence","Stack","Fusion","Panacea","Bandage Up","Discovery+1","Rebound+1","Coolheaded+1","Blizzard+1","Parasite","Capacitor","White Noise+1"],"relics":["Nuclear Battery","Darkstone Periapt","Cables","StoneCalendar","Pandora\u0027s Box","Centennial Puzzle","ClockworkSouvenir","Letter Opener","Bronze Scales","Smiling Mask","Shuriken","Sozu","Molten Egg 2","MealTicket","Incense Burner","Whetstone","Pen Nib"],"acts_visited":["Exordium","TheCity","TheBeyond","TheEnding"],"potions_floor_usage":[47,56],"damage_taken":[{"damage":1.0,"enemies":"Small Slimes","floor":1.0,"turns":4.0},{"damage":7.0,"enemies":"2 Louse","floor":2.0,"turns":3.0},{"damage":4.0,"enemies":"Jaw Worm","floor":3.0,"turns":3.0},{"damage":22.0,"enemies":"Large Slime","floor":4.0,"turns":7.0},{"damage":8.0,"enemies":"Gremlin Nob","floor":7.0,"turns":3.0},{"damage":6.0,"enemies":"Looter","floor":8.0,"turns":3.0},{"damage":0.0,"enemies":"Exordium Wildlife","floor":10.0,"turns":6.0},{"damage":3.0,"enemies":"Lagavulin","floor":13.0,"turns":6.0},{"damage":2.0,"enemies":"2 Fungi Beasts","floor":14.0,"turns":3.0},{"damage":5.0,"enemies":"Slime Boss","floor":16.0,"turns":7.0},{"damage":0.0,"enemies":"2 Thieves","floor":18.0,"turns":4.0},{"damage":17.0,"enemies":"3 Byrds","floor":20.0,"turns":7.0},{"damage":23.0,"enemies":"Slavers","floor":24.0,"turns":7.0},{"damage":1.0,"enemies":"Sentry and Sphere","floor":25.0,"turns":5.0},{"damage":21.0,"enemies":"Shelled Parasite and Fungi","floor":30.0,"turns":3.0},{"damage":5.0,"enemies":"Automaton","floor":33.0,"turns":8.0},{"damage":0.0,"enemies":"3 Darklings","floor":35.0,"turns":5.0},{"damage":0.0,"enemies":"3 Shapes","floor":36.0,"turns":4.0},{"damage":3.0,"enemies":"Spire Growth","floor":38.0,"turns":4.0},{"damage":3.0,"enemies":"Giant Head","floor":41.0,"turns":7.0},{"damage":0,"enemies":"Nemesis","floor":44,"turns":7},{"damage":10,"enemies":"Transient","floor":47,"turns":6},{"damage":0,"enemies":"Writhing Mass","floor":48,"turns":5},{"damage":20,"enemies":"Time Eater","floor":50,"turns":11},{"damage":46,"enemies":"Awakened One","floor":51,"turns":12},{"damage":8,"enemies":"Shield and Spear","floor":55,"turns":8},{"damage":66,"enemies":"The Heart","floor":56,"turns":11}],"seed_played":"-7367343205054085899","potions_obtained":[{"floor":2.0,"key":"FairyPotion"},{"floor":4.0,"key":"GamblersBrew"},{"floor":7.0,"key":"Dexterity Potion"},{"floor":8.0,"key":"Regen Potion"},{"floor":13.0,"key":"Strength Potion"},{"floor":16.0,"key":"Fire Potion"}],"is_trial":false,"path_per_floor":["M","M","M","M","?","R","E","M","T","M","R","?","E","M","R","B",null,"M","$","M","?","$","R","E","M","T","?","?","$","M","T","R","B",null,"M","M","$","M","?","R","E","?","T","E","$","?","M","M","R","B","B",null,"R","$","E","B",null],"character_chosen":"DEFECT","items_purchased":["Centennial Puzzle","Stack","ClockworkSouvenir","Compile Driver","Tempest","Incense Burner","Whetstone"],"campfire_rested":1,"item_purchase_floors":[19,19,22,22,29,45,54],"current_hp_per_floor":[63,56,52,30,30,30,22,16,16,31,31,31,28,26,26,21,53,53,53,36,36,36,36,13,12,12,12,25,25,4,4,23,18,53,53,53,53,50,40,40,45,45,45,49,64,64,62,68,68,52,10,55,55,70,64,2],"gold":192,"neow_bonus":"BOSS_RELIC","is_daily":false,"chose_seed":false,"campfire_upgraded":6,"win_rate":0.0,"timestamp":1608134879,"path_taken":["M","M","M","M","?","R","E","M","T","M","R","?","E","M","R","BOSS","M","$","M","?","$","R","E","M","T","?","?","$","M","?","R","BOSS","M","M","$","M","?","R","E","?","T","E","$","?","?","M","R","BOSS","BOSS","R","$","E","BOSS"],"items_purchased_type":["Relic","Card","Relic","Card","Card","Relic","Relic"],"build_version":"2020-12-13","purchased_purges":1,"victory":true,"max_hp_per_floor":[71,71,71,71,64,64,64,64,64,64,64,64,64,64,64,64,64,64,64,64,64,64,64,64,64,64,64,64,64,64,64,64,64,64,64,64,64,64,64,64,64,64,64,64,64,64,64,70,70,70,70,70,70,70,70,70],"card_choices":[{"not_picked":["Steam","Stack"],"picked":"Streamline","floor":1.0},{"not_picked":["Compile Driver","Streamline"],"picked":"Seek","floor":2.0},{"not_picked":["Heatsinks","Gash"],"picked":"Hologram","floor":3.0},{"not_picked":["Lockon","Aggregate"],"picked":"Streamline","floor":4.0},{"not_picked":["Turbo","Fusion"],"picked":"Echo Form","floor":7.0},{"not_picked":["Streamline","Doom and Gloom"],"picked":"Reinforced Body","floor":8.0},{"not_picked":["Stack","Barrage"],"picked":"Coolheaded","floor":10.0},{"not_picked":["Biased Cognition","Double Energy"],"picked":"Turbo","floor":13.0},{"not_picked":["Barrage","Chaos"],"picked":"Steam Power","floor":14.0},{"not_picked":["Fission","Echo Form"],"picked":"Buffer","floor":16.0},{"not_picked":["Cold Snap+1","Redo"],"picked":"Conserve Battery","floor":18.0},{"not_picked":["Storm","Genetic Algorithm"],"picked":"Rip and Tear","floor":20.0},{"not_picked":["Turbo","Ball Lightning"],"picked":"Go for the Eyes","floor":24.0},{"not_picked":["Redo","Streamline"],"picked":"Double Energy+1","floor":25.0},{"not_picked":["Aggregate","Lockon+1"],"picked":"Skim+1","floor":30.0},{"not_picked":["Hyperbeam","Rainbow"],"picked":"Core Surge","floor":33.0},{"not_picked":["Coolheaded","Go for the Eyes"],"picked":"BootSequence","floor":35.0},{"not_picked":["Rebound","Melter"],"picked":"Stack","floor":36.0},{"not_picked":["Turbo","Streamline"],"picked":"Fusion","floor":38.0},{"not_picked":["Impatience","Swift Strike"],"picked":"Panacea","floor":39.0},{"not_picked":["Enlightenment","Good Instincts"],"picked":"Bandage Up","floor":39.0},{"not_picked":["Trip","Chrysalis"],"picked":"Discovery","floor":39.0},{"not_picked":["Beam Cell+1","Turbo"],"picked":"Rebound+1","floor":41.0},{"not_picked":["Cold Snap+1","Go for the Eyes+1"],"picked":"Coolheaded+1","floor":44},{"not_picked":["Stack","Hello World"],"picked":"Blizzard+1","floor":47},{"not_picked":["Chaos+1","Doom and Gloom+1"],"picked":"Capacitor","floor":48},{"not_picked":["Streamline+1","Cold Snap+1"],"picked":"White Noise+1","floor":55}],"player_experience":1347336,"relics_obtained":[{"floor":7.0,"key":"Darkstone Periapt"},{"floor":9.0,"key":"Cables"},{"floor":13.0,"key":"StoneCalendar"},{"floor":24.0,"key":"Letter Opener"},{"floor":26.0,"key":"Bronze Scales"},{"floor":31.0,"key":"Shuriken"},{"floor":41.0,"key":"Molten Egg 2"},{"floor":44,"key":"MealTicket"},{"floor":55,"key":"Pen Nib"}],"event_choices":[{"damage_healed":0.0,"max_hp_gain":0.0,"max_hp_loss":7.0,"gold_gain":0.0,"event_name":"Golden Idol","player_choice":"Lose Max HP","floor":5.0,"gold_loss":0.0,"damage_taken":0.0,"relics_obtained":["Golden Idol"]},{"damage_healed":0.0,"max_hp_gain":0.0,"max_hp_loss":0.0,"gold_gain":0.0,"event_name":"Liars Game","player_choice":"Ignored","floor":12.0,"gold_loss":0.0,"damage_taken":0.0},{"damage_healed":0.0,"max_hp_gain":0.0,"max_hp_loss":0.0,"gold_gain":50.0,"event_name":"Nest","player_choice":"Stole From Cult","floor":21.0,"gold_loss":0.0,"damage_taken":0.0},{"damage_healed":0.0,"max_hp_gain":0.0,"max_hp_loss":0.0,"gold_gain":0.0,"event_name":"Addict","player_choice":"Obtained Relic","floor":27.0,"gold_loss":85.0,"damage_taken":0.0,"relics_obtained":["Smiling Mask"]},{"damage_healed":13.0,"max_hp_gain":0.0,"max_hp_loss":0.0,"gold_gain":0.0,"event_name":"The Library","player_choice":"Heal","floor":28.0,"gold_loss":0.0,"damage_taken":0.0},{"damage_healed":0.0,"max_hp_gain":0.0,"max_hp_loss":0.0,"gold_gain":0.0,"event_name":"SensoryStone","player_choice":"Memory 3","floor":39.0,"gold_loss":0.0,"damage_taken":10.0},{"damage_healed":0.0,"max_hp_gain":0.0,"max_hp_loss":0.0,"gold_gain":0.0,"event_name":"Tomb of Lord Red Mask","player_choice":"Ignored","floor":42.0,"gold_loss":0.0,"damage_taken":0.0},{"damage_healed":0,"gold_gain":333,"player_choice":"Gave Idol","damage_taken":0,"max_hp_gain":0,"max_hp_loss":0,"event_name":"The Moai Head","floor":46,"relics_lost":["Golden Idol"],"gold_loss":0}],"is_beta":false,"boss_relics":[{"not_picked":["Runic Dome","Inserter"],"picked":"Pandora\u0027s Box"},{"not_picked":["Fusion Hammer","Philosopher\u0027s Stone"],"picked":"Sozu"}],"items_purged_floors":[54],"is_endless":false,"potions_floor_spawned":[2,4,7,8,13,14,16,18,25,30,38,41,44,55],"ascension_level":20}}