{"host":"jd8ca16pxkooz5tw","time":1608147220,"event":{"mods":["AchievementEnabler","BaseMod","Colored Map","Defuse TimeMaze Blight","Downfall","GifTheSpireLib","Highlight Path","Minty Spire (QoL Compilation)","StSLib"],"gold_per_floor":[99,158,158,171,204,129,129,54,3,31,41,141,156,170,190,190,190],"floor_reached":16,"playtime":1194,"items_purged":[],"score":135,"play_id":"fd9d7203-7978-4de2-89c6-1496edd9fb46","local_time":"20201216203340","is_ascension_mode":false,"campfire_choices":[{"floor":1,"key":"RECALL"},{"floor":6,"key":"REST"},{"floor":8,"key":"REST"}],"circlet_count":0,"master_deck":["champ:Strike","champ:Strike","champ:Strike","champ:Defend","champ:Defend","champ:Defend","champ:Defend","champ:Execute","champ:Taunt","champ:FanOfKnives","champ:Haymaker","champ:DefensiveShout","champ:StanceDance","champ:FaceSlap","champ:Riposte","champ:ShieldWall","champ:Duel+1","champ:RecklessLeap+1","champ:Devastate+1"],"relics":["champ:ChampionCrown","Unceasing Top","Oddly Smooth Stone","downfall:HeartBlessingRed","downfall:HeartBlessingBlue","Molten Egg 2"],"acts_visited":["Exordium"],"potions_floor_usage":[5,16,16],"damage_taken":[{"damage":87,"enemies":"Lagavulin Event","floor":2,"turns":10},{"damage":8,"enemies":"Jaw Worm","floor":4,"turns":6},{"damage":19,"enemies":"3 Sentries","floor":5,"turns":6},{"damage":13,"enemies":"downfall:FleeingMerchant","floor":9,"turns":4},{"damage":29,"enemies":"Lagavulin","floor":10,"turns":7},{"damage":5,"enemies":"2 Louse","floor":11,"turns":2},{"damage":8,"enemies":"Cultist","floor":13,"turns":3},{"damage":28,"enemies":"Exordium Thugs","floor":14,"turns":6},{"damage":26,"enemies":"3 Louse","floor":15,"turns":4},{"damage":48,"enemies":"downfall:Silent","floor":16,"turns":8}],"seed_played":"4710662656182545886","potions_obtained":[{"floor":4,"key":"Explosive Potion"},{"floor":10,"key":"Strength Potion"},{"floor":13,"key":"FearPotion"}],"is_trial":false,"path_per_floor":["R","?","?","M","E","R","T","R","$","E","M","?","M","M","M","B"],"character_chosen":"THE_CHAMP","items_purchased":["champ:FaceSlap"],"campfire_rested":2,"item_purchase_floors":[9],"current_hp_per_floor":[99,27,27,25,16,45,45,87,87,71,71,71,71,48,42,0,0],"gold":190,"neow_bonus":"TEN_PERCENT_HP_BONUS","is_daily":false,"chose_seed":false,"campfire_upgraded":0,"win_rate":0.0,"timestamp":1608147220,"path_taken":["R","?","?","M","E","R","T","R","$","E","M","?","?","M","M","BOSS"],"items_purchased_type":["Card"],"build_version":"2020-12-13","purchased_purges":0,"victory":false,"max_hp_per_floor":[99,99,99,99,99,99,99,109,109,109,109,109,109,109,109,109,109],"card_choices":[{"not_picked":["champ:FlashCut","champ:IronFortress"],"picked":"champ:FanOfKnives","floor":2},{"not_picked":["champ:Encircle","champ:AdrenalArmor"],"picked":"champ:Haymaker","floor":4},{"not_picked":["champ:DeathBlow","champ:PerfectedStrike"],"picked":"champ:DefensiveShout","floor":5},{"not_picked":["champ:RapidStrikes","champ:CrookedStrike"],"picked":"champ:StanceDance","floor":9},{"not_picked":["champ:PreciseThrust+1","champ:StanceDance"],"picked":"champ:Riposte","floor":10},{"not_picked":["champ:DefensiveShout","champ:BringItOn"],"picked":"champ:ShieldWall","floor":11},{"not_picked":["champ:BladeFlurry+1","champ:GladiatorsShout"],"picked":"champ:Duel+1","floor":13},{"not_picked":["champ:DefensiveShout","champ:AdrenalArmor"],"picked":"champ:RecklessLeap+1","floor":14},{"not_picked":["champ:BringItOn","champ:ViciousMockery"],"picked":"champ:Devastate+1","floor":15}],"player_experience":310343,"relics_obtained":[{"floor":2,"key":"Unceasing Top"},{"floor":5,"key":"Oddly Smooth Stone"},{"floor":10,"key":"Molten Egg 2"}],"event_choices":[],"is_beta":false,"boss_relics":[],"items_purged_floors":[],"is_endless":false,"potions_floor_spawned":[4,10,13],"killed_by":"downfall:Silent","ascension_level":0}}