{"host":"kh6fvhxn285ncg0o","time":1608084463,"event":{"mods":["Act Like it!","BaseMod","Colored Map","Friendly Minions","Keyboard Shortcuts","Minty Spire (QoL Compilation)","Quick Restart","Relic Stats","StSLib","SuperFastMode"],"gold_per_floor":[114,132,132,57,68,68,93,105,105,105,5,17,92,108,108,183,183,193,193,118,138,138,138,170,186,186,217,229,248,123,136,136,213,213,227,227,245,245,256,282,282,132,132,150,60,72,72,97,97,97,97,97,97,13,44,44],"floor_reached":57,"playtime":1498,"items_purged":["Strike_R","Strike_R","Strike_R","Immolate+1"],"score":3058,"play_id":"e7c8de94-9018-42b8-81ea-93fdb6f36919","local_time":"20201216110743","is_ascension_mode":true,"campfire_choices":[{"data":"Bash","floor":6.0,"key":"SMITH"},{"data":"Juggernaut","floor":10.0,"key":"SMITH"},{"data":"Carnage","floor":15.0,"key":"SMITH"},{"data":"Immolate","floor":23.0,"key":"SMITH"},{"data":"Dual Wield","floor":32.0,"key":"SMITH"},{"data":"Entrench","floor":47,"key":"SMITH"},{"floor":49,"key":"RECALL"},{"data":"Feel No Pain","floor":53,"key":"SMITH"}],"circlet_count":0,"master_deck":["AscendersBane","Defend_R","Defend_R","Defend_R","Defend_R","Bash+1","Power Through","Dropkick","Juggernaut+1","Shrug It Off","Carnage+1","Battle Trance+1","Burning Pact","Disarm","Dual Wield+1","Feel No Pain+1","Barricade","Body Slam+1","Entrench+1","Good Instincts","Purity","Warcry+1"],"relics":["Burning Blood","NeowsBlessing","Bag of Preparation","Matryoshka","Coffee Dripper","Calipers","Blood Vial","Pantograph","Nunchaku","Runic Pyramid","Self Forming Clay","Ancient Tea Set","Lantern"],"acts_visited":["Exordium","TheCity","TheBeyond","TheEnding"],"potions_floor_usage":[46,48,56],"damage_taken":[{"damage":0.0,"enemies":"2 Louse","floor":1.0,"turns":1.0},{"damage":0.0,"enemies":"Cultist","floor":2.0,"turns":1.0},{"damage":0.0,"enemies":"Jaw Worm","floor":5.0,"turns":1.0},{"damage":21.0,"enemies":"Gremlin Nob","floor":7.0,"turns":4.0},{"damage":7.0,"enemies":"2 Fungi Beasts","floor":8.0,"turns":4.0},{"damage":0.0,"enemies":"Looter","floor":12.0,"turns":2.0},{"damage":0.0,"enemies":"3 Louse","floor":14.0,"turns":3.0},{"damage":53.0,"enemies":"The Guardian","floor":16.0,"turns":14.0},{"damage":15.0,"enemies":"3 Byrds","floor":18.0,"turns":6.0},{"damage":0.0,"enemies":"Spheric Guardian","floor":21.0,"turns":3.0},{"damage":19.0,"enemies":"Slavers","floor":24.0,"turns":5.0},{"damage":0.0,"enemies":"Snecko","floor":25.0,"turns":2.0},{"damage":0.0,"enemies":"Gremlin Leader","floor":27.0,"turns":5.0},{"damage":9.0,"enemies":"Snake Plant","floor":28.0,"turns":4.0},{"damage":38.0,"enemies":"Shelled Parasite and Fungi","floor":29.0,"turns":4.0},{"damage":0.0,"enemies":"Sentry and Sphere","floor":31.0,"turns":2.0},{"damage":37.0,"enemies":"Champ","floor":33.0,"turns":8.0},{"damage":39.0,"enemies":"3 Darklings","floor":35.0,"turns":3.0},{"damage":9.0,"enemies":"Orb Walker","floor":37.0,"turns":3.0},{"damage":11.0,"enemies":"Writhing Mass","floor":39.0,"turns":9.0},{"damage":0.0,"enemies":"Giant Head","floor":40.0,"turns":6.0},{"damage":0,"enemies":"Sphere and 2 Shapes","floor":44,"turns":3},{"damage":2,"enemies":"Maw","floor":46,"turns":5},{"damage":6,"enemies":"Reptomancer","floor":48,"turns":7},{"damage":24,"enemies":"Donu and Deca","floor":50,"turns":5},{"damage":0,"enemies":"Time Eater","floor":51,"turns":6},{"damage":36,"enemies":"Shield and Spear","floor":55,"turns":5},{"damage":8,"enemies":"The Heart","floor":56,"turns":7}],"seed_played":"4982153056921336866","potions_obtained":[{"floor":2.0,"key":"FearPotion"},{"floor":5.0,"key":"SkillPotion"},{"floor":18.0,"key":"Explosive Potion"},{"floor":24.0,"key":"Ancient Potion"},{"floor":25.0,"key":"SteroidPotion"},{"floor":28.0,"key":"SpeedPotion"},{"floor":29.0,"key":"LiquidMemories"},{"floor":37.0,"key":"Dexterity Potion"},{"floor":40.0,"key":"Block Potion"},{"floor":55,"key":"ElixirPotion"}],"is_trial":false,"path_per_floor":["M","M","?","$","M","R","E","M","T","R","$","M","?","M","R","B",null,"M","?","?","M","?","R","E","M","T","E","M","M","$","M","R","B",null,"M","?","M","?","M","E","?","$","T","M","$","M","R","E","R","B","B",null,"R","$","E","B",null],"character_chosen":"IRONCLAD","items_purchased":["Purity","ElixirPotion"],"campfire_rested":0,"item_purchase_floors":[45,54],"current_hp_per_floor":[74,75,75,75,75,75,60,59,59,59,59,65,54,60,60,13,60,51,51,51,57,57,57,44,50,50,58,57,27,27,35,35,31,64,33,33,32,32,29,37,37,37,37,45,45,51,51,53,53,53,71,71,71,71,41,66],"gold":44,"neow_bonus":"THREE_ENEMY_KILL","is_daily":false,"chose_seed":false,"campfire_upgraded":7,"win_rate":0.0,"timestamp":1608084463,"path_taken":["M","M","?","$","?","R","E","M","T","R","?","M","?","M","R","BOSS","M","?","?","M","?","R","E","M","T","E","M","?","$","M","R","BOSS","M","?","?","?","M","E","?","$","T","M","?","M","R","E","R","BOSS","BOSS","R","$","E","BOSS"],"items_purchased_type":["Card","Potion"],"build_version":"2020-12-13","purchased_purges":4,"victory":true,"max_hp_per_floor":[75,75,75,75,75,75,75,75,75,75,75,75,75,75,75,75,75,75,75,75,75,75,75,75,75,75,75,75,75,75,75,75,75,75,75,75,75,71,71,71,71,71,71,71,71,71,71,71,71,71,71,71,71,71,71,71],"relic_stats":{"Blood Vial":26,"Nunchaku":[14],"counters":[28,128],"Self Forming Clay":[36],"Pantograph":86,"Bag of Preparation":[48],"obtain_stats":[{"Lantern":55,"Calipers":24,"NeowsBlessing":0,"Self Forming Clay":43,"Bag of Preparation":7,"Ancient Tea Set":48,"Burning Blood":0,"Blood Vial":26,"Nunchaku":27,"Matryoshka":9,"Pantograph":26,"Coffee Dripper":17,"Runic Pyramid":34},{"Lantern":27,"Calipers":11,"NeowsBlessing":0,"Self Forming Clay":21,"Bag of Preparation":4,"Ancient Tea Set":24,"Burning Blood":0,"Blood Vial":12,"Nunchaku":13,"Matryoshka":5,"Pantograph":12,"Coffee Dripper":8,"Runic Pyramid":17},{"Lantern":121,"Calipers":44,"NeowsBlessing":0,"Self Forming Clay":90,"Bag of Preparation":7,"Ancient Tea Set":105,"Burning Blood":0,"Blood Vial":46,"Nunchaku":51,"Matryoshka":11,"Pantograph":46,"Coffee Dripper":30,"Runic Pyramid":69}],"Burning Blood":151},"card_choices":[{"not_picked":["Flex","Iron Wave"],"picked":"Power Through","floor":1.0},{"not_picked":["Clash","Perfected Strike"],"picked":"Dropkick","floor":5.0},{"not_picked":["Iron Wave","Pommel Strike"],"picked":"Juggernaut","floor":7.0},{"not_picked":["Iron Wave","Anger"],"picked":"Shrug It Off","floor":8.0},{"not_picked":["Rupture","True Grit"],"picked":"Carnage","floor":12.0},{"not_picked":["Shrug It Off","Wild Strike","Exhume"],"picked":"SKIP","floor":14.0},{"not_picked":["Impervious","Feed"],"picked":"Immolate","floor":16.0},{"not_picked":["Clothesline+1","Rupture","Hemokinesis"],"picked":"SKIP","floor":18.0},{"not_picked":["Burning Pact","Cleave"],"picked":"Battle Trance+1","floor":21.0},{"not_picked":["Warcry","Clothesline","Iron Wave"],"picked":"SKIP","floor":24.0},{"not_picked":["Thunderclap","Sword Boomerang"],"picked":"Burning Pact","floor":25.0},{"not_picked":["Perfected Strike+1","Anger"],"picked":"Disarm","floor":27.0},{"not_picked":["Shrug It Off","Battle Trance"],"picked":"Dual Wield","floor":28.0},{"not_picked":["Pommel Strike","Perfected Strike"],"picked":"Feel No Pain","floor":29.0},{"not_picked":["Havoc","Wild Strike","Whirlwind+1"],"picked":"SKIP","floor":31.0},{"not_picked":["Double Tap","Immolate"],"picked":"Barricade","floor":33.0},{"not_picked":["True Grit","Shrug It Off"],"picked":"Body Slam+1","floor":35.0},{"not_picked":["Havoc","Pommel Strike"],"picked":"Entrench","floor":37.0},{"not_picked":["Entrench","Heavy Blade","Anger"],"picked":"SKIP","floor":39.0},{"not_picked":["Feel No Pain","Iron Wave+1","Clash"],"picked":"SKIP","floor":40.0},{"not_picked":["Madness","Impatience"],"picked":"Good Instincts","floor":41},{"not_picked":["Flame Barrier","Cleave","Anger+1"],"picked":"SKIP","floor":44},{"not_picked":["Twin Strike","Rage"],"picked":"Warcry+1","floor":46},{"not_picked":["Whirlwind","Thunderclap","Pummel"],"picked":"SKIP","floor":48},{"not_picked":["Twin Strike+1","Carnage","Disarm"],"picked":"SKIP","floor":55}],"player_experience":3189206,"relics_obtained":[{"floor":7.0,"key":"Bag of Preparation"},{"floor":9.0,"key":"Matryoshka"},{"floor":24.0,"key":"Calipers"},{"floor":26.0,"key":"Blood Vial"},{"floor":26.0,"key":"Pantograph"},{"floor":27.0,"key":"Nunchaku"},{"floor":43,"key":"Self Forming Clay"},{"floor":48,"key":"Ancient Tea Set"},{"floor":55,"key":"Lantern"}],"event_choices":[{"damage_healed":0.0,"max_hp_gain":0.0,"max_hp_loss":0.0,"gold_gain":0.0,"event_name":"Match and Keep!","player_choice":"1 cards matched","floor":3.0,"gold_loss":0.0,"damage_taken":0.0,"cards_obtained":["Wild Strike"]},{"damage_healed":0.0,"max_hp_gain":0.0,"max_hp_loss":0.0,"gold_gain":75.0,"event_name":"World of Goop","player_choice":"Gather Gold","floor":13.0,"gold_loss":0.0,"damage_taken":11.0},{"damage_healed":0.0,"max_hp_gain":0.0,"max_hp_loss":0.0,"gold_gain":0.0,"event_name":"Ghosts","player_choice":"Ignored","floor":19.0,"gold_loss":0.0,"damage_taken":0.0},{"cards_removed":["Strike_R"],"damage_healed":0.0,"max_hp_gain":0.0,"max_hp_loss":0.0,"gold_gain":0.0,"event_name":"Beggar","player_choice":"Gave Gold","floor":20.0,"gold_loss":75.0,"damage_taken":0.0},{"cards_removed":["Strike_R"],"damage_healed":0.0,"max_hp_gain":0.0,"max_hp_loss":0.0,"gold_gain":0.0,"event_name":"Back to Basics","player_choice":"Elegance","floor":22.0,"gold_loss":0.0,"damage_taken":0.0},{"cards_removed":["Wild Strike"],"damage_healed":0.0,"max_hp_gain":0.0,"max_hp_loss":0.0,"gold_gain":0.0,"event_name":"Purifier","player_choice":"Purged","floor":36.0,"gold_loss":0.0,"damage_taken":0.0},{"damage_healed":0.0,"max_hp_gain":0.0,"max_hp_loss":4.0,"gold_gain":0.0,"event_name":"Winding Halls","player_choice":"Max HP","floor":38.0,"gold_loss":0.0,"damage_taken":0.0},{"damage_healed":0,"gold_gain":0,"player_choice":"Memory 1","damage_taken":0,"max_hp_gain":0,"max_hp_loss":0,"event_name":"SensoryStone","floor":41,"gold_loss":0}],"is_beta":false,"boss_relics":[{"not_picked":["Tiny House","SacredBark"],"picked":"Coffee Dripper"},{"not_picked":["Fusion Hammer","Philosopher\u0027s Stone"],"picked":"Runic Pyramid"}],"items_purged_floors":[4,11,30,42],"is_endless":false,"potions_floor_spawned":[2,5,18,24,25,28,29,37,39,40,55],"ascension_level":20}}