{"host":"rwzz6mk6bpmb57ql","time":1608100615,"event":{"mods":["AchievementEnabler","BaseMod","BetterRewards","Colored Map","Highlight Path","Hubris","Minty Spire (QoL Compilation)","Replay The Spire","StSLib"],"gold_per_floor":[5111,5122,5122,4229,4241,4241,4251,4279,4279,3356,3356,3356,3356,3356,3356,3454,3454,3442,3442,3412,2744,2744,2744,2777,2777,2803,2803,2814,2020,2038,2038,2038,2134,2134,2144,2163,1766,1779,1795,1828,1828,1846,1846,1865,1883,1412,1447,1447,1447,1447,1447,1447,1141,1175,1175],"floor_reached":56,"playtime":2964,"items_purged":["Strike_R","Strike_R","Strike_R","Strike_R","Defend_R","Bash","Defend_R"],"score":1815,"play_id":"3b741909-308d-4d47-b5ba-f22199a5d6cb","local_time":"20201216003655","is_ascension_mode":true,"campfire_choices":[{"floor":6,"key":"RECALL"},{"data":"ReplayUltimateDefense","floor":11,"key":"SMITH"},{"data":"Flame Barrier","floor":13,"key":"SMITH"},{"data":"Shrug It Off","floor":15,"key":"SMITH"},{"data":"Juggernaut","floor":23,"key":"SMITH"},{"data":"Intimidate","floor":25,"key":"SMITH"},{"data":"Shockwave","floor":27,"key":"SMITH"},{"data":"Mayhem","floor":32,"key":"SMITH"},{"data":"Defy Death","floor":41,"key":"SMITH"},{"data":"hubris:EnhanceAbility","floor":52,"key":"SMITH"}],"circlet_count":0,"master_deck":["Defend_R+1","Defend_R+1","Replay:Sssssssssstrike","Disarm+1","Flame Barrier+1","Bloodletting+1","Metallicize","hubris:StunningStrike+1","Shrug It Off+1","Ghostly Armor+1","Shockwave+1","ReplayUltimateDefense+1","Intimidate+1","Metallicize+1","Mayhem+1","hubris:DuctTapeCard","Offering","Defy Death+1","Shrug It Off+1","Defy Death+1","hubris:EnhanceAbility+1","Madness","Madness","Shockwave"],"relics":["Burning Blood","Lizard Tail","TheAbacus","ReplayTheSpireMod:TigerMarble","Durian","Counterbalance","Anchor","Orrery","hubris:Metronome","SlaversCollar","Vajra","Pear","Guide Book","Replay:Baseball","War Paint","Nunchaku","hubris:DuctTape","Enchiridion","Philosopher\u0027s Stone","Blood Vial","Replay:Mystery Machine","Oddly Smooth Stone","Red Skull","ReplayTheSpireMod:ShopPack","Replay:Wax Seal","King of Hearts"],"acts_visited":["Exordium","TheCity","TheBeyond","TheEnding"],"potions_floor_usage":[7,8,16,22,33,55,55,55],"damage_taken":[{"damage":1,"enemies":"Cultist","floor":1,"turns":3},{"damage":12,"enemies":"Small Slimes","floor":2,"turns":4},{"damage":8,"enemies":"Jaw Worm","floor":5,"turns":4},{"damage":0,"enemies":"2 Fungi Beasts","floor":7,"turns":2},{"damage":30,"enemies":"Gremlin Nob","floor":8,"turns":5},{"damage":2,"enemies":"The Guardian","floor":16,"turns":10},{"damage":10,"enemies":"2 Thieves","floor":18,"turns":5},{"damage":0,"enemies":"3 Byrds","floor":22,"turns":1},{"damage":21,"enemies":"Slavers","floor":24,"turns":8},{"damage":7,"enemies":"Snake Plant","floor":28,"turns":4},{"damage":10,"enemies":"Centurion and Healer","floor":30,"turns":7},{"damage":0,"enemies":"Automaton","floor":33,"turns":8},{"damage":7,"enemies":"3 Shapes","floor":35,"turns":8},{"damage":6,"enemies":"Orb Walker","floor":36,"turns":4},{"damage":9,"enemies":"Sphere and 2 Shapes","floor":38,"turns":7},{"damage":7,"enemies":"4 Shapes","floor":39,"turns":5},{"damage":7,"enemies":"Giant Head","floor":40,"turns":9},{"damage":3,"enemies":"Maw","floor":42,"turns":8},{"damage":7,"enemies":"Transient","floor":44,"turns":5},{"damage":9,"enemies":"Spire Growth","floor":45,"turns":6},{"damage":8,"enemies":"R_Hoarder","floor":47,"turns":8},{"damage":4,"enemies":"Donu and Deca","floor":50,"turns":10},{"damage":83,"enemies":"Shield and Spear","floor":54,"turns":9},{"damage":32,"enemies":"The Heart","floor":55,"turns":11}],"seed_played":"396573989267924777","potions_obtained":[{"floor":1,"key":"FearPotion"},{"floor":5,"key":"Explosive Potion"},{"floor":8,"key":"EssenceOfSteel"},{"floor":20,"key":"CultistPotion"},{"floor":20,"key":"SmokeBomb"},{"floor":30,"key":"Block Potion"},{"floor":39,"key":"Elixir"},{"floor":44,"key":"Languid Potion"}],"is_trial":false,"path_per_floor":["M","M","?","$","M","R","M","E","T","$","R","?","R","T","R","B",null,"M","?","?","$","M","R","E","R","T","R","M","$","M","?","R","B",null,"M","M","$","M","M","E","R","M","T","M","M","$","E","?","R_BF","B",null,"R","$","E","B",null],"character_chosen":"IRONCLAD","items_purchased":["Lizard Tail","TheAbacus","ReplayTheSpireMod:TigerMarble","Metallicize","hubris:StunningStrike","Ghostly Armor+1","Counterbalance","Anchor","Orrery","ReplayUltimateDefense","Vajra","Pear","Guide Book","Metallicize+1","Mayhem","Nunchaku","hubris:DuctTape","Defy Death","Blood Vial","Red Skull","ReplayTheSpireMod:ShopPack","Shockwave"],"campfire_rested":0,"item_purchase_floors":[4,4,4,4,4,10,10,10,10,10,21,21,21,29,29,29,29,37,37,46,46,53],"current_hp_per_floor":[127,121,121,121,119,119,125,106,106,106,106,106,106,106,106,110,129,129,129,129,139,145,145,130,130,130,130,129,129,125,109,109,115,138,137,137,137,136,137,142,142,145,145,144,142,142,142,124,145,145,145,145,145,68,52],"gold":1175,"neow_bonus":"RANDOM_COLORLESS","is_daily":false,"chose_seed":false,"campfire_upgraded":9,"win_rate":0.0,"timestamp":1608100615,"path_taken":["M","M","?","?","M","R","M","E","T","$","R","?","R","?","R","BOSS","M","?","?","$","M","R","E","R","T","R","?","$","?","?","R","BOSS","M","M","$","M","M","E","R","M","T","M","M","$","E","?","R_BF","BOSS","R","$","E","BOSS"],"items_purchased_type":["Relic","Relic","Relic","Card","Card","Card","Relic","Relic","Relic","Card","Relic","Relic","Relic","Card","Card","Relic","Relic","Card","Relic","Relic","Relic","Card"],"build_version":"2020-12-13","purchased_purges":7,"victory":true,"max_hp_per_floor":[130,130,130,130,130,130,130,135,135,135,135,135,135,135,135,135,135,135,135,135,145,145,145,145,145,145,145,145,145,145,145,145,145,145,145,145,145,145,145,145,145,145,145,145,145,145,145,145,145,145,145,145,145,145,145],"card_choices":[{"not_picked":["Impatience","Good Instincts"],"picked":"Replay:Sssssssssstrike","floor":0},{"not_picked":["Searing Blow","Feel No Pain"],"picked":"Disarm","floor":1},{"not_picked":["Second Wind","Pummel"],"picked":"Flame Barrier","floor":2},{"not_picked":["Headbutt","Run Through"],"picked":"Shrug It Off","floor":5},{"not_picked":["ReplayTheSpireMod:Corrosion Curse","Warcry","Clash"],"picked":"SKIP","floor":7},{"not_picked":["Havoc","Replay:Undeath\u0027s Touch"],"picked":"Juggernaut","floor":8},{"not_picked":["Clash","Headbutt"],"picked":"Shockwave","floor":10},{"not_picked":["Bludgeon","Exhume"],"picked":"Barricade","floor":16},{"not_picked":["Abandon","Sword Boomerang+1","Dropkick"],"picked":"SKIP","floor":18},{"not_picked":["ReplayTheSpireMod:LeadingStrike","Havoc+1"],"picked":"Intimidate","floor":24},{"not_picked":["Life Link+1","hubris:ReadiedAction+1","Warcry"],"picked":"SKIP","floor":28},{"not_picked":["Replay:Undeath\u0027s Touch","Perfected Strike","Fiend Fire"],"picked":"SKIP","floor":30},{"not_picked":["Immolate","Fiend Fire"],"picked":"Offering","floor":33},{"not_picked":["Headbutt","Replay:Undeath\u0027s Touch+1"],"picked":"Defy Death+1","floor":35},{"not_picked":["ReplayReversal+1","Life Link+1"],"picked":"Shrug It Off+1","floor":36},{"not_picked":["Carnage","Twin Strike","Perfected Strike"],"picked":"SKIP","floor":38},{"not_picked":["Havoc+1","Rupture","Replay:Undeath\u0027s Touch+1"],"picked":"SKIP","floor":39},{"not_picked":["Flame Barrier","Perfected Strike","Hemogenesis"],"picked":"SKIP","floor":40},{"not_picked":["Clothesline+1","Rage+1","Replay:Undeath\u0027s Touch+1"],"picked":"SKIP","floor":42},{"not_picked":["Sword Boomerang+1","Shrug It Off","Cleave+1"],"picked":"SKIP","floor":44},{"not_picked":["Combust+1","Clothesline","Shrug It Off+1"],"picked":"SKIP","floor":45},{"not_picked":["Magnetism","Secret Weapon"],"picked":"hubris:EnhanceAbility","floor":46},{"not_picked":["Havoc+1","Shrug It Off+1","Searing Blow+1"],"picked":"SKIP","floor":47},{"not_picked":["Pommel Strike+1","Bludgeon","Headbutt+1"],"picked":"SKIP","floor":54}],"player_experience":56783,"relics_obtained":[{"floor":8,"key":"Durian"},{"floor":14,"key":"hubris:Metronome"},{"floor":24,"key":"Replay:Baseball"},{"floor":26,"key":"War Paint"},{"floor":31,"key":"Enchiridion"},{"floor":40,"key":"Replay:Mystery Machine"},{"floor":43,"key":"Oddly Smooth Stone"},{"floor":47,"key":"Replay:Wax Seal"},{"floor":54,"key":"King of Hearts"}],"event_choices":[{"damage_healed":0,"gold_gain":0,"cards_transformed":["Strike_R"],"player_choice":"Transformed","damage_taken":0,"max_hp_gain":0,"max_hp_loss":0,"event_name":"Transmorgrifier","floor":3,"gold_loss":0,"cards_obtained":["Bloodletting"]},{"damage_healed":0,"gold_gain":0,"player_choice":"Grow","damage_taken":0,"max_hp_gain":0,"max_hp_loss":0,"event_name":"Living Wall","floor":12,"gold_loss":0,"cards_upgraded":["Bloodletting"]},{"damage_healed":0,"gold_gain":0,"player_choice":"Ignored","damage_taken":0,"max_hp_gain":0,"max_hp_loss":0,"event_name":"The Mausoleum","floor":19,"gold_loss":0},{"damage_healed":0,"gold_gain":0,"player_choice":"Bought 2 Potions","damage_taken":0,"max_hp_gain":0,"max_hp_loss":0,"event_name":"The Woman in Blue","floor":20,"gold_loss":0},{"damage_healed":0,"gold_gain":0,"player_choice":"Obtained Book","damage_taken":16,"max_hp_gain":0,"max_hp_loss":0,"event_name":"Cursed Tome","floor":31,"gold_loss":0},{"damage_healed":0,"gold_gain":0,"player_choice":"Embrace Madness","damage_taken":18,"max_hp_gain":0,"max_hp_loss":0,"event_name":"Winding Halls","floor":48,"gold_loss":0,"cards_obtained":["Madness","Madness"]}],"is_beta":false,"boss_relics":[{"not_picked":["Snecko Eye","Calling Bell"],"picked":"SlaversCollar"},{"not_picked":["Black Star","Honey Jar"],"picked":"Philosopher\u0027s Stone"}],"items_purged_floors":[4,10,21,29,37,46,53],"is_endless":false,"potions_floor_spawned":[1,5,8,22,30,39,44,45],"ascension_level":6}}