{"host":"mg3e76uznu9x14du","time":1608082027,"event":{"mods":["BaseMod","Colored Map","Downfall","Minty Spire (QoL Compilation)","Permanent Neow","Relic Stats","StSLib","Waifu the Spire","everything is the same but u backflip on backflip"],"gold_per_floor":[99,111,123,138,173,173,173,623,548,582,325,325,336,336,349,447,447,447,465,479,404,35,135,183,201,126,156,181,181,181,191,208,307,307,307,246,279,9,43,53,353,404,454,481,495,505,281,301,321,321,321,350,8,8,8],"floor_reached":56,"playtime":3726,"items_purged":["champ:ShieldWall"],"score":1571,"play_id":"75535a07-bbc5-469f-a6c9-0c562ba6935d","local_time":"20201215202707","is_ascension_mode":true,"campfire_choices":[{"data":"champ:Taunt","floor":1,"key":"SMITH"},{"data":"champ:AdrenalArmor","floor":6,"key":"SMITH"},{"data":"champ:FanOfKnives","floor":9,"key":"SMITH"},{"data":"champ:SwordThrow","floor":18,"key":"SMITH"},{"floor":21,"key":"RECALL"},{"data":"champ:VampiricStrike","floor":26,"key":"SMITH"},{"data":"champ:GladiatorStyle","floor":35,"key":"SMITH"},{"data":"champ:HeavySlash","floor":54,"key":"SMITH"}],"circlet_count":0,"master_deck":["champ:Strike+1","champ:Strike+1","champ:Defend+1","champ:Defend+1","champ:Defend+1","champ:Defend+1","champ:Execute+1","champ:Taunt+1","champ:AdrenalArmor+1","champ:FaceSlap","champ:FanOfKnives+1","champ:StanceDance","Slimebound:Icky","Slimebound:Icky","Slimebound:Icky","champ:StanceDance","champ:BladeFlurry+1","champ:FocusedBerserking","champ:Haymaker","champ:FaceSlap","champ:SwordThrow+1","champ:ViciousMockery+1","champ:VampiricStrike+1","champ:GladiatorStyle+1","champ:BladeFlurry","champ:CrookedStrike","J.A.X.","champ:Aggression","champ:CalledShot","champ:AdrenalArmor","champ:Encircle","champ:AdrenalArmor+1","Apotheosis","champ:Duel","champ:Encircle","champ:CrownThrow","champ:BringItOn","champ:BerserkerStyle","champ:FanOfKnives+1","champ:BladeFlurry+1","champ:BladeFlurry+1","champ:HeartStrike","champ:StanceDance+1","champ:ArenaPreparation+1","champ:BladeFlurry+1","champ:HeavySlash+1","champ:DeathBlow+1","champ:IgnorePain","champ:BladeFlurry","champ:Duel"],"relics":["champ:ChampionCrown","Incense Burner","Du-Vu Doll","downfall:HeartBlessingBlue","CaptainsWheel","Membership Card","expansioncontent:StudyCardRelic","downfall:HeartBlessingGreen","Oddly Smooth Stone","Potion Belt","Sling","MutagenicStrength","champ:FightingForDummies","downfall:HeartBlessingRed","Whetstone","champ:GladiatorsBookOfMartialProwess","champ:BerserkersGuideToSlaughter","sneckomod:SneckoTalon","InkBottle","champ:DefensiveTrainingManual","Bottled Lightning","Guardian:BottledAnomaly","Shuriken","Old Coin","Bird Faced Urn","FossilizedHelix","Peace Pipe","Thread and Needle","Toolbox","Sundial","StrikeDummy","Orichalcum"],"acts_visited":["Exordium","TheCity","TheBeyond","TheEnding"],"potions_floor_usage":[13,16,22,23,28,39,48,49,55,55,55,55],"damage_taken":[{"damage":13,"enemies":"Cultist","floor":2,"turns":7},{"damage":27,"enemies":"Jaw Worm","floor":3,"turns":5},{"damage":6,"enemies":"2 Louse","floor":4,"turns":3},{"damage":36,"enemies":"Lagavulin","floor":5,"turns":5},{"damage":25,"enemies":"3 Sentries","floor":10,"turns":6},{"damage":29,"enemies":"downfall:FleeingMerchant","floor":11,"turns":4},{"damage":15,"enemies":"Exordium Wildlife","floor":13,"turns":3},{"damage":5,"enemies":"Gremlin Gang","floor":15,"turns":1},{"damage":18,"enemies":"downfall:Ironclad","floor":16,"turns":6},{"damage":0,"enemies":"3 Byrds","floor":19,"turns":4},{"damage":15,"enemies":"Spheric Guardian","floor":20,"turns":3},{"damage":1,"enemies":"downfall:FleeingMerchant","floor":22,"turns":4},{"damage":5,"enemies":"downfall:Augmenter","floor":23,"turns":2},{"damage":12,"enemies":"Shelled Parasite and Fungi","floor":25,"turns":2},{"damage":14,"enemies":"Book of Stabbing","floor":27,"turns":3},{"damage":14,"enemies":"downfall:FleeingMerchant","floor":28,"turns":3},{"damage":23,"enemies":"Snecko","floor":31,"turns":4},{"damage":1,"enemies":"Snake Plant","floor":32,"turns":3},{"damage":48,"enemies":"downfall:Defect","floor":33,"turns":5},{"damage":48,"enemies":"Giant Head","floor":37,"turns":4},{"damage":14,"enemies":"Nemesis","floor":39,"turns":3},{"damage":3,"enemies":"3 Shapes","floor":40,"turns":2},{"damage":65,"enemies":"2 Orb Walkers","floor":42,"turns":3},{"damage":32,"enemies":"Mind Bloom Boss Battle","floor":43,"turns":3},{"damage":28,"enemies":"Reptomancer","floor":44,"turns":3},{"damage":0,"enemies":"Orb Walker","floor":45,"turns":2},{"damage":42,"enemies":"Writhing Mass","floor":46,"turns":3},{"damage":49,"enemies":"4 Shapes","floor":48,"turns":3},{"damage":31,"enemies":"Transient","floor":49,"turns":5},{"damage":18,"enemies":"downfall:Silent","floor":50,"turns":3},{"damage":38,"enemies":"downfall:CharBossMerchant","floor":52,"turns":4},{"damage":115,"enemies":"downfall:NeowBoss","floor":55,"turns":12}],"seed_played":"5249034033422046783","potions_obtained":[{"floor":2,"key":"Energy Potion"},{"floor":4,"key":"SkillPotion"},{"floor":5,"key":"FearPotion"},{"floor":13,"key":"GamblersBrew"},{"floor":20,"key":"SkillPotion"},{"floor":27,"key":"Energy Potion"},{"floor":31,"key":"FairyPotion"},{"floor":39,"key":"EssenceOfSteel"},{"floor":46,"key":"Energy Potion"},{"floor":49,"key":"Block Potion"},{"floor":52,"key":"DistilledChaos"}],"is_trial":false,"path_per_floor":["R","M","M","M","E","R","T","?","R","E","$","?","M","?","M","B",null,"R","M","M","R","$","?","T","M","R","E","$","?","?","M","M","B",null,"R","$","E","$","E","M","T","?","?","E","M","M","$","M","M","B",null,"E","$","R","B",null],"character_chosen":"THE_CHAMP","items_purchased":["Membership Card","champ:BladeFlurry","champ:FocusedBerserking","champ:GladiatorStyle","champ:BladeFlurry","Oddly Smooth Stone","champ:CrookedStrike","Potion Belt","Sling","Block Potion","BlessingOfTheForge","champ:GladiatorsBookOfMartialProwess","DistilledChaos","BlessingOfTheForge","Apotheosis","champ:BringItOn","champ:BerserkerStyle","champ:DefensiveTrainingManual","Bottled Lightning","Guardian:BottledAnomaly","Thread and Needle","Toolbox","StrikeDummy","Orichalcum","champ:IgnorePain","AttackPotion","champ:BladeFlurry","champ:Duel"],"campfire_rested":0,"item_purchase_floors":[11,11,11,22,22,22,22,22,22,22,22,28,28,28,28,36,36,38,38,38,47,47,53,53,53,53,53,53],"current_hp_per_floor":[81,71,60,58,47,47,47,47,57,49,45,45,45,45,45,40,91,91,91,83,83,84,91,91,89,89,91,84,84,84,63,64,59,91,91,91,91,91,91,88,88,91,91,91,91,90,90,91,91,78,91,91,91,91,79],"gold":8,"neow_bonus":"ONE_RARE_RELIC","is_daily":false,"chose_seed":false,"campfire_upgraded":7,"win_rate":0.0,"timestamp":1608082027,"path_taken":["R","M","?","M","E","R","T","?","R","E","$","?","?","?","M","BOSS","R","?","M","R","$","?","T","M","R","E","$","?","?","?","M","BOSS","R","?","E","$","E","M","T","?","?","E","M","M","$","M","M","BOSS","E","$","R","BOSS"],"items_purchased_type":["Relic","Card","Card","Card","Card","Relic","Card","Relic","Relic","Potion","Potion","Relic","Potion","Potion","Card","Card","Card","Relic","Relic","Relic","Relic","Relic","Relic","Relic","Card","Potion","Card","Card"],"build_version":"2020-12-13","purchased_purges":1,"victory":true,"max_hp_per_floor":[81,81,81,81,81,81,81,81,91,91,91,91,91,91,91,91,91,91,91,91,91,91,91,91,91,91,91,91,91,91,91,91,91,91,91,91,91,91,91,91,91,91,91,91,91,91,91,91,91,91,91,91,91,91,91],"relic_stats":{"Peace Pipe":0,"counters":[32,123],"Shuriken":[23],"Sundial":[0],"Bird Faced Urn":[18],"Whetstone":["champ:Strike","champ:Execute"],"Orichalcum":[42],"obtain_stats":[{"champ:ChampionCrown":0,"downfall:HeartBlessingGreen":21,"Incense Burner":0,"expansioncontent:StudyCardRelic":17,"Whetstone":27,"Sling":22,"Old Coin":41,"downfall:HeartBlessingBlue":9,"champ:DefensiveTrainingManual":38,"Sundial":52,"Toolbox":47,"champ:BerserkersGuideToSlaughter":30,"champ:FightingForDummies":24,"Guardian:BottledAnomaly":38,"InkBottle":37,"Potion Belt":22,"downfall:HeartBlessingRed":26,"Oddly Smooth Stone":22,"Thread and Needle":47,"Orichalcum":53,"sneckomod:SneckoTalon":34,"champ:GladiatorsBookOfMartialProwess":28,"Du-Vu Doll":5,"Peace Pipe":44,"CaptainsWheel":10,"Shuriken":39,"MutagenicStrength":23,"Bird Faced Urn":42,"Membership Card":11,"Bottled Lightning":38,"StrikeDummy":53,"FossilizedHelix":43},{"champ:ChampionCrown":0,"downfall:HeartBlessingGreen":11,"Incense Burner":0,"expansioncontent:StudyCardRelic":9,"Whetstone":15,"Sling":12,"Old Coin":22,"downfall:HeartBlessingBlue":4,"champ:DefensiveTrainingManual":20,"Sundial":31,"Toolbox":27,"champ:BerserkersGuideToSlaughter":16,"champ:FightingForDummies":13,"Guardian:BottledAnomaly":20,"InkBottle":20,"Potion Belt":12,"downfall:HeartBlessingRed":14,"Oddly Smooth Stone":12,"Thread and Needle":27,"Orichalcum":31,"sneckomod:SneckoTalon":19,"champ:GladiatorsBookOfMartialProwess":16,"Du-Vu Doll":4,"Peace Pipe":25,"CaptainsWheel":5,"Shuriken":21,"MutagenicStrength":13,"Bird Faced Urn":23,"Membership Card":6,"Bottled Lightning":20,"StrikeDummy":31,"FossilizedHelix":24},{"champ:ChampionCrown":0,"downfall:HeartBlessingGreen":47,"Incense Burner":0,"expansioncontent:StudyCardRelic":40,"Whetstone":58,"Sling":51,"Old Coin":82,"downfall:HeartBlessingBlue":20,"champ:DefensiveTrainingManual":77,"Sundial":111,"Toolbox":96,"champ:BerserkersGuideToSlaughter":61,"champ:FightingForDummies":53,"Guardian:BottledAnomaly":77,"InkBottle":77,"Potion Belt":51,"downfall:HeartBlessingRed":55,"Oddly Smooth Stone":51,"Thread and Needle":96,"Orichalcum":111,"sneckomod:SneckoTalon":73,"champ:GladiatorsBookOfMartialProwess":61,"Du-Vu Doll":20,"Peace Pipe":91,"CaptainsWheel":26,"Shuriken":80,"MutagenicStrength":53,"Bird Faced Urn":85,"Membership Card":30,"Bottled Lightning":77,"StrikeDummy":111,"FossilizedHelix":88}],"InkBottle":[27]},"card_choices":[{"not_picked":["champ:Control","champ:IronFortress"],"picked":"champ:AdrenalArmor","floor":2},{"not_picked":["champ:FlashCut","champ:CalledShot"],"picked":"champ:FaceSlap","floor":3},{"not_picked":["champ:CrookedStrike","champ:FlashCut"],"picked":"champ:FanOfKnives","floor":4},{"not_picked":["champ:Control","champ:PerfectedStrike"],"picked":"champ:StanceDance","floor":5},{"not_picked":["champ:HeartStrike","champ:RecklessLeap"],"picked":"champ:ShieldWall","floor":10},{"not_picked":["champ:BringItOn","champ:Balance"],"picked":"champ:StanceDance","floor":11},{"not_picked":["champ:MurderStrike","champ:BladeFlurry"],"picked":"champ:Haymaker","floor":13},{"not_picked":["champ:StanceDance","champ:TornadoPunch"],"picked":"champ:FaceSlap","floor":15},{"not_picked":["champ:ShieldThrow","champ:CheapShot"],"picked":"champ:SwordThrow","floor":16},{"not_picked":["champ:DefensiveShout","champ:FocusedDefense","champ:Riposte"],"picked":"SKIP","floor":19},{"not_picked":["champ:FaceSlap","champ:FlashCut+1"],"picked":"champ:ViciousMockery+1","floor":20},{"not_picked":["champ:FalseCounter+1","champ:Haymaker"],"picked":"champ:VampiricStrike","floor":22},{"not_picked":[],"picked":"J.A.X.","floor":23},{"not_picked":["champ:PerfectedStrike","champ:GladiatorsShout"],"picked":"champ:DefensiveShout+1","floor":23},{"not_picked":["champ:ViciousMockery","champ:Encircle"],"picked":"champ:AdrenalArmor","floor":25},{"not_picked":["champ:Circumvent","champ:TornadoPunch"],"picked":"champ:Encircle","floor":27},{"not_picked":["champ:VampiricStrike","champ:PerfectedStrike"],"picked":"champ:AdrenalArmor+1","floor":28},{"not_picked":["champ:BerserkersShout","champ:Haymaker"],"picked":"champ:Duel","floor":31},{"not_picked":["champ:StanceDance","champ:GladiatorStyle"],"picked":"champ:Encircle","floor":32},{"not_picked":["champ:ShieldThrow","champ:SteelEdge"],"picked":"champ:CrownThrow","floor":33},{"not_picked":["champ:TornadoPunch","champ:DefensiveShout+1"],"picked":"champ:FanOfKnives+1","floor":37},{"not_picked":["champ:FocusedDefense+1","champ:GutPunch","champ:HoldFirm"],"picked":"SKIP","floor":39},{"not_picked":["champ:FightOn","champ:Backstep+1"],"picked":"champ:BladeFlurry+1","floor":40},{"not_picked":["champ:Encircle+1","champ:CrookedStrike+1"],"picked":"champ:BladeFlurry+1","floor":43},{"not_picked":["champ:EnragedBash","champ:TornadoPunch+1"],"picked":"champ:HeartStrike","floor":44},{"not_picked":["champ:BerserkerStyle","champ:LastStand"],"picked":"champ:StanceDance+1","floor":45},{"not_picked":["champ:BladeFlurry+1","champ:Circumvent"],"picked":"champ:ArenaPreparation+1","floor":46},{"not_picked":["champ:ArenaPreparation+1","champ:IronFortress+1"],"picked":"champ:BladeFlurry+1","floor":48},{"not_picked":["champ:FocusedBerserking","champ:BringItOn+1"],"picked":"champ:HeavySlash","floor":49},{"not_picked":["champ:BladeFlurry+1","champ:DefensiveShout+1"],"picked":"champ:DeathBlow+1","floor":52}],"player_experience":395105,"relics_obtained":[{"floor":5,"key":"Du-Vu Doll"},{"floor":10,"key":"CaptainsWheel"},{"floor":23,"key":"MutagenicStrength"},{"floor":24,"key":"champ:FightingForDummies"},{"floor":27,"key":"Whetstone"},{"floor":37,"key":"InkBottle"},{"floor":39,"key":"Shuriken"},{"floor":41,"key":"Old Coin"},{"floor":42,"key":"Bird Faced Urn"},{"floor":43,"key":"FossilizedHelix"},{"floor":44,"key":"Peace Pipe"},{"floor":52,"key":"Sundial"}],"event_choices":[{"damage_healed":0,"gold_gain":0,"player_choice":"Forge","damage_taken":0,"max_hp_gain":0,"max_hp_loss":0,"event_name":"Accursed Blacksmith","floor":14,"gold_loss":0,"cards_upgraded":["champ:BladeFlurry"]},{"damage_healed":0,"gold_gain":0,"player_choice":"Simplicity","damage_taken":0,"max_hp_gain":0,"max_hp_loss":0,"event_name":"Back to Basics","floor":29,"gold_loss":0,"cards_upgraded":["champ:Strike","champ:Defend","champ:Defend","champ:Defend","champ:Defend"]},{"damage_healed":0,"gold_gain":0,"player_choice":"Fight","damage_taken":0,"max_hp_gain":0,"max_hp_loss":0,"event_name":"Mysterious Sphere","floor":42,"gold_loss":0}],"is_beta":false,"boss_relics":[{"not_picked":["Astrolabe","Calling Bell"],"picked":"expansioncontent:StudyCardRelic"},{"not_picked":["Runic Dome","Runic Pyramid"],"picked":"sneckomod:SneckoTalon"}],"items_purged_floors":[11],"is_endless":false,"potions_floor_spawned":[2,4,5,13,20,27,31,32,39,43,44,45,46,49,52],"ascension_level":1}}