{"host":"j9rq22nraqsrbvz2","time":1608140056,"event":{"mods":["AchievementEnabler","Act Like it!","BaseMod","Bestiary","Better Note","Better Third Choice","BetterRewards","Colored Map","Colored Powertips","Conspire","Downfall","Friendly Minions","GifTheSpireLib","Googly Eyes","Gremlin Mod","Grow up Mod","Halation","Hallownest","Hermit","Hubris","Hunter ??","Kiyohime????","Lobotomy","LobotomyExtend","Minty Spire (QoL Compilation)","Relic Stats","Replay The Spire","Shop Mod","Spicy Shops","StSLib","Stuff the Spire","The Administrix","The Bug Knight","The Factory","The IronCluck","The Jungle","TheBandit"],"gold_per_floor":[115,115,134,145,320,349,359,359,382,382,382,382,396,410,410,515,515,534,587,587,611,761,761,88,168,193,205,244,271,283,310,322,436,448,475,112,112,112,131,131,164,164,164,164,191,191,214,225,225,225],"floor_reached":51,"playtime":3897,"items_purged":["Doubt","Parasite"],"score":993,"play_id":"1ffc289b-4c8b-4c96-bb3e-ebb411343b95","local_time":"20201216123416","is_ascension_mode":false,"campfire_choices":[{"floor":8,"key":"REST"},{"floor":10,"key":"REST"},{"floor":30,"key":"REST"},{"floor":40,"key":"REST"},{"floor":44,"key":"REST"},{"floor":49,"key":"REST"}],"circlet_count":0,"master_deck":["Gremlin:Strike+1","Gremlin:Strike+1","Gremlin:Strike+1","Gremlin:Strike+1","Gremlin:Defend+1","Gremlin:Defend+1","Gremlin:Defend+1","Gremlin:TagTeam+1","Gremlin:GremlinDance+1","Gremlin:PinNeedle+1","Gremlin:Dazzle","Gremlin:ArmsTheft","Gremlin:Whiz","Gremlin:SharpenBlades","Gremlin:BulkUp","Gremlin:CounterStrike+1","StuffTheSpire:Brawn","Gremlin:Unforgiving","Gremlin:Kablamo+1","ReplayTheSpireMod:Necrogeddon","ReplayUltimateDefense","expansioncontent:BronzeBeam","Gremlin:Raid","Gremlin:Enthusiasm","Gremlin:MakeshiftArmor","Gremlin:Duplicate","Gremlin:Enthusiasm+1","Gremlin:Pickpocket+1","Gremlin:RageBreak","expansioncontent:QuickStudy","Metamorphosis","expansioncontent:Sear","conspire:NecroticWound","Gremlin:Flurry+1","sneckomod:Bewildered","Gremlin:CatScratch+1"],"relics":["Gremlin:GremlinKnob","Gremlin:StolenMerchandise","Lee\u0027s Waffle","Tiny Chest","MerchantsRug","theJungle:ParSnip","LetterFromLob","ReplayTheSpireMod:Lightbulb","hubris:MysteriousPyramids","halation:SmartPhone","StuffTheSpire:HeavyRock","StuffTheSpire:Experiment12","ReplayTheSpireMod:CursedCoin","Replay:Multitool","Onion Ring","Replay:Baseball","hubris:FruitBowl","hubris:EvacipatedBox","hubris:BottledRain","Chameleon Ring","PreservedInsect","hubris:ToyBattleship","ReplayTheSpireMod:TigerMarble","StoneCalendar","Juzu Bracelet","StuffTheSpire:Expresso","Sling","Replay:Ringing Soul","ReplayTheSpireMod:ShopPack","Replay:Accelerometer","MawBank","CaptainsWheel","Cursed Key","halation:Convergence","Anchor","Chemical X","HornCleat","Spirit Poop","StuffTheSpire:MayFlowers","StuffTheSpire:ForceGauntlet","hubris:SlimyHat","Omamori","StuffTheSpire:OldFever"],"acts_visited":["Exordium","TheCity","TheBeyond"],"potions_floor_usage":[16,16,16,33,33,41,45,45,50],"damage_taken":[{"damage":0,"enemies":"2 Louse","floor":1,"turns":2},{"damage":0,"enemies":"Cultist","floor":3,"turns":2},{"damage":7,"enemies":"Small Slimes","floor":4,"turns":2},{"damage":0,"enemies":"3 Sentries","floor":6,"turns":7},{"damage":4,"enemies":"Red Slaver","floor":7,"turns":4},{"damage":10,"enemies":"Blue Slaver","floor":13,"turns":3},{"damage":0,"enemies":"Exordium Thugs","floor":14,"turns":2},{"damage":11,"enemies":"Hexaghost","floor":16,"turns":8},{"damage":6,"enemies":"3 Byrds","floor":18,"turns":6},{"damage":0,"enemies":"conspire:SneckoGhost","floor":28,"turns":3},{"damage":0,"enemies":"Chosen","floor":29,"turns":3},{"damage":2,"enemies":"Snake Plant","floor":31,"turns":2},{"damage":0,"enemies":"Collector","floor":33,"turns":4},{"damage":6,"enemies":"3 Darklings","floor":35,"turns":3},{"damage":0,"enemies":"3 Shapes","floor":39,"turns":1},{"damage":0,"enemies":"Giant Head","floor":41,"turns":6},{"damage":0,"enemies":"R_Hoarder","floor":45,"turns":4},{"damage":0,"enemies":"Writhing Mass","floor":48,"turns":4},{"damage":6,"enemies":"Donu and Deca","floor":50,"turns":5}],"seed_played":"8609427134611992062","potions_obtained":[{"floor":1,"key":"SneckoOil"},{"floor":6,"key":"FearPotion"},{"floor":14,"key":"SkillPotion"},{"floor":16,"key":"SkillPotion"},{"floor":32,"key":"DistilledChaos"},{"floor":32,"key":"PowerPotion"},{"floor":33,"key":"ColorlessPotion"},{"floor":35,"key":"BlessingOfTheForge"},{"floor":41,"key":"Weak Potion"},{"floor":45,"key":"FairyPotion"},{"floor":48,"key":"AttackPotion"}],"is_trial":false,"path_per_floor":["M","?","M","M","?","E","M","R","T","R","M","T","M","M","R_BF","B",null,"M","T","?","T","$","R","$","T","T","?","E","M","R","M","R","B",null,"M","$","T","?","M","R","E","?","T","R","E","T","T","M","R","B",null],"character_chosen":"GREMLIN","items_purchased":["Gremlin:StolenMerchandise","Lee\u0027s Waffle","Tiny Chest","MerchantsRug","ReplayTheSpireMod:CursedCoin","Replay:Multitool","Onion Ring","Replay:Baseball","hubris:FruitBowl","hubris:EvacipatedBox","hubris:BottledRain","Chameleon Ring","PreservedInsect","hubris:ToyBattleship","ReplayTheSpireMod:TigerMarble","StoneCalendar","Juzu Bracelet","StuffTheSpire:Expresso","Sling","Replay:Ringing Soul","ReplayTheSpireMod:ShopPack","halation:Convergence","Anchor","Chemical X"],"campfire_rested":6,"item_purchase_floors":[0,0,0,0,22,22,22,22,22,22,22,22,22,22,22,22,22,24,24,24,24,36,36,36],"current_hp_per_floor":[32,42,42,52,62,32,68,108,118,132,142,152,108,91,101,108,202,182,192,202,212,42,127,60,70,80,102,236,234,334,323,333,190,376,360,370,342,352,353,439,396,270,235,386,349,311,321,319,486,529],"gold":225,"neow_bonus":"","is_daily":false,"chose_seed":false,"campfire_upgraded":0,"win_rate":0.0,"timestamp":1608140056,"path_taken":["M","?","M","?","?","E","M","R","T","R","M","?","M","?","R_BF","BOSS","M","?","?","?","?","R","$","?","T","?","E","M","R","M","R","BOSS","M","$","?","?","M","R","E","?","T","R","E","?","?","M","R","BOSS"],"items_purchased_type":["Relic","Relic","Relic","Relic","Relic","Relic","Relic","Relic","Relic","Relic","Relic","Relic","Relic","Relic","Relic","Relic","Relic","Relic","Relic","Relic","Relic","Relic","Relic","Relic"],"build_version":"2020-12-13","purchased_purges":2,"victory":true,"max_hp_per_floor":[42,52,62,72,82,92,102,112,122,132,142,152,162,172,182,192,202,212,222,232,242,252,262,272,282,292,302,313,324,334,345,355,366,376,387,397,408,418,429,439,450,461,472,482,493,504,514,525,535,545],"relic_stats":{"Lee\u0027s Waffle":2,"counters":[19,71],"Tiny Chest":4,"StoneCalendar":[0],"PreservedInsect":235,"Juzu Bracelet":1,"Chemical X":[1],"MawBank":120,"Cursed Key":4,"obtain_stats":[{"Replay:Accelerometer":25,"Gremlin:StolenMerchandise":0,"Spirit Poop":38,"StoneCalendar":22,"Replay:Multitool":22,"Juzu Bracelet":22,"hubris:SlimyHat":45,"hubris:MysteriousPyramids":12,"Ancient Tea Set":6,"Sling":24,"Cursed Key":34,"hubris:EvacipatedBox":22,"StuffTheSpire:Experiment12":21,"Replay:Ringing Soul":24,"Chameleon Ring":22,"HornCleat":37,"StuffTheSpire:HeavyRock":19,"Tiny Chest":0,"Chemical X":36,"MerchantsRug":0,"halation:SmartPhone":17,"Lee\u0027s Waffle":0,"ReplayTheSpireMod:CursedCoin":22,"StuffTheSpire:ForceGauntlet":43,"StuffTheSpire:Expresso":24,"hubris:FruitBowl":22,"PreservedInsect":22,"Omamori":46,"MawBank":26,"Replay:Baseball":22,"CaptainsWheel":28,"Anchor":36,"StuffTheSpire:MayFlowers":41,"Gremlin:GremlinKnob":0,"Onion Ring":22,"LetterFromLob":1,"hubris:ToyBattleship":22,"ReplayTheSpireMod:TigerMarble":22,"halation:Convergence":36,"ReplayTheSpireMod:Lightbulb":9,"theJungle:ParSnip":0,"StuffTheSpire:OldFever":47,"hubris:BottledRain":22,"ReplayTheSpireMod:ShopPack":24},{"Replay:Accelerometer":9,"Gremlin:StolenMerchandise":0,"Spirit Poop":14,"StoneCalendar":9,"Replay:Multitool":9,"Juzu Bracelet":9,"hubris:SlimyHat":17,"hubris:MysteriousPyramids":5,"Ancient Tea Set":4,"Sling":9,"Cursed Key":13,"hubris:EvacipatedBox":9,"StuffTheSpire:Experiment12":9,"Replay:Ringing Soul":9,"Chameleon Ring":9,"HornCleat":14,"StuffTheSpire:HeavyRock":9,"Tiny Chest":0,"Chemical X":14,"MerchantsRug":0,"halation:SmartPhone":8,"Lee\u0027s Waffle":0,"ReplayTheSpireMod:CursedCoin":9,"StuffTheSpire:ForceGauntlet":16,"StuffTheSpire:Expresso":9,"hubris:FruitBowl":9,"PreservedInsect":9,"Omamori":17,"MawBank":9,"Replay:Baseball":9,"CaptainsWheel":10,"Anchor":14,"StuffTheSpire:MayFlowers":16,"Gremlin:GremlinKnob":0,"Onion Ring":9,"LetterFromLob":1,"hubris:ToyBattleship":9,"ReplayTheSpireMod:TigerMarble":9,"halation:Convergence":14,"ReplayTheSpireMod:Lightbulb":5,"theJungle:ParSnip":0,"StuffTheSpire:OldFever":17,"hubris:BottledRain":9,"ReplayTheSpireMod:ShopPack":9},{"Replay:Accelerometer":36,"Gremlin:StolenMerchandise":0,"Spirit Poop":51,"StoneCalendar":36,"Replay:Multitool":36,"Juzu Bracelet":36,"hubris:SlimyHat":62,"hubris:MysteriousPyramids":17,"Ancient Tea Set":13,"Sling":36,"Cursed Key":48,"hubris:EvacipatedBox":36,"StuffTheSpire:Experiment12":36,"Replay:Ringing Soul":36,"Chameleon Ring":36,"HornCleat":51,"StuffTheSpire:HeavyRock":36,"Tiny Chest":0,"Chemical X":51,"MerchantsRug":0,"halation:SmartPhone":30,"Lee\u0027s Waffle":0,"ReplayTheSpireMod:CursedCoin":36,"StuffTheSpire:ForceGauntlet":58,"StuffTheSpire:Expresso":36,"hubris:FruitBowl":36,"PreservedInsect":36,"Omamori":62,"MawBank":36,"Replay:Baseball":36,"CaptainsWheel":39,"Anchor":51,"StuffTheSpire:MayFlowers":58,"Gremlin:GremlinKnob":0,"Onion Ring":36,"LetterFromLob":2,"hubris:ToyBattleship":36,"ReplayTheSpireMod:TigerMarble":36,"halation:Convergence":51,"ReplayTheSpireMod:Lightbulb":17,"theJungle:ParSnip":0,"StuffTheSpire:OldFever":62,"hubris:BottledRain":36,"ReplayTheSpireMod:ShopPack":36}]},"card_choices":[{"not_picked":["Gremlin:Irritability","Gremlin:Flurry"],"picked":"Gremlin:PinNeedle","floor":1},{"not_picked":["Gremlin:BulkUp","Gremlin:GremlinMeal"],"picked":"Gremlin:Dazzle","floor":3},{"not_picked":["Gremlin:BulkUp","Gremlin:Jeer"],"picked":"Gremlin:ArmsTheft","floor":4},{"not_picked":["Gremlin:GremlinMeal","Gremlin:Irritability"],"picked":"Gremlin:Whiz","floor":6},{"not_picked":["Gremlin:ProperTools","Gremlin:IrksomeBlow"],"picked":"Gremlin:SharpenBlades","floor":7},{"not_picked":["Gremlin:GremlinMeal","Gremlin:Jeer"],"picked":"Gremlin:BulkUp","floor":13},{"not_picked":["Gremlin:Changeo","Gremlin:GremlinArms"],"picked":"Gremlin:CounterStrike","floor":14},{"not_picked":["StuffTheSpire:CelestialWarden","StuffTheSpire:Harmony"],"picked":"StuffTheSpire:Brawn","floor":15},{"not_picked":["Gremlin:TargetWeakness","Gremlin:ShadowShiv"],"picked":"Gremlin:Unforgiving","floor":16},{"not_picked":["Gremlin:ShankStone","Gremlin:FollowThrough+1"],"picked":"Gremlin:Kablamo+1","floor":18},{"not_picked":["ReplayTheSpireMod:Brewmster","Midas Touch"],"picked":"ReplayTheSpireMod:Necrogeddon","floor":24},{"not_picked":["expansioncontent:Hexaburn","Master of Strategy"],"picked":"ReplayUltimateDefense","floor":24},{"not_picked":["expansioncontent:Chronoboost","expansioncontent:DarkVoid"],"picked":"expansioncontent:BronzeBeam","floor":24},{"not_picked":["Gremlin:ShadowShiv","Gremlin:PartyStick"],"picked":"Gremlin:Raid","floor":28},{"not_picked":["Gremlin:BulkUp","Gremlin:Changeo"],"picked":"Gremlin:Enthusiasm","floor":29},{"not_picked":["Gremlin:CatScratch","Gremlin:DaggerDance+1"],"picked":"Gremlin:MakeshiftArmor","floor":31},{"not_picked":["Gremlin:SecondVolley","Gremlin:CongaLine"],"picked":"Gremlin:Duplicate","floor":33},{"not_picked":["Gremlin:ToeStub+1","Gremlin:Flurry"],"picked":"Gremlin:Enthusiasm+1","floor":35},{"not_picked":["Gremlin:Changeo+1","Gremlin:GlitterGuard"],"picked":"Gremlin:Pickpocket+1","floor":39},{"not_picked":["Gremlin:PourSalt+1","Gremlin:Irritability+1"],"picked":"Gremlin:RageBreak","floor":41},{"not_picked":["Secret Technique","ReplayUltimateDefense"],"picked":"expansioncontent:QuickStudy","floor":42},{"not_picked":["expansioncontent:DashGenerateEvil","expansioncontent:Flail"],"picked":"Metamorphosis","floor":42},{"not_picked":["expansioncontent:FaceSlap","expansioncontent:Hexaburn"],"picked":"expansioncontent:Sear","floor":42},{"not_picked":["Gremlin:Tricksy+1","Gremlin:GremlinArms+1"],"picked":"Gremlin:Flurry+1","floor":45},{"not_picked":["Gremlin:Jeer+1","Gremlin:TwistTheKnife+1"],"picked":"Gremlin:CatScratch+1","floor":48}],"player_experience":106630,"relics_obtained":[{"floor":1,"key":"LetterFromLob"},{"floor":6,"key":"Ancient Tea Set"},{"floor":9,"key":"ReplayTheSpireMod:Lightbulb"},{"floor":12,"key":"hubris:MysteriousPyramids"},{"floor":19,"key":"StuffTheSpire:HeavyRock"},{"floor":21,"key":"StuffTheSpire:Experiment12"},{"floor":25,"key":"Replay:Accelerometer"},{"floor":26,"key":"MawBank"},{"floor":28,"key":"CaptainsWheel"},{"floor":37,"key":"HornCleat"},{"floor":41,"key":"StuffTheSpire:MayFlowers"},{"floor":43,"key":"StuffTheSpire:ForceGauntlet"},{"floor":45,"key":"hubris:SlimyHat"},{"floor":46,"key":"Omamori"},{"floor":47,"key":"StuffTheSpire:OldFever"}],"event_choices":[{"damage_healed":0,"gold_gain":0,"player_choice":"Upgraded","damage_taken":0,"max_hp_gain":0,"max_hp_loss":0,"event_name":"Upgrade Shrine","floor":2,"gold_loss":0,"cards_upgraded":["Gremlin:PinNeedle"]},{"damage_healed":0,"gold_gain":175,"player_choice":"AGREE","damage_taken":145,"max_hp_gain":0,"max_hp_loss":0,"event_name":"betterThird:BetterSerpent","floor":5,"gold_loss":0},{"cards_removed":["Gremlin:ArmsTheft"],"damage_healed":0,"gold_gain":0,"player_choice":"Give","damage_taken":0,"max_hp_gain":0,"max_hp_loss":0,"event_name":"betterNote:BetterNote","floor":20,"gold_loss":0,"cards_obtained":["Shame"]},{"cards_removed":["hubris:Gluttony"],"damage_healed":0,"gold_gain":0,"player_choice":"Offered Curse","damage_taken":0,"relics_obtained":["Spirit Poop"],"max_hp_gain":0,"max_hp_loss":0,"event_name":"Bonfire Elementals","floor":38,"gold_loss":0},{"damage_healed":0,"gold_gain":0,"player_choice":"Memory 3","damage_taken":10,"max_hp_gain":0,"max_hp_loss":0,"event_name":"SensoryStone","floor":42,"gold_loss":0}],"is_beta":false,"boss_relics":[{"not_picked":["Astrolabe","hubris:ScarierMask"],"picked":"halation:SmartPhone"},{"not_picked":["StuffTheSpire:RunicHypercube","Velvet Choker","hubris:RunicObelisk"],"picked":"Cursed Key"}],"items_purged_floors":[22,24],"is_endless":false,"potions_floor_spawned":[1,6,14,16,33,35,41,45,48],"ascension_level":0}}