{"host":"dojadh45vvs5q3bn","time":1608123774,"event":{"mods":["Abigail Mod","Act Like it!","BaseMod","Colored Powertips","Friendly Minions","Gensokyo","GungeonMod","Minty Spire (QoL Compilation)","Prisma Mod","StSLib","The Alterego","The Animator","The Senshi"],"gold_per_floor":[114,114,132,62,62,96,96,109,109,142,142,157,157,185,185,285,285,303,321,321,333,350,350,382,382,407,407,407],"floor_reached":27,"playtime":1515,"items_purged":[],"score":264,"play_id":"d8a1915f-f380-4517-a43d-466fbb54982a","local_time":"20201216140254","is_ascension_mode":true,"campfire_choices":[{"data":"PrismaMod:ChloeMordred","floor":7.0,"key":"SMITH"},{"data":"PrismaMod:ChloeMordred","floor":13.0,"key":"SMITH"},{"data":"PrismaMod:ChloeCaladbolg","floor":15.0,"key":"SMITH"},{"floor":23,"key":"REST"},{"floor":25,"key":"REST"}],"circlet_count":0,"master_deck":["PrismaMod:ChloeCommonAttack","PrismaMod:ChloeCommonAttack","PrismaMod:ChloeCommonAttack","PrismaMod:ChloeCommonAttack","PrismaMod:ChloeCommonDefend","PrismaMod:ChloeCommonDefend","PrismaMod:ChloeCommonDefend+1","PrismaMod:ChloeCommonDefend","PrismaMod:ChloeCommonDefend","PrismaMod:ChloeCheapAttack","PrismaMod:ChloeCheapDefend","PrismaMod:ChloeRuleBreaker","PrismaMod:ChloeDiscardRecovery","PrismaMod:ChloeDemonicTutor","PrismaMod:ChloeCarnivalAOEAttack","PrismaMod:ChloeMordred+1","PrismaMod:ChloeCheapAttack","PrismaMod:ChloeCheapDefendTwo+1","PrismaMod:ChloeMordred+1","PrismaMod:ChloeCaladbolg+1","PrismaMod:ChloeCarnivalDefend","PrismaMod:ChloeCommonAOEAttack","PrismaMod:ChloeCheapAttack","PrismaMod:ChloeCheapDefend","PrismaMod:ChloeBetterTracePools","PrismaMod:ChloeDevil"],"relics":["PrismaMod:PrismaTraceOnUpgrade","Tiny Chest","Unceasing Top","Ice Cream","DemoMod:Bottle","Turnip","War Paint"],"acts_visited":["Exordium","TheCity"],"potions_floor_usage":[21,22,22,24,24],"damage_taken":[{"damage":0.0,"enemies":"Cultist","floor":1.0,"turns":5.0},{"damage":2.0,"enemies":"Small Slimes","floor":3.0,"turns":4.0},{"damage":14.0,"enemies":"Gremlin Nob","floor":6.0,"turns":7.0},{"damage":0.0,"enemies":"2 Louse","floor":8.0,"turns":2.0},{"damage":15.0,"enemies":"3 Sentries","floor":10.0,"turns":4.0},{"damage":0.0,"enemies":"Looter","floor":12.0,"turns":2.0},{"damage":6.0,"enemies":"Gremlin Nob","floor":14.0,"turns":3.0},{"damage":13.0,"enemies":"The Guardian","floor":16.0,"turns":8.0},{"damage":15,"enemies":"Shell Parasite","floor":18,"turns":6},{"damage":0,"enemies":"3 Byrds","floor":19,"turns":3},{"damage":2,"enemies":"Shelled Parasite and Fungi","floor":21,"turns":5},{"damage":47,"enemies":"Cultist and Chosen","floor":22,"turns":9},{"damage":31,"enemies":"Book of Stabbing","floor":24,"turns":5},{"damage":26,"enemies":"Slavers","floor":27,"turns":1}],"seed_played":"-8307887278625807514","potions_obtained":[{"floor":3.0,"key":"BlessingOfTheForge"},{"floor":8.0,"key":"DemoMod:LeadSkinPotion"},{"floor":12.0,"key":"BlessingOfTheForge"},{"floor":14.0,"key":"DemoMod:LeadSkinPotion"},{"floor":18,"key":"DuplicationPotion"},{"floor":21,"key":"Swift Potion"}],"is_trial":false,"path_per_floor":["M","?","M","$","?","E","R","M","T","E","?","M","R","E","R","B",null,"M","M","?","M","M","R","E","R","T","E"],"character_chosen":"CHLOE","items_purchased":["PrismaMod:ChloeCarnivalAOEAttack"],"campfire_rested":2,"item_purchase_floors":[4],"current_hp_per_floor":[75,75,73,73,73,59,59,59,59,44,37,37,37,31,31,18,75,60,60,60,58,11,33,2,24,24,0,0],"gold":407,"neow_bonus":"THREE_CARDS","is_daily":false,"chose_seed":false,"campfire_upgraded":3,"win_rate":0.0,"timestamp":1608123774,"path_taken":["M","?","M","$","?","E","R","M","T","E","?","M","R","E","R","BOSS","M","M","?","M","M","R","E","R","T","E"],"items_purchased_type":["Card"],"build_version":"2020-12-13","purchased_purges":0,"victory":false,"max_hp_per_floor":[75,75,75,75,75,75,75,75,75,75,75,75,75,75,75,75,75,75,75,75,75,75,75,75,75,75,75,75],"card_choices":[{"not_picked":["PrismaMod:ChloeCheapAttackTwo","PrismaMod:ChloeCheapAttack"],"picked":"PrismaMod:ChloeRuleBreaker","floor":0.0},{"not_picked":["PrismaMod:ChloeCheapAttack","PrismaMod:ChloeCheapAttackTwo"],"picked":"PrismaMod:ChloeDiscardRecovery","floor":1.0},{"not_picked":["PrismaMod:ChloeEyeOfTheEuryale","PrismaMod:ChloeDiscardRecovery"],"picked":"PrismaMod:ChloeDemonicTutor","floor":3.0},{"not_picked":["PrismaMod:ChloeUncommonAOEAttack","PrismaMod:ChloeDiscardRecovery"],"picked":"PrismaMod:ChloeMordred","floor":6.0},{"not_picked":["PrismaMod:ChloeDiscardRecovery","PrismaMod:ChloeCheapAttackTwo"],"picked":"PrismaMod:ChloeCheapAttack","floor":8.0},{"not_picked":["PrismaMod:ChloeCheapAttack","PrismaMod:ChloeUncommonAttack"],"picked":"PrismaMod:ChloeCheapDefendTwo","floor":10.0},{"not_picked":["PrismaMod:ChloeCommonAOEAttack","PrismaMod:ChloeRuleBreaker"],"picked":"PrismaMod:ChloeMordred","floor":12.0},{"not_picked":["PrismaMod:ChloeAnyCommonTrace","PrismaMod:ChloeExhaustTwo"],"picked":"PrismaMod:ChloeCaladbolg","floor":14.0},{"not_picked":["PrismaMod:ChloeDevil","PrismaMod:ChloeAnyAttackTrace"],"picked":"PrismaMod:ChloeCarnivalDefend","floor":16.0},{"not_picked":["PrismaMod:ChloeDiscardRecovery","PrismaMod:ChloeUncommonAOEAttack"],"picked":"PrismaMod:ChloeCommonAOEAttack","floor":18},{"not_picked":["PrismaMod:ChloeCheapAttackTwo","PrismaMod:ChloeCommonAOEAttack+1"],"picked":"PrismaMod:ChloeCheapAttack","floor":19},{"not_picked":["PrismaMod:ChloeRhongomyniad+1","PrismaMod:ChloeUncommonAttack"],"picked":"PrismaMod:ChloeCheapDefend","floor":21},{"not_picked":["PrismaMod:ChloeExhaustTwo","PrismaMod:ChloeExhaustOne"],"picked":"PrismaMod:ChloeBetterTracePools","floor":22},{"not_picked":["PrismaMod:ChloeCommonAOEAttack","PrismaMod:ChloeEyeOfTheEuryale"],"picked":"PrismaMod:ChloeDevil","floor":24}],"player_experience":448675,"relics_obtained":[{"floor":6.0,"key":"Tiny Chest"},{"floor":9.0,"key":"Unceasing Top"},{"floor":10.0,"key":"Ice Cream"},{"floor":14.0,"key":"DemoMod:Bottle"},{"floor":24,"key":"Turnip"},{"floor":26,"key":"War Paint"}],"event_choices":[{"damage_healed":0.0,"max_hp_gain":0.0,"max_hp_loss":0.0,"gold_gain":0.0,"event_name":"The Cleric","player_choice":"Leave","floor":2.0,"gold_loss":0.0,"damage_taken":0.0},{"damage_healed":0.0,"max_hp_gain":0.0,"max_hp_loss":0.0,"gold_gain":0.0,"event_name":"Liars Game","player_choice":"Ignored","floor":5.0,"gold_loss":0.0,"damage_taken":0.0},{"cards_removed":["PrismaMod:ChloeCommonAttack"],"damage_healed":0.0,"max_hp_gain":0.0,"max_hp_loss":0.0,"gold_gain":0.0,"event_name":"Golden Wing","player_choice":"Card Removal","floor":11.0,"gold_loss":0.0,"damage_taken":7.0},{"damage_healed":0,"gold_gain":0,"player_choice":"Ignored","damage_taken":0,"max_hp_gain":0,"max_hp_loss":0,"event_name":"Beggar","floor":20,"gold_loss":0}],"is_beta":false,"boss_relics":[{"not_picked":["Coffee Dripper","Calling Bell"],"picked":"PrismaMod:PrismaTraceOnUpgrade"}],"items_purged_floors":[],"is_endless":false,"potions_floor_spawned":[3,8,12,14,16,18,21],"killed_by":"Slavers","ascension_level":1}}