{"host":"y15j0sqd0it1yzon","time":1608153718,"event":{"mods":["AchievementEnabler","Act Like it!","BaseMod","Elementarium","Gensokyo","Hallownest","Infinite Spire","Menagerie","Minty Spire (QoL Compilation)","Replay The Spire","StSLib","The Jungle"],"gold_per_floor":[116,79,104,52,65,90,110,110,110,35,35,55,83,98,98,200,200,210,210,210,210,210,210,237,337,337,347,377,394,394,413,413,508,508,527,538,553,417,427,427,427,440,440,455,471,500,512,525,525,525,525,525,400,428,428],"floor_reached":56,"playtime":4219,"items_purged":["Defend_G","Strike_G","Parasite"],"score":1336,"play_id":"949bf993-8c3f-49bb-9650-b9b67351d1c3","local_time":"20201216212158","is_ascension_mode":false,"campfire_choices":[{"floor":11,"key":"RECALL"},{"floor":15,"key":"REST"},{"data":"Deadly Poison","floor":23,"key":"SMITH"},{"data":"Bouncing Flask","floor":30,"key":"SMITH"},{"floor":32,"key":"DIG"},{"data":"infinitespire:Neurotoxin","floor":40,"key":"SMITH"},{"data":"infinitespire:Neurotoxin","floor":49,"key":"SMITH"},{"data":"infinitespire:TheBestDefense","floor":52,"key":"SMITH"}],"circlet_count":0,"master_deck":["Strike_G","Strike_G","Strike_G","Defend_G","Defend_G","Defend_G","Defend_G","Survivor","Neutralize","Deadly Poison+1","Poisoned Stab","Dodge and Roll","PiercingWail","Blade Dance","Backflip","Cloak And Dagger","infinitespire:Neurotoxin+1","infinitespire:Collect","infinitespire:TheBestDefense+1","Backstab","infinitespire:Punishment","ReplayTheSpireMod:Speed Training","Backflip+1","Bouncing Flask+1","Deflect+1","Corpse Explosion","Deadly Poison","Accuracy","infinitespire:Neurotoxin+1","Footwork","Noxious Fumes","Outmaneuver+1","ReplayTheSpireMod:Scrap Shanks","A Thousand Cuts","Parasite","Cloak And Dagger+1"],"relics":["Ring of the Serpent","NeowsBlessing","Vampiric Spirits","FossilizedHelix","Black Star","Red Mask","Garlic","Mango","Strawberry","Replay:Wanted Poster","Orrery","Snack Pack","Replay:Mystery Machine","Potion Belt","Gremlin Horn","Shuriken","Bag of Preparation","HornCleat","CaptainsWheel","White Beast Statue"],"acts_visited":["Exordium","TheCity","TheBeyond","TheEnding"],"potions_floor_usage":[16,33,33,41,55,55,55,55],"damage_taken":[{"damage":0,"enemies":"2 Louse","floor":1,"turns":1},{"damage":0,"enemies":"Jaw Worm","floor":5,"turns":1},{"damage":0,"enemies":"Gremlin Nob","floor":6,"turns":1},{"damage":0,"enemies":"Small Slimes","floor":7,"turns":3},{"damage":2,"enemies":"Blue Slaver","floor":12,"turns":4},{"damage":31,"enemies":"Lagavulin","floor":13,"turns":9},{"damage":0,"enemies":"Looter","floor":14,"turns":3},{"damage":28,"enemies":"The Guardian","floor":16,"turns":8},{"damage":8,"enemies":"Spheric Guardian","floor":18,"turns":6},{"damage":28,"enemies":"Book of Stabbing","floor":24,"turns":8},{"damage":0,"enemies":"Chosen","floor":27,"turns":2},{"damage":0,"enemies":"Replay:Snechameleon","floor":28,"turns":4},{"damage":0,"enemies":"Centurion and Healer","floor":29,"turns":3},{"damage":2,"enemies":"Snecko","floor":31,"turns":3},{"damage":28,"enemies":"Champ","floor":33,"turns":9},{"damage":0,"enemies":"3 Darklings","floor":35,"turns":2},{"damage":0,"enemies":"3 Shapes","floor":36,"turns":4},{"damage":0,"enemies":"Spire Growth","floor":37,"turns":4},{"damage":0,"enemies":"Writhing Mass","floor":39,"turns":5},{"damage":37,"enemies":"Reptomancer","floor":41,"turns":3},{"damage":0,"enemies":"3 Darklings","floor":42,"turns":2},{"damage":0,"enemies":"Sphere and 2 Shapes","floor":44,"turns":2},{"damage":0,"enemies":"Maw","floor":45,"turns":6},{"damage":12,"enemies":"Nemesis","floor":46,"turns":7},{"damage":6,"enemies":"Writhing Mass","floor":47,"turns":4},{"damage":0,"enemies":"Spire Growth","floor":48,"turns":4},{"damage":22,"enemies":"Donu and Deca","floor":50,"turns":6},{"damage":0,"enemies":"Shield and Spear","floor":54,"turns":3},{"damage":89,"enemies":"The Heart","floor":55,"turns":8}],"seed_played":"-8452081529020192908","potions_obtained":[{"floor":5,"key":"Elixir"},{"floor":7,"key":"GamblersBrew"},{"floor":14,"key":"AttackPotion"},{"floor":16,"key":"CunningPotion"},{"floor":24,"key":"BlessingOfTheForge"},{"floor":28,"key":"SteroidPotion"},{"floor":33,"key":"ColorlessPotion"},{"floor":36,"key":"Elixir"},{"floor":39,"key":"SmokeBomb"},{"floor":44,"key":"Ancient Potion"},{"floor":47,"key":"SmokeBomb"},{"floor":54,"key":"Explosive Potion"}],"is_trial":false,"path_per_floor":["M","?","T","$","M","E","M","?","T","$","R","M","E","M","R","B",null,"M","?","?","?","?","R","E","AVR","T","M","E","M","R","M","R","B",null,"M","M","M","$","M","R","E","M","T","M","M","E","M","M","R","B",null,"R","$","E","B",null],"character_chosen":"THE_SILENT","items_purchased":["Deadly Poison","Noxious Fumes"],"campfire_rested":1,"item_purchase_floors":[4,38],"current_hp_per_floor":[70,70,70,70,70,70,70,70,70,70,70,68,39,40,61,38,70,62,62,45,45,45,45,41,41,41,51,69,73,73,79,79,67,91,91,91,91,91,91,91,54,71,71,87,91,83,85,87,87,67,91,91,88,88,9],"gold":428,"neow_bonus":"THREE_ENEMY_KILL","is_daily":false,"chose_seed":false,"campfire_upgraded":5,"win_rate":0.0,"timestamp":1608153718,"path_taken":["M","?","?","$","M","E","M","?","T","$","R","M","E","M","R","BOSS","M","?","?","?","?","R","E","AVR","T","M","E","M","R","M","R","BOSS","M","?","M","$","M","R","E","M","T","M","M","E","M","M","R","BOSS","R","$","E","BOSS"],"items_purchased_type":["Card","Card"],"build_version":"2020-12-13","purchased_purges":3,"victory":true,"max_hp_per_floor":[70,70,70,70,70,70,70,70,70,70,70,70,70,70,70,70,70,70,70,70,70,70,70,91,91,91,91,91,91,91,91,91,91,91,91,91,91,91,91,91,91,91,91,91,91,91,91,91,91,91,91,91,88,88,88],"card_choices":[{"not_picked":["Sucker Punch","Quick Slash","Setup"],"picked":"SKIP","floor":1},{"not_picked":["Acrobatics","Dagger Spray"],"picked":"Poisoned Stab","floor":5},{"not_picked":["Bane","Sucker Punch"],"picked":"Dodge and Roll","floor":6},{"not_picked":["ReplayTheSpireMod:Exploit Weakness","Prepared"],"picked":"PiercingWail","floor":7},{"not_picked":["Bane","Atom Bomb"],"picked":"Blade Dance","floor":12},{"not_picked":["Poisoned Stab","Quick Slash"],"picked":"Backflip","floor":13},{"not_picked":["Heel Hook","Backflip"],"picked":"Cloak And Dagger","floor":14},{"not_picked":["Doppelganger","Phantasmal Killer"],"picked":"infinitespire:Neurotoxin","floor":16},{"not_picked":["Poisoned Stab","Quick Slash","Slice"],"picked":"SKIP","floor":18},{"not_picked":["infinitespire:UltimateForm","infinitespire:Oblivion"],"picked":"infinitespire:Collect","floor":20},{"not_picked":["ReplayTheSpireMod:??????????????????????","infinitespire:Menacing"],"picked":"infinitespire:TheBestDefense","floor":21},{"not_picked":["Footwork","PiercingWail"],"picked":"Backstab","floor":24},{"not_picked":["Underhanded Strike","Acrobatics"],"picked":"ReplayTheSpireMod:Speed Training","floor":25},{"not_picked":["Hidden Blade","Dodge and Roll"],"picked":"Backflip+1","floor":25},{"not_picked":["Hidden Blade","Concentrate"],"picked":"Bouncing Flask","floor":25},{"not_picked":["Dagger Spray","Poisoned Stab+1"],"picked":"Deflect+1","floor":25},{"not_picked":["Prepared+1","Endless Agony"],"picked":"Corpse Explosion","floor":27},{"not_picked":["Prepared","Choke"],"picked":"Deadly Poison","floor":28},{"not_picked":["Cloak And Dagger","Underhanded Strike+1","Caltrops+1"],"picked":"SKIP","floor":29},{"not_picked":["Hidden Blade","Poisoned Stab"],"picked":"Accuracy","floor":31},{"not_picked":["Poison Darts","Replay:Bag of Tricks"],"picked":"infinitespire:Neurotoxin","floor":33},{"not_picked":["Cloak And Dagger","Underhanded Strike"],"picked":"Footwork","floor":35},{"not_picked":["Acrobatics","Prepared+1","Expertise"],"picked":"SKIP","floor":36},{"not_picked":["Acrobatics+1","PiercingWail","Distraction"],"picked":"SKIP","floor":37},{"not_picked":["Bane","Sucker Punch+1"],"picked":"Outmaneuver+1","floor":39},{"not_picked":["Dagger Spray+1","Flying Knee"],"picked":"ReplayTheSpireMod:Scrap Shanks","floor":42},{"not_picked":["Outmaneuver+1","Leg Sweep","Prepared"],"picked":"SKIP","floor":44},{"not_picked":["Flying Knee+1","Endless Agony"],"picked":"A Thousand Cuts","floor":45},{"not_picked":["Slice","Dagger Throw+1","Predator+1"],"picked":"SKIP","floor":46},{"not_picked":["Quick Slash+1","Slice","Finisher"],"picked":"SKIP","floor":47},{"not_picked":["Poisoned Stab","Quick Slash+1","Prepared"],"picked":"SKIP","floor":48},{"not_picked":["PiercingWail","Sucker Punch+1"],"picked":"Cloak And Dagger+1","floor":54}],"player_experience":352453,"relics_obtained":[{"floor":6,"key":"Gambling Chip"},{"floor":9,"key":"Vampiric Spirits"},{"floor":13,"key":"FossilizedHelix"},{"floor":21,"key":"Red Mask"},{"floor":24,"key":"Mango"},{"floor":24,"key":"Strawberry"},{"floor":26,"key":"Snack Pack"},{"floor":28,"key":"Replay:Mystery Machine"},{"floor":28,"key":"Potion Belt"},{"floor":32,"key":"Gremlin Horn"},{"floor":43,"key":"Shuriken"},{"floor":46,"key":"Bag of Preparation"},{"floor":46,"key":"HornCleat"},{"floor":54,"key":"CaptainsWheel"},{"floor":54,"key":"White Beast Statue"}],"event_choices":[{"damage_healed":0,"gold_gain":0,"player_choice":"Left Gold","damage_taken":0,"max_hp_gain":0,"max_hp_loss":0,"event_name":"World of Goop","floor":2,"gold_loss":37},{"damage_healed":0,"gold_gain":0,"player_choice":"Ignored","damage_taken":0,"max_hp_gain":0,"max_hp_loss":0,"event_name":"Vampires","floor":19,"gold_loss":0}],"is_beta":false,"boss_relics":[{"not_picked":["Replay:Ancient Bell","Ring of Chaos"],"picked":"Black Star"},{"not_picked":["Coffee Dripper","Busted Crown"],"picked":"Ring of the Serpent"}],"items_purged_floors":[10,38,53],"is_endless":false,"potions_floor_spawned":[5,7,14,16,24,27,28,33,36,39,44,47,54],"ascension_level":0}}