{"host":"daa8jqyg4gqfaysm","time":1608113260,"event":{"mods":["BaseMod","Colored Powertips","Minty Spire (QoL Compilation)","StSLib"],"gold_per_floor":[119,131,146,166,186,186,217,232,232,232,242,253,285,360,360,431,431,448,498,513,513,9,9,34,54,54,54,70,70,83,116,116,188,188,202,202,213,223,123,123,153,177,189,215,227,289,327,350,362,374,386,398,41,68,68,68],"floor_reached":55,"playtime":2641,"items_purged":["Strike_G","Strike_G","Strike_G"],"score":1283,"play_id":"fd168d73-557f-4dc1-b7c2-717ea85c308e","local_time":"20201216180740","is_ascension_mode":true,"campfire_choices":[{"data":"Crippling Poison","floor":6,"key":"SMITH"},{"data":"Neutralize","floor":10,"key":"SMITH"},{"data":"Well Laid Plans","floor":15,"key":"SMITH"},{"data":"Bouncing Flask","floor":23,"key":"SMITH"},{"data":"Malaise","floor":27,"key":"SMITH"},{"floor":32,"key":"REST"},{"floor":40,"key":"RECALL"},{"floor":45,"key":"REST"},{"floor":49,"key":"REST"},{"data":"Wraith Form v2","floor":52,"key":"SMITH"}],"circlet_count":0,"master_deck":["AscendersBane","Strike_G","Defend_G","Defend_G","Defend_G","Defend_G","Defend_G","Survivor","Neutralize+1","Predator","Dodge and Roll","Crippling Poison+1","Bane","Poisoned Stab+1","Quick Slash+1","Well Laid Plans+1","Deadly Poison","Malaise+1","Dodge and Roll+1","Backflip","Leg Sweep","Bouncing Flask+1","Dash+1","Wraith Form v2+1","Predator+1","Wraith Form v2","Poisoned Stab+1","Dash+1","Wraith Form v2","Crippling Poison","PiercingWail+1","PiercingWail"],"relics":["Sozu","Molten Egg 2","Paper Crane","Blood Vial","Snecko Eye","MutagenicStrength","Prayer Wheel","Bag of Preparation","Turnip","Velvet Choker","MawBank","White Beast Statue","Mercury Hourglass","Bottled Lightning","Bag of Marbles"],"acts_visited":["Exordium","TheCity","TheBeyond","TheEnding"],"potions_floor_usage":[],"damage_taken":[{"damage":0,"enemies":"Small Slimes","floor":1,"turns":5},{"damage":0,"enemies":"2 Louse","floor":2,"turns":3},{"damage":0,"enemies":"Cultist","floor":3,"turns":4},{"damage":1,"enemies":"2 Fungi Beasts","floor":4,"turns":3},{"damage":0,"enemies":"Looter","floor":5,"turns":4},{"damage":12,"enemies":"Gremlin Nob","floor":7,"turns":4},{"damage":9,"enemies":"Blue Slaver","floor":8,"turns":2},{"damage":0,"enemies":"Exordium Thugs","floor":11,"turns":3},{"damage":4,"enemies":"2 Fungi Beasts","floor":12,"turns":4},{"damage":9,"enemies":"3 Sentries","floor":13,"turns":7},{"damage":4,"enemies":"The Guardian","floor":16,"turns":9},{"damage":0,"enemies":"Shell Parasite","floor":18,"turns":4},{"damage":2,"enemies":"Chosen","floor":20,"turns":4},{"damage":18,"enemies":"Book of Stabbing","floor":24,"turns":7},{"damage":0,"enemies":"Centurion and Healer","floor":25,"turns":5},{"damage":3,"enemies":"Snake Plant","floor":28,"turns":6},{"damage":8,"enemies":"3 Cultists","floor":30,"turns":6},{"damage":21,"enemies":"Gremlin Leader","floor":31,"turns":7},{"damage":7,"enemies":"Champ","floor":33,"turns":12},{"damage":0,"enemies":"Orb Walker","floor":35,"turns":3},{"damage":2,"enemies":"3 Shapes","floor":37,"turns":4},{"damage":3,"enemies":"Sphere and 2 Shapes","floor":38,"turns":6},{"damage":35,"enemies":"Nemesis","floor":41,"turns":7},{"damage":2,"enemies":"Spire Growth","floor":42,"turns":5},{"damage":1,"enemies":"Jaw Worm Horde","floor":44,"turns":4},{"damage":1,"enemies":"Giant Head","floor":47,"turns":9},{"damage":0,"enemies":"Sphere and 2 Shapes","floor":48,"turns":4},{"damage":15,"enemies":"Time Eater","floor":50,"turns":12},{"damage":3,"enemies":"Shield and Spear","floor":54,"turns":7},{"damage":63,"enemies":"The Heart","floor":55,"turns":13}],"seed_played":"-7905365100693364311","potions_obtained":[],"is_trial":false,"path_per_floor":["M","M","M","M","M","R","E","M","T","R","M","M","E","?","R","B",null,"M","?","M","?","$","R","E","M","T","R","M","?","M","E","R","B",null,"M","?","M","M","$","R","E","M","T","M","R","?","E","M","R","B",null,"R","$","E","B"],"character_chosen":"THE_SILENT","items_purchased":["Leg Sweep","Bouncing Flask","Prayer Wheel","Bottled Lightning"],"campfire_rested":3,"item_purchase_floors":[22,22,22,53],"current_hp_per_floor":[59,59,59,58,58,58,46,37,37,37,37,33,24,13,13,11,52,54,48,48,48,48,48,32,34,34,34,33,33,27,8,27,22,55,57,57,57,56,56,56,23,23,23,24,43,43,44,46,65,51,62,62,62,61,0,0],"gold":68,"neow_bonus":"BOSS_RELIC","is_daily":false,"chose_seed":false,"campfire_upgraded":6,"win_rate":0.0,"timestamp":1608113260,"path_taken":["M","M","M","M","M","R","E","M","T","R","M","M","E","?","R","BOSS","M","?","?","?","$","R","E","M","T","R","M","?","M","E","R","BOSS","M","?","M","M","?","R","E","M","T","M","R","?","E","M","R","BOSS","R","$","E","BOSS"],"items_purchased_type":["Card","Card","Relic","Relic"],"build_version":"2020-12-13","purchased_purges":3,"victory":false,"max_hp_per_floor":[66,66,66,66,66,66,66,66,66,66,66,66,66,66,66,66,66,66,66,66,66,66,66,66,66,66,66,66,66,66,66,66,66,66,66,66,66,66,66,66,66,66,66,66,66,66,66,66,66,66,66,66,66,66,66,66],"card_choices":[{"not_picked":["Cloak And Dagger","Accuracy"],"picked":"Predator","floor":1},{"not_picked":["Calculated Gamble","Blur"],"picked":"Dodge and Roll","floor":2},{"not_picked":["Underhanded Strike","Cloak And Dagger"],"picked":"Crippling Poison","floor":3},{"not_picked":["Slice","Flying Knee","Outmaneuver"],"picked":"SKIP","floor":4},{"not_picked":["Dodge and Roll","Outmaneuver"],"picked":"Bane","floor":5},{"not_picked":["Escape Plan","Cloak And Dagger"],"picked":"Poisoned Stab+1","floor":7},{"not_picked":["Eviscerate+1","Calculated Gamble","Cloak And Dagger"],"picked":"SKIP","floor":8},{"not_picked":["Tactician","Prepared"],"picked":"Quick Slash+1","floor":11},{"not_picked":["Quick Slash+1","Expertise"],"picked":"Well Laid Plans","floor":12},{"not_picked":["Dodge and Roll","PiercingWail"],"picked":"Deadly Poison","floor":13},{"not_picked":["Phantasmal Killer","Adrenaline"],"picked":"Malaise","floor":16},{"not_picked":["Deflect","Calculated Gamble"],"picked":"Dodge and Roll+1","floor":18},{"not_picked":["Well Laid Plans","Underhanded Strike+1"],"picked":"Backflip","floor":20},{"not_picked":["Riddle With Holes+1","Distraction","Accuracy"],"picked":"SKIP","floor":24},{"not_picked":["Eviscerate+1","Backflip","Blade Dance"],"picked":"SKIP","floor":25},{"not_picked":["Prepared","Outmaneuver","Caltrops"],"picked":"SKIP","floor":25},{"not_picked":["Deflect","Deadly Poison"],"picked":"Dash+1","floor":28},{"not_picked":["Flechettes+1","All Out Attack+1","Slice+1"],"picked":"SKIP","floor":28},{"not_picked":["Quick Slash+1","Leg Sweep"],"picked":"Wraith Form v2","floor":30},{"not_picked":["Heel Hook+1","Setup","Underhanded Strike+1"],"picked":"SKIP","floor":30},{"not_picked":["Expertise","Accuracy"],"picked":"Predator+1","floor":31},{"not_picked":["Adrenaline","Tools of the Trade"],"picked":"Wraith Form v2","floor":33},{"not_picked":["Concentrate","Dagger Spray+1"],"picked":"Poisoned Stab+1","floor":35},{"not_picked":["Flying Knee+1","Cloak And Dagger","Dagger Spray+1"],"picked":"SKIP","floor":35},{"not_picked":["Slice+1","Sucker Punch+1"],"picked":"Dash+1","floor":37},{"not_picked":["Cloak And Dagger+1","Dodge and Roll","Caltrops+1"],"picked":"SKIP","floor":37},{"not_picked":["Poisoned Stab+1","Deadly Poison","Prepared"],"picked":"SKIP","floor":38},{"not_picked":["Cloak And Dagger","All Out Attack+1","Sucker Punch+1"],"picked":"SKIP","floor":38},{"not_picked":["Predator+1","Poisoned Stab+1","Endless Agony+1"],"picked":"SKIP","floor":41},{"not_picked":["Blade Dance+1","Flying Knee+1"],"picked":"Wraith Form v2","floor":42},{"not_picked":["Deflect","Endless Agony+1","PiercingWail"],"picked":"SKIP","floor":42},{"not_picked":["Noxious Fumes+1","Catalyst"],"picked":"Crippling Poison","floor":44},{"not_picked":["Deadly Poison","Reflex","Well Laid Plans"],"picked":"SKIP","floor":44},{"not_picked":["Underhanded Strike+1","Flechettes+1","All Out Attack+1"],"picked":"SKIP","floor":47},{"not_picked":["Prepared","Accuracy"],"picked":"PiercingWail+1","floor":48},{"not_picked":["Tactician","Flying Knee+1"],"picked":"PiercingWail","floor":48},{"not_picked":["Sucker Punch+1","Bane+1","Calculated Gamble+1"],"picked":"SKIP","floor":54}],"player_experience":683585,"relics_obtained":[{"floor":7,"key":"Molten Egg 2"},{"floor":9,"key":"Paper Crane"},{"floor":13,"key":"Blood Vial"},{"floor":24,"key":"Bag of Preparation"},{"floor":31,"key":"Turnip"},{"floor":41,"key":"MawBank"},{"floor":43,"key":"White Beast Statue"},{"floor":47,"key":"Mercury Hourglass"},{"floor":54,"key":"Bag of Marbles"}],"event_choices":[{"damage_healed":0,"gold_gain":75,"player_choice":"Gather Gold","damage_taken":11,"max_hp_gain":0,"max_hp_loss":0,"event_name":"World of Goop","floor":14,"gold_loss":0},{"damage_healed":0,"gold_gain":50,"player_choice":"Touch","damage_taken":6,"max_hp_gain":0,"max_hp_loss":0,"event_name":"FaceTrader","floor":19,"gold_loss":0},{"damage_healed":0,"gold_gain":0,"player_choice":"Inject Mutagens","damage_taken":0,"relics_obtained":["MutagenicStrength"],"max_hp_gain":0,"max_hp_loss":0,"event_name":"Drug Dealer","floor":21,"gold_loss":0},{"damage_healed":0,"gold_gain":0,"player_choice":"Ignored","damage_taken":0,"max_hp_gain":0,"max_hp_loss":0,"event_name":"Ghosts","floor":29,"gold_loss":0},{"cards_removed":["Strike_G"],"damage_healed":0,"gold_gain":0,"player_choice":"Purged","damage_taken":0,"max_hp_gain":0,"max_hp_loss":0,"event_name":"Purifier","floor":36,"gold_loss":0},{"damage_healed":0,"gold_gain":50,"player_choice":"Pray","damage_taken":0,"max_hp_gain":0,"max_hp_loss":0,"event_name":"Golden Shrine","floor":46,"gold_loss":0}],"is_beta":false,"boss_relics":[{"not_picked":["Runic Dome","Ectoplasm"],"picked":"Snecko Eye"},{"not_picked":["WristBlade","Runic Pyramid"],"picked":"Velvet Choker"}],"items_purged_floors":[22,39,53],"is_endless":false,"potions_floor_spawned":[2,3,4,7,13,16,24,25,31,37,42,44,47,48,54],"killed_by":"The Heart","ascension_level":15}}