{"host":"qg7fj05lalo09o61","time":1608112960,"event":{"mods":["Act Like it!","Always Whale","BaseMod","CapriCore","Gensokyo","Koishi","Minty Spire (QoL Compilation)","StSLib"],"gold_per_floor":[113,12,12,39,56,84,84,84,84,84,84,95,111,144,144,144,144],"floor_reached":16,"playtime":2191,"items_purged":[],"score":118,"play_id":"6101769d-8617-4b51-98f0-9e685a5cac13","local_time":"20201216130240","is_ascension_mode":false,"campfire_choices":[{"data":"Koishi:ReleaseOfTheId","floor":8,"key":"SMITH"},{"data":"Koishi:HeartAttack","floor":10,"key":"SMITH"},{"data":"Koishi:Prune","floor":15,"key":"SMITH"}],"circlet_count":0,"master_deck":["Koishi:BasicStrike","Koishi:BasicStrike","Koishi:BasicStrike","Koishi:BasicStrike","Koishi:BasicDefend","Koishi:BasicDefend","Koishi:BasicDefend","Koishi:BasicDefend","Koishi:Provoke","Koishi:HauntingSlash","Koishi:PhantomStrike","Koishi:HeartAttack+1","Koishi:PhantomStrike","Koishi:Whimsy","Koishi:ReleaseOfTheId+1","Koishi:Prune+1","Koishi:EmbryosDream+1","Koishi:PhantomBarrier+1","Koishi:Prune","Koishi:IdleWhim+1","Koishi:SubterraneanRose+1"],"relics":["Koishi:ImaginaryFriend","Gensokyo:CelestialsFlawlessClothing","Darkstone Periapt","Toxic Egg 2","Matryoshka","Potion Belt"],"acts_visited":["Exordium"],"potions_floor_usage":[16],"damage_taken":[{"damage":1,"enemies":"Gensokyo:3_Fairies","floor":1,"turns":4},{"damage":44,"enemies":"Gensokyo:Cirno","floor":4,"turns":10},{"damage":0,"enemies":"Gensokyo:2_Kodama","floor":5,"turns":3},{"damage":12,"enemies":"Gensokyo:Cirno","floor":6,"turns":11},{"damage":0,"enemies":"Gensokyo:Python","floor":12,"turns":2},{"damage":0,"enemies":"Gensokyo:2_Rabbits","floor":13,"turns":4},{"damage":10,"enemies":"Gensokyo:Mamizou","floor":14,"turns":5},{"damage":69,"enemies":"Gensokyo:Reimu","floor":16,"turns":12}],"seed_played":"-597979391401175154","potions_obtained":[{"floor":1,"key":"SteroidPotion"},{"floor":13,"key":"PowerPotion"}],"is_trial":false,"path_per_floor":["M","$","?","?","M","E","?","R","T","R","?","M","M","E","R","B"],"character_chosen":"KOISHI","items_purchased":["Koishi:PhantomStrike","Koishi:Whimsy"],"campfire_rested":0,"item_purchase_floors":[2,2],"current_hp_per_floor":[60,60,45,1,3,53,59,59,59,59,59,59,59,49,49,58,58],"gold":144,"neow_bonus":"THREE_CARDS","is_daily":false,"chose_seed":false,"campfire_upgraded":3,"win_rate":0.0,"timestamp":1608112960,"path_taken":["M","$","?","?","M","E","?","R","T","R","?","M","M","E","R","BOSS"],"items_purchased_type":["Card","Card"],"build_version":"2020-12-13","purchased_purges":0,"victory":false,"max_hp_per_floor":[60,60,60,60,60,60,66,66,66,66,66,66,66,66,66,66,66],"card_choices":[{"not_picked":["Koishi:JumpScare","Koishi:StrangeCloudFist"],"picked":"Koishi:PhantomStrike","floor":0},{"not_picked":["Koishi:UnseenTerror","Koishi:ReflexRadar"],"picked":"Koishi:HeartAttack","floor":1},{"not_picked":["Koishi:Jaunt","Koishi:FleetingPhantom"],"picked":"Koishi:ReleaseOfTheId","floor":4},{"not_picked":["Koishi:CatchAndRose","Koishi:Bloodlust"],"picked":"Koishi:Prune","floor":5},{"not_picked":["Koishi:DanmakuParanoia+1","Koishi:Jaunt"],"picked":"Koishi:EmbryosDream+1","floor":6},{"not_picked":["Koishi:ParalyzingFear","Koishi:FreudianInstinct"],"picked":"Koishi:PhantomBarrier+1","floor":11},{"not_picked":["Koishi:VengefulSpirit","Koishi:Jaunt"],"picked":"Koishi:Prune","floor":11},{"not_picked":["Koishi:TremblingHands","Koishi:GrowingPain"],"picked":"Koishi:IdleWhim+1","floor":12},{"not_picked":["Koishi:EmbersOfLove+1","Koishi:StingingMind"],"picked":"Koishi:SubterraneanRose+1","floor":13},{"not_picked":["Koishi:FourthEye+1","Koishi:BloodcurdlingScream","Koishi:Catatonia"],"picked":"SKIP","floor":14}],"player_experience":187979,"relics_obtained":[{"floor":4,"key":"Darkstone Periapt"},{"floor":6,"key":"Toxic Egg 2"},{"floor":9,"key":"Matryoshka"},{"floor":14,"key":"Potion Belt"}],"event_choices":[],"is_beta":false,"boss_relics":[],"items_purged_floors":[],"is_endless":false,"potions_floor_spawned":[1,13],"killed_by":"Gensokyo:Reimu","ascension_level":0}}