{"host":"p245q48pmopyklqs","time":1608090526,"event":{"mods":["AchievementEnabler","BaseMod","Better Third Choice","DeckTracker","Minty Spire (QoL Compilation)","Relic Stats","StSLib","SuperFastMode"],"gold_per_floor":[113,127,144,157,157,183,183,218,218,236,246,246,66,77,77,155,155,170,184,184,184,184,184,29,29,54,104,104,121,138,154,154,233,233,249,249,259,36,36,36],"floor_reached":39,"playtime":1614,"items_purged":["Strike_R","Strike_R","Demon Form"],"score":786,"play_id":"3b581577-629c-4dc0-93b4-cf4149043b4c","local_time":"20201216124846","is_ascension_mode":true,"campfire_choices":[{"data":"Uppercut","floor":7.0,"key":"SMITH"},{"data":"Fire Breathing","floor":12.0,"key":"SMITH"},{"data":"Evolve","floor":15.0,"key":"SMITH"},{"data":"Dark Embrace","floor":23.0,"key":"SMITH"},{"data":"Seeing Red","floor":25.0,"key":"SMITH"},{"data":"Infernal Blade","floor":28.0,"key":"SMITH"},{"data":"Pommel Strike","floor":32.0,"key":"SMITH"}],"circlet_count":0,"master_deck":["AscendersBane","Bash","Wild Strike+1","Evolve+1","Uppercut+1","Fire Breathing+1","Seeing Red+1","Flash of Steel","Wild Strike","Dark Embrace+1","Infernal Blade+1","Shockwave","Pommel Strike+1","Wild Strike","Reaper","Dark Embrace","Evolve","Sever Soul","Limit Break","Finesse"],"relics":["Burning Blood","Incense Burner","Lizard Tail","Shuriken","Kunai","Coffee Dripper","Red Skull","Pandora\u0027s Box"],"acts_visited":["Exordium","TheCity","TheBeyond"],"potions_floor_usage":[33],"damage_taken":[{"damage":9.0,"enemies":"Small Slimes","floor":1.0,"turns":5.0},{"damage":6.0,"enemies":"Cultist","floor":2.0,"turns":3.0},{"damage":12.0,"enemies":"Jaw Worm","floor":3.0,"turns":2.0},{"damage":11.0,"enemies":"Large Slime","floor":4.0,"turns":5.0},{"damage":30.0,"enemies":"Lagavulin","floor":6.0,"turns":8.0},{"damage":26.0,"enemies":"3 Sentries","floor":8.0,"turns":7.0},{"damage":1.0,"enemies":"Looter","floor":10.0,"turns":2.0},{"damage":17.0,"enemies":"3 Louse","floor":11.0,"turns":4.0},{"damage":4.0,"enemies":"Large Slime","floor":14.0,"turns":5.0},{"damage":28.0,"enemies":"Slime Boss","floor":16.0,"turns":5.0},{"damage":1.0,"enemies":"Chosen","floor":18.0,"turns":3.0},{"damage":35.0,"enemies":"Shell Parasite","floor":19.0,"turns":5.0},{"damage":18.0,"enemies":"Snake Plant","floor":29.0,"turns":4.0},{"damage":12.0,"enemies":"3 Cultists","floor":30.0,"turns":4.0},{"damage":4.0,"enemies":"Centurion and Healer","floor":31.0,"turns":3.0},{"damage":22,"enemies":"Automaton","floor":33,"turns":6},{"damage":1,"enemies":"Orb Walker","floor":35,"turns":2},{"damage":42,"enemies":"3 Darklings","floor":37,"turns":4},{"damage":44,"enemies":"Jaw Worm Horde","floor":39,"turns":2}],"seed_played":"3437556668463078853","potions_obtained":[{"floor":2.0,"key":"PowerPotion"},{"floor":6.0,"key":"AttackPotion"},{"floor":11.0,"key":"AttackPotion"},{"floor":14.0,"key":"BloodPotion"},{"floor":29.0,"key":"GamblersBrew"}],"is_trial":false,"path_per_floor":["M","M","M","M","?","E","R","E","T","M","M","R","$","M","R","B",null,"M","M","?","?","?","R","$","R","T","?","R","M","M","M","R","B",null,"M","?","M","$","M"],"character_chosen":"IRONCLAD","items_purchased":["Flash of Steel","BloodPotion","Finesse"],"campfire_rested":0,"item_purchase_floors":[13,24,38],"current_hp_per_floor":[65,65,59,54,54,30,30,10,10,15,40,40,40,42,42,20,56,61,32,13,13,13,13,27,27,27,27,27,15,23,25,25,9,57,62,62,40,40,0,0],"gold":36,"neow_bonus":"ONE_RARE_RELIC","is_daily":false,"chose_seed":false,"campfire_upgraded":7,"win_rate":0.0,"timestamp":1608090526,"path_taken":["M","M","M","M","?","E","R","E","T","M","M","R","?","M","R","BOSS","M","M","?","?","?","R","$","R","T","?","R","M","M","M","R","BOSS","M","?","M","$","M"],"items_purchased_type":["Card","Potion","Card"],"build_version":"2020-12-13","purchased_purges":3,"victory":false,"max_hp_per_floor":[68,68,68,68,68,68,68,68,68,68,68,68,68,68,68,68,68,68,68,73,73,73,73,73,73,73,73,73,73,73,73,73,73,73,73,73,73,73,73,73],"relic_stats":{"Lizard Tail":34,"counters":[19,79],"Shuriken":[18],"Pandora\u0027s Box":["Dark Embrace","Evolve","Sever Soul","Demon Form","Limit Break"],"Kunai":[18],"obtain_stats":[{"Lizard Tail":6,"Shuriken":8,"Pandora\u0027s Box":34,"Incense Burner":0,"Coffee Dripper":17,"Kunai":9,"Burning Blood":0,"Red Skull":26},{"Lizard Tail":5,"Shuriken":6,"Pandora\u0027s Box":16,"Incense Burner":0,"Coffee Dripper":10,"Kunai":6,"Burning Blood":0,"Red Skull":12},{"Lizard Tail":23,"Shuriken":30,"Pandora\u0027s Box":71,"Incense Burner":0,"Coffee Dripper":46,"Kunai":30,"Burning Blood":0,"Red Skull":54}],"Burning Blood":108},"card_choices":[{"not_picked":["True Grit","Iron Wave"],"picked":"Wild Strike","floor":1.0},{"not_picked":["Spot Weakness","Flex","Disarm"],"picked":"SKIP","floor":2.0},{"not_picked":["True Grit","Clash","Headbutt"],"picked":"SKIP","floor":3.0},{"not_picked":["Inflame","Combust"],"picked":"Evolve","floor":4.0},{"not_picked":["Armaments","Inflame"],"picked":"Uppercut","floor":6.0},{"not_picked":["Impervious","Disarm"],"picked":"Fire Breathing","floor":8.0},{"not_picked":["Twin Strike","Heavy Blade"],"picked":"Seeing Red","floor":10.0},{"not_picked":["Perfected Strike","Warcry","Spot Weakness"],"picked":"SKIP","floor":11.0},{"not_picked":["Warcry","Thunderclap","Wild Strike"],"picked":"SKIP","floor":14.0},{"not_picked":["Warcry","Thunderclap"],"picked":"Wild Strike","floor":14.0},{"not_picked":["Wild Strike","Clothesline"],"picked":"Dark Embrace","floor":18.0},{"not_picked":["Iron Wave","Flex+1","Heavy Blade"],"picked":"SKIP","floor":19.0},{"not_picked":["Anger","Flex+1"],"picked":"Pommel Strike","floor":29.0},{"not_picked":["Flex","True Grit+1"],"picked":"Wild Strike","floor":30.0},{"not_picked":["Havoc","Rupture","Searing Blow"],"picked":"SKIP","floor":31.0},{"not_picked":["Demon Form","Limit Break"],"picked":"Reaper","floor":33},{"not_picked":["Headbutt+1","Havoc","Wild Strike"],"picked":"SKIP","floor":35},{"not_picked":["Headbutt+1","Havoc","Wild Strike"],"picked":"SKIP","floor":35},{"not_picked":["True Grit","Cleave","Armaments+1"],"picked":"SKIP","floor":37}],"player_experience":2276348,"relics_obtained":[{"floor":6.0,"key":"Lizard Tail"},{"floor":8.0,"key":"Shuriken"},{"floor":9.0,"key":"Kunai"},{"floor":26.0,"key":"Red Skull"}],"event_choices":[{"damage_healed":0.0,"max_hp_gain":0.0,"max_hp_loss":0.0,"gold_gain":0.0,"event_name":"Upgrade Shrine","player_choice":"Upgraded","floor":5.0,"gold_loss":0.0,"damage_taken":0.0,"cards_upgraded":["Wild Strike"]},{"damage_healed":0.0,"max_hp_gain":5.0,"max_hp_loss":0.0,"gold_gain":0.0,"event_name":"Forgotten Altar","player_choice":"Shed Blood","floor":20.0,"gold_loss":0.0,"damage_taken":24.0},{"damage_healed":0.0,"max_hp_gain":0.0,"max_hp_loss":0.0,"gold_gain":0.0,"event_name":"Vampires","player_choice":"Ignored","floor":21.0,"gold_loss":0.0,"damage_taken":0.0},{"damage_healed":0.0,"max_hp_gain":0.0,"max_hp_loss":0.0,"gold_gain":0.0,"cards_transformed":["Strike_R","Strike_R"],"event_name":"Drug Dealer","player_choice":"Became Test Subject","floor":22.0,"gold_loss":0.0,"damage_taken":0.0,"cards_obtained":["Infernal Blade","Shockwave"]},{"damage_healed":0.0,"max_hp_gain":0.0,"max_hp_loss":0.0,"gold_gain":50.0,"event_name":"betterThird:BetterNest","player_choice":"Steal","floor":27.0,"gold_loss":0.0,"damage_taken":0.0},{"damage_healed":0,"gold_gain":0,"player_choice":"Ignored","damage_taken":0,"max_hp_gain":0,"max_hp_loss":0,"event_name":"Tomb of Lord Red Mask","floor":36,"gold_loss":0}],"is_beta":false,"boss_relics":[{"not_picked":["Ectoplasm","Busted Crown"],"picked":"Coffee Dripper"},{"not_picked":["Calling Bell","Tiny House"],"picked":"Pandora\u0027s Box"}],"items_purged_floors":[13,24,38],"is_endless":false,"potions_floor_spawned":[2,6,11,14,16,19,29],"killed_by":"Jaw Worm Horde","ascension_level":20}}