{"host":"ifd7sfhtlbe34qll","time":1608096058,"event":{"mods":["2.2 Compatiblity","BaseMod","Block Reminder","Colored Map","Downfall","Highlight Path","Minty Spire (QoL Compilation)","Potion Indicator Mod","Quick Restart","Random Character Button","Relic Stats","StSLib"],"gold_per_floor":[199,214,42,55,55,86,86,145,145,170,270,106,124,136,154,250,250,250,267,302,302,39,73,73,73,100,25,25,39,59,159,171,269,269,269,320,346,201,201,235,235,251,101,126,126,126],"floor_reached":45,"playtime":2767,"items_purged":["champ:Strike","Shame","Pain"],"score":838,"play_id":"7ee8e0c2-54e6-4a56-9354-5b8b858fe471","local_time":"20201215232058","is_ascension_mode":true,"campfire_choices":[{"data":"champ:Execute","floor":1.0,"key":"SMITH"},{"data":"champ:Taunt","floor":5.0,"key":"SMITH"},{"data":"champ:Encircle","floor":9.0,"key":"SMITH"},{"data":"champ:PerfectForm","floor":18.0,"key":"SMITH"},{"data":"champ:Devastate","floor":25.0,"key":"SMITH"},{"data":"champ:Backstep","floor":27.0,"key":"SMITH"},{"floor":35.0,"key":"RECALL"},{"data":"Apotheosis","floor":43.0,"key":"SMITH"}],"circlet_count":0,"master_deck":["champ:Defend","champ:Defend","champ:Defend","champ:Execute+1","champ:Taunt+1","champ:Encircle+1","champ:Backstep+1","champ:Encircle","champ:Backstep","champ:AdrenalArmor","champ:SteelEdge+1","champ:DeathBlow","champ:HeartStrike","champ:EndlessRage","champ:Control","champ:AdrenalArmor","champ:PerfectForm+1","champ:Circumvent+1","champ:GutPunch+1","champ:FalseCounter+1","champ:Devastate+1","champ:TornadoPunch","champ:BerserkersShout","champ:StanceDance+1","champ:ShieldSlam","champ:Lariat+1","champ:CrookedStrike+1","champ:DefensiveStyle","champ:ShieldWall","J.A.X.","champ:HeavySlash","Apotheosis+1","champ:IronFortress+1","champ:Circumvent+1","Normality","champ:FalseCounter+1"],"relics":["champ:ChampionCrown","Toolbox","Guardian:GemstoneGun","Centennial Puzzle","Darkstone Periapt","Sundial","Cursed Key","Nunchaku","Lizard Tail","Orrery","champ:FightingForDummies","Regal Pillow","downfall:HeartBlessingGreen","WarpedTongs","MutagenicStrength","Busted Crown","Bronze Scales","Chemical X","Question Card","downfall:HeartBlessingRed","downfall:HeartBlessingBlue","Bottled Lightning"],"acts_visited":["Exordium","TheCity","TheBeyond"],"potions_floor_usage":[],"damage_taken":[{"damage":0.0,"enemies":"2 Louse","floor":2.0,"turns":2.0},{"damage":14.0,"enemies":"downfall:FleeingMerchant","floor":3.0,"turns":4.0},{"damage":7.0,"enemies":"Jaw Worm","floor":4.0,"turns":2.0},{"damage":21.0,"enemies":"Gremlin Nob","floor":6.0,"turns":5.0},{"damage":36.0,"enemies":"Lagavulin Event","floor":8.0,"turns":4.0},{"damage":29.0,"enemies":"3 Sentries","floor":10.0,"turns":5.0},{"damage":29.0,"enemies":"downfall:Heads","floor":11.0,"turns":7.0},{"damage":29.0,"enemies":"downfall:FleeingMerchant","floor":12.0,"turns":4.0},{"damage":4.0,"enemies":"Small Slimes","floor":13.0,"turns":2.0},{"damage":31.0,"enemies":"Gremlin Gang","floor":14.0,"turns":2.0},{"damage":10.0,"enemies":"Exordium Wildlife","floor":15.0,"turns":1.0},{"damage":33.0,"enemies":"downfall:Ironclad","floor":16.0,"turns":8.0},{"damage":33.0,"enemies":"Chosen","floor":19.0,"turns":3.0},{"damage":74.0,"enemies":"Book of Stabbing","floor":20.0,"turns":5.0},{"damage":46.0,"enemies":"downfall:FleeingMerchant","floor":22.0,"turns":4.0},{"damage":31.0,"enemies":"Slavers","floor":23.0,"turns":3.0},{"damage":59.0,"enemies":"Book of Stabbing","floor":26.0,"turns":3.0},{"damage":26.0,"enemies":"Shell Parasite","floor":29.0,"turns":5.0},{"damage":10.0,"enemies":"Snecko","floor":30.0,"turns":3.0},{"damage":44.0,"enemies":"downfall:Augmenter","floor":31.0,"turns":3.0},{"damage":2.0,"enemies":"Shelled Parasite and Fungi","floor":32.0,"turns":3.0},{"damage":55.0,"enemies":"downfall:Watcher","floor":33.0,"turns":4.0},{"damage":0.0,"enemies":"downfall:FleeingMerchant","floor":36.0,"turns":1.0},{"damage":93.0,"enemies":"Nemesis","floor":37.0,"turns":7.0},{"damage":116.0,"enemies":"Giant Head","floor":40.0,"turns":7.0},{"damage":14.0,"enemies":"Orb Walker","floor":42.0,"turns":2.0},{"damage":91.0,"enemies":"Reptomancer","floor":44.0,"turns":5.0},{"damage":90,"enemies":"3 Darklings","floor":45,"turns":6}],"seed_played":"-8513406303057571192","potions_obtained":[{"floor":2.0,"key":"champ:CounterPotion"},{"floor":10.0,"key":"sneckomod:MuddlingPotion"},{"floor":13.0,"key":"BlessingOfTheForge"},{"floor":15.0,"key":"DuplicationPotion"},{"floor":26.0,"key":"CultistPotion"}],"is_trial":false,"path_per_floor":["R","M","$","M","R","E","T","?","R","E","?","$","M","M","M","B",null,"R","M","E","?","$","E","T","R","E","R","?","M","M","?","M","B",null,"R","$","E","$","?","E","T","M","R","E","M"],"character_chosen":"THE_CHAMP","items_purchased":["Toolbox","champ:EndlessRage","Orrery","Apotheosis","Chemical X"],"campfire_rested":0,"item_purchase_floors":[3,12,22,36,38],"current_hp_per_floor":[90,90,90,90,90,78,78,63,63,53,56,56,56,50,50,46,90,90,90,81,87,87,96,96,96,96,96,102,102,102,107,107,107,107,107,107,107,107,107,68,74,74,84,10,0,0],"gold":126,"neow_bonus":"HUNDRED_GOLD","is_daily":false,"chose_seed":false,"campfire_upgraded":7,"win_rate":0.0,"timestamp":1608096058,"path_taken":["R","M","$","M","R","E","T","?","R","E","?","?","M","?","M","BOSS","R","M","E","?","$","E","T","R","E","R","?","?","M","?","M","BOSS","R","$","E","$","?","E","T","M","R","E","M"],"items_purchased_type":["Relic","Card","Relic","Card","Relic"],"build_version":"2020-12-13","purchased_purges":3,"victory":false,"max_hp_per_floor":[90,90,90,90,90,90,90,90,90,90,90,90,90,90,90,90,90,90,90,90,96,96,96,96,96,96,96,102,102,102,107,107,107,107,107,107,107,107,107,107,113,113,123,123,123,123],"relic_stats":{"Darkstone Periapt":18,"Regal Pillow":0,"counters":[28,110],"Cursed Key":1,"Question Card":2,"WarpedTongs":[36],"Centennial Puzzle":[69],"Nunchaku":[10],"Lizard Tail":61,"Busted Crown":10,"Sundial":[8],"Bronze Scales":[48],"Chemical X":[5],"obtain_stats":[{"Darkstone Periapt":8,"Regal Pillow":26,"downfall:HeartBlessingRed":43,"Guardian:GemstoneGun":6,"champ:ChampionCrown":0,"downfall:HeartBlessingGreen":27,"Cursed Key":17,"Question Card":40,"WarpedTongs":28,"Centennial Puzzle":7,"Nunchaku":20,"Lizard Tail":21,"Busted Crown":34,"Sundial":10,"downfall:HeartBlessingBlue":43,"MutagenicStrength":31,"Bronze Scales":37,"Toolbox":3,"Orrery":22,"Chemical X":38,"Bottled Lightning":44,"champ:FightingForDummies":23},{"Darkstone Periapt":5,"Regal Pillow":17,"downfall:HeartBlessingRed":26,"Guardian:GemstoneGun":4,"champ:ChampionCrown":0,"downfall:HeartBlessingGreen":17,"Cursed Key":12,"Question Card":25,"WarpedTongs":17,"Centennial Puzzle":4,"Nunchaku":14,"Lizard Tail":14,"Busted Crown":22,"Sundial":6,"downfall:HeartBlessingBlue":26,"MutagenicStrength":20,"Bronze Scales":24,"Toolbox":2,"Orrery":15,"Chemical X":24,"Bottled Lightning":27,"champ:FightingForDummies":16},{"Darkstone Periapt":17,"Regal Pillow":64,"downfall:HeartBlessingRed":99,"Guardian:GemstoneGun":13,"champ:ChampionCrown":0,"downfall:HeartBlessingGreen":64,"Cursed Key":46,"Question Card":97,"WarpedTongs":64,"Centennial Puzzle":13,"Nunchaku":54,"Lizard Tail":54,"Busted Crown":82,"Sundial":22,"downfall:HeartBlessingBlue":99,"MutagenicStrength":75,"Bronze Scales":90,"Toolbox":6,"Orrery":58,"Chemical X":90,"Bottled Lightning":104,"champ:FightingForDummies":61}]},"card_choices":[{"not_picked":["champ:Circumvent","champ:BringItOn"],"picked":"champ:Encircle","floor":2.0},{"not_picked":["champ:StanceDance","champ:Control"],"picked":"champ:Backstep","floor":3.0},{"not_picked":["champ:PerfectedStrike","champ:FlashCut"],"picked":"champ:FightOn","floor":4.0},{"not_picked":["champ:FocusedDefense","champ:FanOfKnives"],"picked":"champ:Encircle","floor":6.0},{"not_picked":["champ:BladeFlurry","champ:DeathBlow"],"picked":"champ:Backstep","floor":8.0},{"not_picked":["champ:CalledShot","champ:Lariat"],"picked":"champ:AdrenalArmor","floor":10.0},{"not_picked":["champ:Lariat","champ:AdrenalArmor"],"picked":"champ:SteelEdge","floor":11.0},{"not_picked":["champ:FanOfKnives","champ:FlashCut"],"picked":"champ:HeartStrike","floor":12.0},{"not_picked":["champ:Haymaker","champ:StanceDance"],"picked":"champ:Control","floor":13.0},{"not_picked":["champ:Encircle","champ:FanOfKnives"],"picked":"champ:AdrenalArmor","floor":14.0},{"not_picked":["champ:Encircle","champ:Balance","champ:StanceDance"],"picked":"SKIP","floor":15.0},{"not_picked":["champ:ShieldThrow","champ:CrownThrow"],"picked":"champ:PerfectForm","floor":16.0},{"not_picked":["champ:FanOfKnives+1","champ:BladeFlurry","champ:Circumvent"],"picked":"SKIP","floor":19.0},{"not_picked":["champ:DefensiveShout","champ:RisingSlash","champ:BringItOn"],"picked":"SKIP","floor":20.0},{"not_picked":["champ:DefensiveStyle","champ:IronFortress"],"picked":"champ:Circumvent+1","floor":22.0},{"not_picked":["champ:CrownThrow","champ:ShieldWall+1"],"picked":"champ:GutPunch+1","floor":22.0},{"not_picked":["champ:Encircle","champ:DeathBlow"],"picked":"champ:FalseCounter+1","floor":22.0},{"not_picked":["champ:RapidStrikes","champ:Haymaker"],"picked":"champ:Devastate","floor":22.0},{"not_picked":["champ:Haymaker","champ:PerfectedStrike"],"picked":"champ:TornadoPunch","floor":22.0},{"not_picked":["champ:BringItOn","champ:GutPunch"],"picked":"champ:BerserkersShout","floor":22.0},{"not_picked":["champ:Riposte","champ:EnragedBash"],"picked":"champ:StanceDance+1","floor":23.0},{"not_picked":["champ:BladeFlurry","champ:Backstep"],"picked":"champ:ShieldSlam","floor":26.0},{"not_picked":["champ:FanOfKnives","champ:AdrenalArmor","champ:Circumvent"],"picked":"SKIP","floor":29.0},{"not_picked":["champ:DeathBlow","champ:GladiatorsShout"],"picked":"champ:Lariat+1","floor":30.0},{"not_picked":["champ:Aggression","champ:GladiatorsShout"],"picked":"champ:CrookedStrike+1","floor":31.0},{"not_picked":[],"picked":"J.A.X.","floor":31.0},{"not_picked":["champ:PerfectedStrike","champ:Riposte","champ:DeathBlow"],"picked":"SKIP","floor":32.0},{"not_picked":["champ:DancingMaster","champ:StrikeOfGenius"],"picked":"champ:HeavySlash","floor":33.0},{"not_picked":["champ:Balance+1"],"picked":"SKIP","floor":36.0},{"not_picked":[],"picked":"champ:IronFortress+1","floor":37.0},{"not_picked":[],"picked":"champ:Circumvent+1","floor":40.0},{"not_picked":["champ:TornadoPunch"],"picked":"champ:FalseCounter+1","floor":42.0},{"not_picked":["champ:Encircle+1","champ:Balance"],"picked":"SKIP","floor":44.0}],"player_experience":1565876,"relics_obtained":[{"floor":6.0,"key":"Guardian:GemstoneGun"},{"floor":7.0,"key":"Centennial Puzzle"},{"floor":8.0,"key":"Darkstone Periapt"},{"floor":10.0,"key":"Sundial"},{"floor":20.0,"key":"Nunchaku"},{"floor":23.0,"key":"champ:FightingForDummies"},{"floor":26.0,"key":"Regal Pillow"},{"floor":31.0,"key":"MutagenicStrength"},{"floor":37.0,"key":"Bronze Scales"},{"floor":40.0,"key":"Question Card"},{"floor":44.0,"key":"Bottled Lightning"}],"event_choices":[{"damage_healed":0.0,"max_hp_gain":0.0,"max_hp_loss":0.0,"gold_gain":0.0,"event_name":"Addict","player_choice":"Stole Relic","floor":21.0,"gold_loss":0.0,"damage_taken":0.0,"relics_obtained":["Lizard Tail"],"cards_obtained":["Shame"]},{"damage_healed":0.0,"max_hp_gain":0.0,"max_hp_loss":0.0,"gold_gain":0.0,"event_name":"Accursed Blacksmith","player_choice":"Rummage","floor":28.0,"gold_loss":0.0,"damage_taken":0.0,"relics_obtained":["WarpedTongs"],"cards_obtained":["Pain"]}],"is_beta":false,"boss_relics":[{"not_picked":["champ:PowerArmor","SacredBark"],"picked":"Cursed Key"},{"not_picked":["Velvet Choker","Empty Cage"],"picked":"Busted Crown"}],"items_purged_floors":[12,22,36],"is_endless":false,"potions_floor_spawned":[2,10,13,14,15,23,26,29,33,37,42],"killed_by":"3 Darklings","ascension_level":4}}