{"host":"qwttrqaysb380yri","time":1608149895,"event":{"mods":["BaseMod","Custom Start","Minty Spire (QoL Compilation)","Puzzle Mod","Relic Stats","StSLib","The Cursed","The Hierophant"],"gold_per_floor":[109,121,135,152,152,186,186,186,210,238,238,238,238,238],"floor_reached":13,"playtime":382,"items_purged":[],"score":207,"play_id":"ed3da69c-c410-4bc5-9c8b-60eb340d8554","local_time":"20201216211815","is_ascension_mode":true,"campfire_choices":[{"data":"hierophant:PristineSoul","floor":8,"key":"SMITH"},{"floor":12,"key":"REST"}],"circlet_count":0,"master_deck":["AscendersBane","hierophant:Strike_Hierophant","hierophant:Strike_Hierophant","hierophant:Strike_Hierophant","hierophant:Strike_Hierophant","hierophant:Punish","hierophant:Defend_Hierophant","hierophant:Defend_Hierophant","hierophant:Defend_Hierophant","hierophant:Defend_Hierophant","hierophant:ChurchCoffers+1","hierophant:RepressedViolence+1","hierophant:Encroach","hierophant:FieryStrike","hierophant:ThreeLashes","hierophant:PristineSoul+1","hierophant:SealAway","hierophant:SealAway"],"relics":["hierophant:PropheticMaskRelic","Anchor","Lantern","Dream Catcher"],"acts_visited":["Exordium"],"potions_floor_usage":[6,10,13],"damage_taken":[{"damage":2,"enemies":"2 Louse","floor":1,"turns":2},{"damage":2,"enemies":"Jaw Worm","floor":2,"turns":3},{"damage":0,"enemies":"Small Slimes","floor":3,"turns":4},{"damage":5,"enemies":"Red Slaver","floor":4,"turns":4},{"damage":28,"enemies":"Lagavulin","floor":6,"turns":4},{"damage":0,"enemies":"3 Sentries","floor":10,"turns":7},{"damage":16,"enemies":"Gremlin Nob","floor":13,"turns":3}],"seed_played":"8260144186213080662","potions_obtained":[{"floor":2,"key":"SkillPotion"},{"floor":4,"key":"BlessingOfTheForge"},{"floor":6,"key":"DistilledChaos"}],"is_trial":false,"path_per_floor":["M","M","M","M","?","E","?","R","T","E","?","R","E"],"character_chosen":"HIEROPHANT","items_purchased":[],"campfire_rested":1,"item_purchase_floors":[],"current_hp_per_floor":[66,64,64,59,59,31,31,31,31,31,5,27,11,11],"gold":238,"neow_bonus":"UPGRADE_CARD","is_daily":false,"chose_seed":false,"campfire_upgraded":1,"win_rate":0.0,"timestamp":1608149895,"path_taken":["M","M","M","M","?","E","?","R","T","E","?","R","E"],"items_purchased_type":[],"build_version":"2020-12-13","purchased_purges":0,"victory":false,"max_hp_per_floor":[75,75,75,75,75,75,75,75,75,75,75,75,75,75],"relic_stats":{"Dream Catcher":1,"counters":[7,27],"obtain_stats":[{"Anchor":6,"Lantern":9,"Dream Catcher":10,"hierophant:PropheticMaskRelic":0},{"Anchor":5,"Lantern":5,"Dream Catcher":6,"hierophant:PropheticMaskRelic":0},{"Anchor":17,"Lantern":17,"Dream Catcher":24,"hierophant:PropheticMaskRelic":0}]},"card_choices":[{"not_picked":["hierophant:FlamingChariot","hierophant:Encroach"],"picked":"hierophant:RepressedViolence","floor":1},{"not_picked":["hierophant:Blessing","hierophant:OrnateBuckler"],"picked":"hierophant:Encroach","floor":2},{"not_picked":["hierophant:HolyVerse","hierophant:OrnateJavelin"],"picked":"hierophant:FieryStrike","floor":3},{"not_picked":["hierophant:Remorse","hierophant:Patience"],"picked":"hierophant:ThreeLashes","floor":4},{"not_picked":["hierophant:Blessing","hierophant:Patience"],"picked":"hierophant:PristineSoul","floor":6},{"not_picked":["hierophant:PassingBell","hierophant:Remorse"],"picked":"hierophant:SealAway","floor":10},{"not_picked":["hierophant:RustyCrate","hierophant:AuricBeam"],"picked":"hierophant:SealAway","floor":12}],"player_experience":1871706,"relics_obtained":[{"floor":6,"key":"Anchor"},{"floor":9,"key":"Lantern"},{"floor":10,"key":"Dream Catcher"}],"event_choices":[{"damage_healed":0,"gold_gain":0,"player_choice":"Ignored","damage_taken":0,"max_hp_gain":0,"max_hp_loss":0,"event_name":"Liars Game","floor":5,"gold_loss":0},{"damage_healed":0,"gold_gain":0,"player_choice":"Grow","damage_taken":0,"max_hp_gain":0,"max_hp_loss":0,"event_name":"Living Wall","floor":7,"gold_loss":0,"cards_upgraded":["hierophant:RepressedViolence"]},{"damage_healed":0,"gold_gain":0,"player_choice":"Fled","damage_taken":26,"max_hp_gain":0,"max_hp_loss":0,"event_name":"Scrap Ooze","floor":11,"gold_loss":0}],"is_beta":false,"boss_relics":[],"items_purged_floors":[],"is_endless":false,"potions_floor_spawned":[2,4,6],"killed_by":"Gremlin Nob","ascension_level":15}}