{"host":"6bsan6hkua32tfq7","time":1608105181,"event":{"mods":["BaseMod","Better Third Choice","Colored Map","Highlight Path","Minty Spire (QoL Compilation)","StSLib"],"gold_per_floor":[14,31,49,69,69,102,102,122,122,122,122,122],"floor_reached":11,"playtime":327,"items_purged":[],"score":150,"play_id":"5271cf8c-2847-4e7f-8457-c9627f670c85","local_time":"20201216085301","is_ascension_mode":true,"campfire_choices":[{"floor":7.0,"key":"REST"},{"data":"Wraith Form v2","floor":10.0,"key":"SMITH"}],"circlet_count":0,"master_deck":["AscendersBane","Strike_G","Strike_G","Strike_G+1","Strike_G+1","Strike_G","Defend_G","Defend_G","Defend_G","Defend_G","Defend_G","Survivor","Neutralize","Secret Weapon","Dagger Spray","Blade Dance","Wraith Form v2+1","Slice","Pain","PiercingWail"],"relics":["Ring of the Snake","WarpedTongs","Whetstone","White Beast Statue"],"acts_visited":["Exordium"],"potions_floor_usage":[11],"damage_taken":[{"damage":12.0,"enemies":"Cultist","floor":1.0,"turns":6.0},{"damage":1.0,"enemies":"Jaw Worm","floor":2.0,"turns":4.0},{"damage":0.0,"enemies":"2 Louse","floor":3.0,"turns":3.0},{"damage":0.0,"enemies":"Exordium Wildlife","floor":4.0,"turns":3.0},{"damage":35.0,"enemies":"Lagavulin","floor":6.0,"turns":9.0},{"damage":5.0,"enemies":"2 Fungi Beasts","floor":8.0,"turns":2.0},{"damage":34,"enemies":"Gremlin Nob","floor":11,"turns":4}],"seed_played":"-5167939561924886036","potions_obtained":[{"floor":2.0,"key":"Weak Potion"},{"floor":3.0,"key":"EssenceOfSteel"}],"is_trial":false,"path_per_floor":["M","M","M","M","?","E","R","M","T","R","E"],"character_chosen":"THE_SILENT","items_purchased":[],"campfire_rested":1,"item_purchase_floors":[],"current_hp_per_floor":[47,46,46,46,46,11,30,25,25,25,0,0],"gold":122,"neow_bonus":"RANDOM_COLORLESS_2","is_daily":false,"chose_seed":false,"campfire_upgraded":1,"win_rate":0.0,"timestamp":1608105181,"path_taken":["M","M","?","M","?","E","R","M","T","R","E"],"items_purchased_type":[],"build_version":"2020-12-13","purchased_purges":0,"victory":false,"max_hp_per_floor":[66,66,66,66,66,66,66,66,66,66,66,66],"card_choices":[{"not_picked":["Secret Technique","Violence"],"picked":"Secret Weapon","floor":0.0},{"not_picked":["Distraction","Flying Knee"],"picked":"Dagger Spray","floor":1.0},{"not_picked":["Backflip","Escape Plan"],"picked":"Blade Dance","floor":2.0},{"not_picked":["Tactician","Backflip"],"picked":"Wraith Form v2","floor":3.0},{"not_picked":["Bane","Catalyst"],"picked":"Slice","floor":4.0},{"not_picked":["Deadly Poison","Distraction","Storm of Steel"],"picked":"SKIP","floor":6.0},{"not_picked":["Bane","Backflip"],"picked":"PiercingWail","floor":8.0}],"player_experience":5173882,"relics_obtained":[{"floor":6.0,"key":"Whetstone"},{"floor":9.0,"key":"White Beast Statue"}],"event_choices":[{"damage_healed":0.0,"max_hp_gain":0.0,"max_hp_loss":0.0,"gold_gain":0.0,"event_name":"Accursed Blacksmith","player_choice":"Rummage","floor":5.0,"gold_loss":0.0,"damage_taken":0.0,"relics_obtained":["WarpedTongs"],"cards_obtained":["Pain"]}],"is_beta":false,"boss_relics":[],"items_purged_floors":[],"is_endless":false,"potions_floor_spawned":[2,3],"killed_by":"Gremlin Nob","ascension_level":20}}