{"host":"og6lam4kt3nibbw0","time":1608139031,"event":{"mods":["AchievementEnabler","BaseMod","Colored Map","DeckTracker","Highlight Path","Keyboard Shortcuts","Minty Spire (QoL Compilation)","Permanent Neow","Quick Restart","StSLib","SuperFastMode"],"gold_per_floor":[119,119,119,143,154,154,169,169,195,205,220,220,253,263,263,263,263],"floor_reached":16,"playtime":676,"items_purged":[],"score":254,"play_id":"e62da4c4-3e49-4f93-bbae-6a9aaace0421","local_time":"20201217021711","is_ascension_mode":true,"campfire_choices":[{"data":"Buffer","floor":8.0,"key":"SMITH"},{"data":"Dualcast","floor":12.0,"key":"SMITH"},{"data":"Turbo","floor":15.0,"key":"SMITH"}],"circlet_count":0,"master_deck":["Strike_B","Strike_B","Defend_B","Defend_B","Zap","Dualcast+1","AscendersBane","Meteor Strike","Turbo+1","Rebound","Buffer+1","Sweeping Beam","BootSequence","Undo","Coolheaded"],"relics":["Cracked Core","NeowsBlessing","Art of War","Oddly Smooth Stone","Darkstone Periapt"],"acts_visited":["Exordium"],"potions_floor_usage":[16],"damage_taken":[{"damage":0.0,"enemies":"Small Slimes","floor":1.0,"turns":1.0},{"damage":0.0,"enemies":"Jaw Worm","floor":5.0,"turns":1.0},{"damage":0.0,"enemies":"Cultist","floor":7.0,"turns":1.0},{"damage":0.0,"enemies":"Large Slime","floor":10.0,"turns":5.0},{"damage":0.0,"enemies":"Gremlin Gang","floor":11.0,"turns":2.0},{"damage":0.0,"enemies":"Lagavulin","floor":13.0,"turns":6.0},{"damage":13.0,"enemies":"Exordium Thugs","floor":14.0,"turns":6.0},{"damage":51,"enemies":"Hexaghost","floor":16,"turns":10}],"seed_played":"-3142320023192377881","potions_obtained":[{"floor":1.0,"key":"Explosive Potion"},{"floor":5.0,"key":"DuplicationPotion"},{"floor":10.0,"key":"SneckoOil"}],"is_trial":false,"path_per_floor":["M","?","?","T","M","?","M","R","T","M","M","R","E","M","R","B"],"character_chosen":"DEFECT","items_purchased":[],"campfire_rested":0,"item_purchase_floors":[],"current_hp_per_floor":[64,64,57,57,57,57,57,57,57,57,57,57,57,44,44,0,0],"gold":263,"neow_bonus":"THREE_ENEMY_KILL","is_daily":false,"chose_seed":false,"campfire_upgraded":3,"win_rate":0.0,"timestamp":1608139031,"path_taken":["M","?","?","?","?","?","?","R","T","M","M","R","E","M","R","BOSS"],"items_purchased_type":[],"build_version":"2020-12-13","purchased_purges":0,"victory":false,"max_hp_per_floor":[71,71,71,71,71,71,71,71,71,71,71,71,71,71,71,71,71],"card_choices":[{"not_picked":["Sunder","Ball Lightning"],"picked":"Rebound","floor":1.0},{"not_picked":["Beam Cell","Rebound","Gash"],"picked":"SKIP","floor":5.0},{"not_picked":["Lockon","Leap","Beam Cell"],"picked":"SKIP","floor":7.0},{"not_picked":["Static Discharge","Barrage","Conserve Battery"],"picked":"SKIP","floor":10.0},{"not_picked":["Meteor Strike","Blizzard"],"picked":"BootSequence","floor":11.0},{"not_picked":["Gash","Reprogram"],"picked":"Undo","floor":13.0},{"not_picked":["Auto Shields","Steam"],"picked":"Coolheaded","floor":14.0}],"player_experience":773001,"relics_obtained":[{"floor":4.0,"key":"Art of War"},{"floor":9.0,"key":"Oddly Smooth Stone"},{"floor":13.0,"key":"Darkstone Periapt"}],"event_choices":[{"cards_removed":["Strike_B"],"damage_healed":0.0,"max_hp_gain":0.0,"max_hp_loss":0.0,"gold_gain":0.0,"event_name":"Living Wall","player_choice":"Forget","floor":2.0,"gold_loss":0.0,"damage_taken":0.0},{"cards_removed":["Defend_B"],"damage_healed":0.0,"max_hp_gain":0.0,"max_hp_loss":0.0,"gold_gain":0.0,"event_name":"Golden Wing","player_choice":"Card Removal","floor":3.0,"gold_loss":0.0,"damage_taken":7.0},{"damage_healed":0.0,"max_hp_gain":0.0,"max_hp_loss":0.0,"gold_gain":0.0,"event_name":"Match and Keep!","player_choice":"2 cards matched","floor":6.0,"gold_loss":0.0,"damage_taken":0.0,"cards_obtained":["Buffer","Sweeping Beam"]}],"is_beta":false,"boss_relics":[],"items_purged_floors":[],"is_endless":false,"potions_floor_spawned":[1,5,10],"killed_by":"Hexaghost","ascension_level":20}}