{"host":"llpusn9usp8rznkj","time":1608108176,"event":{"mods":["2.2 Compatiblity","BaseMod","Colored Map","Colored Powertips","Conspire","Downfall","Hubris","Minty Spire (QoL Compilation)","Rare Cards Sparkle","Replay The Spire","StSLib","The Cursed"],"gold_per_floor":[110,110,185,185,202,233,246,280,280,311,68,83,15,31,31,104,104,118,118,168,51,62,62,62,62],"floor_reached":24,"playtime":1044,"items_purged":["Strike_B","Voices"],"score":503,"play_id":"0a864a2f-b38b-4db3-a70b-5bd142d8af8b","local_time":"20201216034256","is_ascension_mode":true,"campfire_choices":[{"floor":15,"key":"REST"},{"floor":23,"key":"REST"}],"circlet_count":0,"master_deck":["AscendersBane","Strike_B","Strike_B","Defend_B","Defend_B","Defend_B+1","Defend_B","Zap","Dualcast","Doom and Gloom","Panic Button","Conserve Battery","Coolheaded","Cold Snap","Darkness","Fission","Biased Cognition","Heatsinks","Cold Snap"],"relics":["Cracked Core","NeowsBlessing","TungstenRod","conspire:Flyswatter","Mango","Blue Doll","Replay:Frozen Program","hubris:RunicObelisk","ReplayTheSpireMod:CursedCoin","Nunchaku"],"acts_visited":["Exordium","TheCity"],"potions_floor_usage":[8,8,16,18],"damage_taken":[{"damage":0,"enemies":"Small Slimes","floor":1,"turns":1},{"damage":0,"enemies":"2 Louse","floor":5,"turns":1},{"damage":0,"enemies":"3 Sentries","floor":6,"turns":1},{"damage":0,"enemies":"Cultist","floor":7,"turns":3},{"damage":19,"enemies":"Lagavulin","floor":8,"turns":5},{"damage":22,"enemies":"3 Sentries","floor":10,"turns":9},{"damage":5,"enemies":"Exordium Thugs","floor":12,"turns":4},{"damage":0,"enemies":"2 Fungi Beasts","floor":14,"turns":4},{"damage":44,"enemies":"Fading Forest","floor":16,"turns":13},{"damage":6,"enemies":"3 Byrds","floor":18,"turns":5},{"damage":24,"enemies":"Shell Parasite","floor":22,"turns":7},{"damage":46,"enemies":"Slavers","floor":24,"turns":5}],"seed_played":"-3054550987515940021","potions_obtained":[{"floor":1,"key":"Toxic Potion"},{"floor":7,"key":"Energy Potion"},{"floor":10,"key":"Strength Potion"},{"floor":16,"key":"PowerPotion"}],"is_trial":false,"path_per_floor":["M","?","?","?","M","E","M","E","T","E","$","M","$","M","R","B",null,"M","?","?","$","M","R","E"],"character_chosen":"DEFECT","items_purchased":["Replay:Frozen Program","Fission","ReplayTheSpireMod:CursedCoin","Nunchaku"],"campfire_rested":2,"item_purchase_floors":[11,13,21,21],"current_hp_per_floor":[64,64,53,53,53,53,53,34,48,26,26,21,21,21,46,26,70,64,40,40,40,16,43,0,0],"gold":62,"neow_bonus":"THREE_ENEMY_KILL","is_daily":false,"chose_seed":false,"campfire_upgraded":0,"win_rate":0.0,"timestamp":1608108176,"path_taken":["M","?","?","?","M","E","M","E","T","E","$","?","?","M","R","BOSS","M","?","?","$","M","R","E"],"items_purchased_type":["Relic","Card","Relic","Relic"],"build_version":"2020-12-13","purchased_purges":2,"victory":false,"max_hp_per_floor":[71,71,71,71,71,71,71,71,85,85,85,85,85,85,85,85,85,85,90,90,90,90,90,90,90],"card_choices":[{"not_picked":["FIFO Queue","Turbo"],"picked":"Doom and Gloom","floor":1},{"not_picked":["Beam Cell","Thunder Strike"],"picked":"Panic Button","floor":5},{"not_picked":["Sweeping Beam","BasicCrystalCard"],"picked":"Conserve Battery","floor":6},{"not_picked":["BasicCrystalCard","Aggregate"],"picked":"Coolheaded","floor":7},{"not_picked":["Conserve Battery","All For One"],"picked":"Cold Snap","floor":8},{"not_picked":["Conserve Battery","Storm"],"picked":"Darkness","floor":10},{"not_picked":["BasicCrystalCard","Chaos","Sweeping Beam"],"picked":"SKIP","floor":12},{"not_picked":["Conserve Battery","ReplaySort","ReplayTheSpireMod:Repulse"],"picked":"SKIP","floor":14},{"not_picked":["ReplayTheSpireMod:Omega Cannon","hubris:SpecializedCircuitry"],"picked":"Biased Cognition","floor":16},{"not_picked":["Steam","ReplayGash"],"picked":"Heatsinks","floor":18},{"not_picked":["Compile Driver","Lockon+1"],"picked":"Cold Snap","floor":22}],"player_experience":975757,"relics_obtained":[{"floor":6,"key":"TungstenRod"},{"floor":8,"key":"conspire:Flyswatter"},{"floor":9,"key":"Mango"},{"floor":10,"key":"Blue Doll"}],"event_choices":[{"damage_healed":0,"gold_gain":75,"player_choice":"Gather Gold","damage_taken":11,"max_hp_gain":0,"max_hp_loss":0,"event_name":"World of Goop","floor":3,"gold_loss":0},{"cards_removed":["Strike_B"],"damage_healed":0,"gold_gain":0,"player_choice":"Purged","damage_taken":0,"max_hp_gain":0,"max_hp_loss":0,"event_name":"Purifier","floor":4,"gold_loss":0},{"damage_healed":0,"gold_gain":0,"player_choice":"Shed Blood","damage_taken":30,"max_hp_gain":5,"max_hp_loss":0,"event_name":"Forgotten Altar","floor":19,"gold_loss":0},{"damage_healed":0,"gold_gain":50,"player_choice":"Stole From Cult","damage_taken":0,"max_hp_gain":0,"max_hp_loss":0,"event_name":"Nest","floor":20,"gold_loss":0}],"is_beta":false,"boss_relics":[{"not_picked":["ChewingGum","hubris:BlackHole"],"picked":"hubris:RunicObelisk"}],"items_purged_floors":[11,21],"is_endless":false,"potions_floor_spawned":[1,7,10,16],"killed_by":"Slavers","ascension_level":20}}