{"host":"lr6jl9y0sxrydup9","time":1608098074,"event":{"mods":["Astrologer","BaseMod","BetterRewards","Colored Powertips","Downfall","Friendly Minions","Hermit","Hubris","Marisa????????","Minty Spire (QoL Compilation)","Reworked Bosses","StSLib","Synergy Search","The Administrix","The Animator","The Cursed","The Disciple","The Poker Player","The Runesmith","The Senshi","The Servant 0.9.4","Yohane!","Yuri Mod"],"gold_per_floor":[99,99,116,150,162,87,142,154,181,223,252,277,309,4,19,122,122,47,74,74,74,74,85,85,99,99,99,118,218,235,235,254,353,353,353,381,398,414,414,414,437,437,40,40,59,73,66,118,136,136],"floor_reached":51,"playtime":4989,"items_purged":["Slimebound:Strike_Slimebound","Slimebound:Defend_Slimebound"],"score":732,"play_id":"7a283240-4cdc-4582-981a-f9a7af8b8f1f","local_time":"20201216155434","is_ascension_mode":false,"campfire_choices":[{"floor":1,"key":"RECALL"},{"data":"Slimebound:Split","floor":6,"key":"SMITH"},{"floor":8,"key":"REST"},{"data":"Slimebound:LeadByExample","floor":18,"key":"SMITH"},{"data":"hermit:Determination","floor":22,"key":"SMITH"},{"floor":27,"key":"REST"},{"data":"Slimebound:SlimeSlap","floor":35,"key":"SMITH"},{"floor":39,"key":"REST"},{"floor":42,"key":"REST"},{"data":"Slimebound:GrowthPunch","floor":44,"key":"SMITH"}],"circlet_count":0,"master_deck":["Slimebound:Tackle","Slimebound:Defend_Slimebound","Slimebound:Defend_Slimebound","Slimebound:Defend_Slimebound","Slimebound:Split+1","Slimebound:CorrosiveSpit","Slimebound:RallyTheTroops","Slimebound:SpikyOuterGoop","Slimebound:SlimeSpikes+1","Slimebound:GrowthPunch+1","Slimebound:LeadByExample+1","Slimebound:MegaLick","Slimebound:SplitAcid+1","Slimebound:LevelUp","Slimebound:SplitLeeching","Slimebound:MassRepurpose","Slimebound:MegaLick","Slimebound:PressTheAttack","Slimebound:OneTwoCombo","Slimebound:SlimeTap","hermit:Determination+1","Slimebound:GoopSpray","Slimebound:LeechingTouch","Slimebound:RainOfGoop","Slimebound:Tackle+1","Slimebound:Tackle+1","Slimebound:Tackle+1","Slimebound:PressTheAttack+1","Slimebound:SlimeSlap+1","Slimebound:Equalize","Slimebound:LeechEnergy+1","Slimebound:Gluttony+1","Slimebound:HauntingLick","Slimebound:LeechLife","Slimebound:Prepare","Slimebound:WasteNot","Slimebound:ProtectTheBoss","Slimebound:FormOfPuddle+1","Slimebound:FirmFortitude","Slimebound:SplitMire","Slimebound:SlimeBrawl","Slimebound:SlimeBarrage+1","Slimebound:ViciousTackle"],"relics":["Slimebound:AbsorbEndCombat","Strawberry","downfall:HeartBlessingRed","MawBank","Odd Mushroom","Slimebound:AggressiveSlimeRelic","hubris:TerracottaHorce","downfall:HeartBlessingBlue","War Paint","hubris:Towel","Matryoshka","Slimebound:TarBlob","Toy Ornithopter","downfall:TeleportStone","Bronze Scales","Oddly Smooth Stone","hubris:EmptyBottle","CatCart"],"acts_visited":["Exordium","TheCity","TheBeyond"],"potions_floor_usage":[16,36,47,47],"damage_taken":[{"damage":6,"enemies":"Cultist","floor":3,"turns":4},{"damage":47,"enemies":"Lagavulin","floor":4,"turns":8},{"damage":7,"enemies":"Small Slimes","floor":5,"turns":4},{"damage":12,"enemies":"Jaw Worm","floor":9,"turns":4},{"damage":42,"enemies":"Gremlin Nob","floor":10,"turns":5},{"damage":8,"enemies":"2 Fungi Beasts","floor":11,"turns":4},{"damage":4,"enemies":"3 Louse","floor":12,"turns":2},{"damage":28,"enemies":"The Mushroom Lair","floor":13,"turns":5},{"damage":12,"enemies":"downfall:FleeingMerchant","floor":14,"turns":4},{"damage":21,"enemies":"Blue Slaver","floor":15,"turns":3},{"damage":53,"enemies":"downfall:Ironclad","floor":16,"turns":9},{"damage":37,"enemies":"Gremlin Leader","floor":19,"turns":5},{"damage":15,"enemies":"Spheric Guardian","floor":23,"turns":2},{"damage":15,"enemies":"Chosen","floor":25,"turns":3},{"damage":38,"enemies":"Snake Plant","floor":28,"turns":3},{"damage":16,"enemies":"3 Cultists","floor":30,"turns":3},{"damage":21,"enemies":"Centurion and Healer","floor":32,"turns":4},{"damage":66,"enemies":"downfall:Watcher","floor":33,"turns":8},{"damage":67,"enemies":"Reptomancer","floor":36,"turns":5},{"damage":12,"enemies":"3 Shapes","floor":37,"turns":4},{"damage":37,"enemies":"Orb Walker","floor":38,"turns":4},{"damage":24,"enemies":"downfall:FleeingMerchant","floor":43,"turns":4},{"damage":50,"enemies":"4 Shapes","floor":45,"turns":3},{"damage":44,"enemies":"Transient","floor":46,"turns":5},{"damage":29,"enemies":"downfall:FleeingMerchant","floor":47,"turns":3},{"damage":85,"enemies":"Orin","floor":48,"turns":6},{"damage":34,"enemies":"3 Darklings","floor":49,"turns":3},{"damage":109,"enemies":"downfall:Silent","floor":50,"turns":8}],"seed_played":"-4115071831283536035","potions_obtained":[{"floor":5,"key":"SkillPotion"},{"floor":9,"key":"SteroidPotion"},{"floor":11,"key":"Explosive Potion"},{"floor":19,"key":"Ancient Potion"},{"floor":26,"key":"CultistPotion"},{"floor":37,"key":"Swift Potion"}],"is_trial":false,"path_per_floor":["R","T","M","E","M","R","T","R","M","E","M","M","?","$","M","B",null,"R","E","?","?","R","M","T","M","?","R","M","?","M","?","M","B",null,"R","E","M","M","R","?","T","R","$","R","M","M","$","?","M","B",null],"character_chosen":"SLIMEBOUND","items_purchased":["Slimebound:AggressiveSlimeRelic","Slimebound:MegaLick","Slimebound:LeechLife","Slimebound:Prepare","hubris:EmptyBottle","Slimebound:FirmFortitude","Slimebound:SplitMire","Slimebound:SlimeBrawl","LiquidBronze"],"campfire_rested":4,"item_purchase_floors":[14,14,43,43,43,47,47,47,47],"current_hp_per_floor":[54,54,54,26,25,25,25,43,43,15,23,25,13,17,30,17,50,60,57,57,57,57,58,58,55,55,71,55,55,63,63,71,43,64,64,21,37,26,47,47,47,68,71,71,53,67,62,53,51,22],"gold":136,"neow_bonus":"THREE_RARE_CARDS","is_daily":false,"chose_seed":false,"campfire_upgraded":5,"win_rate":0.0,"timestamp":1608098074,"path_taken":["R","?","?","E","M","R","T","R","M","E","M","M","?","$","M","BOSS","R","E","?","?","R","M","T","M","?","R","M","?","?","?","M","BOSS","R","E","M","M","R","?","T","R","$","R","M","M","?","?","M","BOSS"],"items_purchased_type":["Relic","Card","Card","Card","Relic","Card","Card","Card","Potion"],"build_version":"2020-12-13","purchased_purges":2,"victory":true,"max_hp_per_floor":[54,54,54,61,61,61,61,61,61,61,61,61,61,61,61,61,61,71,71,71,71,71,71,71,71,71,71,71,71,71,71,71,71,71,71,71,71,71,71,71,71,71,71,71,71,71,71,71,71,71],"card_choices":[{"not_picked":["Slimebound:DuplicatedForm","Slimebound:Overexert"],"picked":"Slimebound:RallyTheTroops","floor":0},{"not_picked":["Slimebound:Schlurp","Slimebound:Grow"],"picked":"Slimebound:SpikyOuterGoop","floor":3},{"not_picked":["Slimebound:FinishingTackle","Slimebound:SamplingLick"],"picked":"Slimebound:SlimeSpikes","floor":4},{"not_picked":["Slimebound:Schlurp","Slimebound:SlimeSpikes"],"picked":"Slimebound:GrowthPunch","floor":5},{"not_picked":["Slimebound:LeechingTouch","Slimebound:GrowthPunch"],"picked":"Slimebound:LeadByExample","floor":9},{"not_picked":["Slimebound:HauntingLick","Slimebound:TongueLash"],"picked":"Slimebound:MegaLick","floor":10},{"not_picked":["Slimebound:FinishingTackle","Slimebound:ViciousTackle"],"picked":"Slimebound:SplitAcid","floor":11},{"not_picked":["Slimebound:SplitLeeching","Slimebound:SamplingLick"],"picked":"Slimebound:LevelUp","floor":12},{"not_picked":["Slimebound:Grow","Slimebound:Schlurp"],"picked":"Slimebound:SplitLeeching","floor":13},{"not_picked":["Slimebound:SamplingLick","Slimebound:Equalize"],"picked":"Slimebound:MassRepurpose","floor":14},{"not_picked":["Slimebound:SamplingLick","Slimebound:Chomp"],"picked":"Slimebound:PressTheAttack","floor":15},{"not_picked":["Slimebound:MinionMaster","Slimebound:Teamwork"],"picked":"Slimebound:OneTwoCombo","floor":16},{"not_picked":["Slimebound:GrowthPunch","Slimebound:LevelUp+1"],"picked":"Slimebound:SlimeTap","floor":19},{"not_picked":["Slimebound:SlimeSpikes","Slimebound:ComboTackle"],"picked":"Slimebound:GoopSpray","floor":23},{"not_picked":["Slimebound:GoopSpray","Slimebound:DisruptingSlam","Slimebound:FinishingTackle"],"picked":"SKIP","floor":25},{"not_picked":["Slimebound:GrowthPunch","Slimebound:SplitMire"],"picked":"Slimebound:LeechingTouch","floor":28},{"not_picked":["Slimebound:SlimeSpikes","Slimebound:LeechingTouch"],"picked":"Slimebound:RainOfGoop","floor":30},{"not_picked":["Slimebound:LeadByExample","Slimebound:GoopTackle"],"picked":"Slimebound:PressTheAttack+1","floor":32},{"not_picked":["Slimebound:MassRepurpose","Slimebound:OneTwoCombo"],"picked":"Slimebound:SlimeSlap","floor":33},{"not_picked":["Slimebound:Schlurp+1","Slimebound:FinishingTackle"],"picked":"Slimebound:Equalize","floor":36},{"not_picked":["Slimebound:Replication+1","Slimebound:FinishingTackle"],"picked":"Slimebound:LeechEnergy+1","floor":37},{"not_picked":["Slimebound:GoopTackle+1","Slimebound:GrowthPunch+1"],"picked":"Slimebound:Gluttony+1","floor":38},{"not_picked":["Slimebound:GoopSpray","Slimebound:DuplicatedForm"],"picked":"Slimebound:HauntingLick","floor":43},{"not_picked":["Slimebound:SlimeSpikes","Slimebound:PressTheAttack"],"picked":"Slimebound:WasteNot","floor":45},{"not_picked":["Slimebound:FinishingTackle","Slimebound:Gluttony"],"picked":"Slimebound:ProtectTheBoss","floor":46},{"not_picked":["Slimebound:SplitAcid","Slimebound:LeechEnergy+1"],"picked":"Slimebound:FormOfPuddle+1","floor":47},{"not_picked":["Slimebound:MinionMaster","Slimebound:SplitLeeching"],"picked":"Slimebound:SlimeBarrage+1","floor":48},{"not_picked":["Slimebound:GrowthPunch","Slimebound:GoopSpray+1"],"picked":"Slimebound:ViciousTackle","floor":49}],"player_experience":113360,"relics_obtained":[{"floor":4,"key":"Strawberry"},{"floor":7,"key":"MawBank"},{"floor":13,"key":"Odd Mushroom"},{"floor":19,"key":"War Paint"},{"floor":24,"key":"Matryoshka"},{"floor":36,"key":"Toy Ornithopter"},{"floor":41,"key":"Bronze Scales"},{"floor":41,"key":"Oddly Smooth Stone"},{"floor":48,"key":"CatCart"}],"event_choices":[{"damage_healed":0,"gold_gain":0,"player_choice":"Fought Mushrooms","damage_taken":0,"max_hp_gain":0,"max_hp_loss":0,"event_name":"Mushrooms","floor":13,"gold_loss":0},{"damage_healed":0,"gold_gain":0,"player_choice":"Read","damage_taken":0,"max_hp_gain":0,"max_hp_loss":0,"event_name":"The Library","floor":20,"gold_loss":0,"cards_obtained":["hermit:Determination"]},{"damage_healed":0,"gold_gain":0,"player_choice":"Fight","damage_taken":0,"max_hp_gain":0,"max_hp_loss":0,"event_name":"OrinTheCat","floor":48,"gold_loss":0}],"is_beta":false,"boss_relics":[{"not_picked":["Runic Dome","Velvet Choker"],"picked":"hubris:TerracottaHorce"},{"not_picked":["Empty Cage","hubris:BlackHole"],"picked":"Slimebound:TarBlob"}],"items_purged_floors":[14,47],"is_endless":false,"potions_floor_spawned":[5,9,11,15,19,30,32,37,46,48,49],"ascension_level":0}}