{"host":"std4gn17fijhzeq4","time":1608141451,"event":{"mods":["BaseMod","Minty Spire (QoL Compilation)","Replay The Spire","StSLib"],"gold_per_floor":[99,99,99,110,129,161,161,172,172,172,182,182,211,221,221,294,294,312,312,328,348,184,184,184,184,208,238,238,250,250,250,250],"floor_reached":31,"playtime":756,"items_purged":[],"score":751,"play_id":"eb2411a5-7f78-4e8f-a38e-eb4f8bb9aa14","local_time":"20201216125731","daily_mods":["Allstar","Green Cards","Lethality"],"is_ascension_mode":true,"campfire_choices":[{"data":"Replay:Undeath\u0027s Touch","floor":10,"key":"SMITH"},{"data":"Well Laid Plans","floor":15,"key":"SMITH"},{"data":"Replay:Sssssssssshield","floor":23,"key":"SMITH"},{"data":"Wraith Form v2","floor":25,"key":"SMITH"}],"circlet_count":0,"master_deck":["Demon Form","Wraith Form v2+1","Echo Form","DevaForm+1","AscendersBane","Defend_R","Defend_R","Defend_R","Defend_R","Bash","ReplayTheSpireMod:Necrogeddon","Apotheosis+1","ReplayTheSpireMod:Uncanny Aura","Finesse","Survey Options","Poisoned Strike","Secret Technique","Replay:Sssssssssshield","Replay:Sssssssssshield+1","Dagger Throw","Sword Boomerang","Dodge and Roll","Sadistic Nature+1","Replay:Undeath\u0027s Touch+1","Entrench","Body Slam","Well Laid Plans+1","Sword Boomerang","Limit Break","Draining Mist","Shrug It Off+1","Bite","Bite","Bite","Bite","Bite","Decay","Pot Of Greed","Pot Of Greed","Pot Of Greed","Pot Of Greed","Decay"],"relics":["Snecko Eye","Unceasing Top","Busted Crown","Ring of Chaos","replay:Trail_Library","NeowsBlessing","Matryoshka","Oddly Smooth Stone","Iron Hammer","NeowsBlessing","Replay:Kaleidoscope","Replay:Grab Bag","Cursed Key","Mark of Pain","Snecko Heart","SlaversCollar","NeowsBlessing","Guide Book","ReplayTheSpireMod:Spearhead","Pet Ghost","Grinning Jar","NeowsBlessing"],"acts_visited":["Exordium","TheCity"],"potions_floor_usage":[],"damage_taken":[{"damage":0,"enemies":"2 Louse","floor":4,"turns":1},{"damage":0,"enemies":"Jaw Worm","floor":5,"turns":1},{"damage":0,"enemies":"Gremlin Nob","floor":6,"turns":1},{"damage":0,"enemies":"Small Slimes","floor":8,"turns":2},{"damage":0,"enemies":"2 Fungi Beasts","floor":11,"turns":2},{"damage":0,"enemies":"3 Sentries","floor":13,"turns":1},{"damage":0,"enemies":"Blue Slaver","floor":14,"turns":1},{"damage":0,"enemies":"Slime Boss","floor":16,"turns":1},{"damage":0,"enemies":"Spheric Guardian","floor":18,"turns":1},{"damage":0,"enemies":"Chosen","floor":20,"turns":1},{"damage":0,"enemies":"Shelled Parasite and Fungi","floor":21,"turns":1},{"damage":0,"enemies":"Gremlin Leader","floor":27,"turns":1},{"damage":0,"enemies":"Snake Plant","floor":29,"turns":1},{"damage":2,"enemies":"Chosen and Byrds","floor":31,"turns":1}],"seed_played":"-917822397742730854","potions_obtained":[{"floor":5,"key":"Energy Potion"},{"floor":6,"key":"Explosive Potion"}],"is_trial":true,"path_per_floor":["WH","$","WH","M","M","E","?","M","T","R","M","WH","E","M","R","B",null,"M","WH","M","M","$","R","?","R","T","E","?","M","WH","M"],"character_chosen":"IRONCLAD","items_purchased":["Guide Book"],"campfire_rested":0,"item_purchase_floors":[22],"current_hp_per_floor":[1,1,1,1,1,1,1,1,1,1,1,1,1,1,1,1,1,1,1,1,1,1,1,1,1,1,1,1,1,1,0,0],"gold":250,"neow_bonus":"THREE_ENEMY_KILL","is_daily":false,"chose_seed":false,"campfire_upgraded":4,"win_rate":0.0,"timestamp":1608141451,"path_taken":["WH","$","WH","M","M","E","?","M","T","R","M","WH","E","M","R","BOSS","M","WH","M","M","$","R","?","R","T","E","?","M","WH","M"],"items_purchased_type":["Relic"],"build_version":"2020-12-13","purchased_purges":0,"victory":false,"max_hp_per_floor":[1,1,1,1,1,1,1,1,1,1,1,1,1,1,1,1,1,1,1,1,1,1,1,1,1,1,1,1,1,1,1,1],"card_choices":[{"not_picked":[],"picked":"Dagger Throw","floor":4},{"not_picked":[],"picked":"Sword Boomerang","floor":5},{"not_picked":[],"picked":"Dodge and Roll","floor":6},{"not_picked":[],"picked":"Replay:Undeath\u0027s Touch","floor":8},{"not_picked":[],"picked":"Body Slam","floor":11},{"not_picked":[],"picked":"Well Laid Plans","floor":13},{"not_picked":[],"picked":"Sword Boomerang","floor":14},{"not_picked":[],"picked":"Limit Break","floor":16},{"not_picked":["Thunderclap"],"picked":"SKIP","floor":18},{"not_picked":[],"picked":"Draining Mist","floor":20},{"not_picked":[],"picked":"Shrug It Off+1","floor":21},{"not_picked":["Intimidate"],"picked":"SKIP","floor":27},{"not_picked":["Toxin Wave"],"picked":"SKIP","floor":29}],"player_experience":336262,"relics_obtained":[{"floor":6,"key":"Matryoshka"},{"floor":9,"key":"Oddly Smooth Stone"},{"floor":9,"key":"Iron Hammer"},{"floor":13,"key":"Replay:Kaleidoscope"},{"floor":26,"key":"ReplayTheSpireMod:Spearhead"},{"floor":26,"key":"Pet Ghost"},{"floor":27,"key":"Grinning Jar"}],"event_choices":[{"damage_healed":0,"gold_gain":0,"player_choice":"Became a vampire","damage_taken":0,"max_hp_gain":0,"max_hp_loss":0,"event_name":"Vampires","floor":24,"gold_loss":0,"cards_obtained":["Bite","Bite","Bite","Bite","Bite"]}],"is_beta":false,"boss_relics":[{"not_picked":["Painkiller Herb","Replay:Bronze Core"],"picked":"Replay:Grab Bag"},{"not_picked":["Velvet Choker","Ectoplasm"],"picked":"Cursed Key"},{"not_picked":["Fusion Hammer","Abe\u0027s Treasure"],"picked":"Mark of Pain"},{"not_picked":["Empty Cage","Runic Cube"],"picked":"Snecko Heart"},{"not_picked":["Runic Pyramid","Kintsugi"],"picked":"SlaversCollar"}],"items_purged_floors":[],"is_endless":false,"potions_floor_spawned":[5,6,14,16,18,20,29],"killed_by":"Chosen and Byrds","ascension_level":20}}