{"host":"0cm5wy4nhuju7tij","time":1608110388,"event":{"mods":["2.2 Compatiblity","AchievementEnabler","BaseMod","Better Third Choice","BetterRewards","Colored Powertips","Curses Come First","Custom Start","Displayed Cursed Tome","Downfall","Energized Spire","Filter the Spire","Fireblade Mod","Highlight Path","Minty Spire (QoL Compilation)","Permanent Neow","Railgun Mod","Robot Space Explorer","Shop Mod","Spicy Shops","StSLib","The Mystic","The Servant 0.9.4"],"gold_per_floor":[118,133,153,153,53,53,70,70,95,115,115,128,153,72,72,173,173,188,188,202,202,202,202,202,202],"floor_reached":24,"playtime":1590,"items_purged":["Strike_S"],"score":206,"play_id":"df18d783-ffb4-433c-a35a-cebad52ddbf7","local_time":"20201216041948","is_ascension_mode":true,"campfire_choices":[{"data":"MoonPhase","floor":6,"key":"SMITH"},{"data":"Sunlight","floor":8,"key":"SMITH"},{"data":"Potential","floor":11,"key":"SMITH"},{"floor":15,"key":"REST"},{"floor":23,"key":"REST"}],"circlet_count":0,"master_deck":["Strike_S+1","Strike_S","Strike_S+1","Defend_S","Defend_S","Defend_S","KidneyShot","Exchange","Sunlight+1","Manipulate","MoonPhase+1","Unruled","BottledTime","FastForward","Potential+1","Embodiment","Contraction","BestPractice","Initiator","Alleviate","SurpressingFire","Advance+1"],"relics":["Uniform","Blood Vial","Odd Mushroom","Whetstone","energizedSpire:EnergizedDie"],"acts_visited":["Exordium","TheCity"],"potions_floor_usage":[24],"damage_taken":[{"damage":0,"enemies":"Small Slimes","floor":1,"turns":3},{"damage":2,"enemies":"2 Louse","floor":2,"turns":3},{"damage":6,"enemies":"Jaw Worm","floor":3,"turns":4},{"damage":9,"enemies":"Looter","floor":7,"turns":3},{"damage":4,"enemies":"The Mushroom Lair","floor":10,"turns":3},{"damage":8,"enemies":"Exordium Wildlife","floor":12,"turns":4},{"damage":10,"enemies":"Lagavulin","floor":13,"turns":6},{"damage":2,"enemies":"Slime Boss","floor":16,"turns":12},{"damage":14,"enemies":"Shell Parasite","floor":18,"turns":6},{"damage":12,"enemies":"Chosen","floor":20,"turns":7},{"damage":28,"enemies":"Snake Plant","floor":21,"turns":6},{"damage":49,"enemies":"Book of Stabbing","floor":24,"turns":6}],"seed_played":"8184245109169148586","potions_obtained":[{"floor":1,"key":"Ancient Potion"},{"floor":2,"key":"Explosive Potion"},{"floor":12,"key":"Strength Potion"},{"floor":16,"key":"Fruit Juice"}],"is_trial":false,"path_per_floor":["M","M","M","?","$","R","M","R","T","?","R","M","E","$","R","B",null,"M","?","M","M","?","R","E"],"character_chosen":"THE_SERVANT","items_purchased":["BottledTime","BestPractice"],"campfire_rested":2,"item_purchase_floors":[5,14],"current_hp_per_floor":[65,63,57,62,62,62,53,53,53,51,51,45,37,37,58,58,70,56,56,46,20,20,41,0,0],"gold":202,"neow_bonus":"ONE_RANDOM_RARE_CARD","is_daily":false,"chose_seed":false,"campfire_upgraded":3,"win_rate":0.0,"timestamp":1608110388,"path_taken":["M","M","M","?","$","R","M","R","T","?","R","M","E","$","R","BOSS","M","?","M","M","?","R","E"],"items_purchased_type":["Card","Card"],"build_version":"2020-12-13","purchased_purges":1,"victory":false,"max_hp_per_floor":[65,65,65,70,70,70,70,70,70,70,70,70,70,70,70,70,70,70,70,70,70,70,70,75,75],"card_choices":[{"not_picked":["Alleviate","Unruled"],"picked":"Manipulate","floor":1},{"not_picked":["BottledTime","ShatteredReality"],"picked":"MoonPhase","floor":2},{"not_picked":["TimeWarp","Replace"],"picked":"Unruled","floor":3},{"not_picked":["Rewind","TimeTheft"],"picked":"FastForward","floor":7},{"not_picked":["Ricochet","Replace"],"picked":"Potential","floor":10},{"not_picked":["BottledTime","Potential"],"picked":"Embodiment","floor":12},{"not_picked":["DualDimension","WasteNot"],"picked":"Contraction","floor":13},{"not_picked":["Solidify","Deny"],"picked":"Initiator","floor":16},{"not_picked":["Manipulate","Potential"],"picked":"Alleviate","floor":18},{"not_picked":["WasteNot+1","Starlight"],"picked":"SurpressingFire","floor":20},{"not_picked":["Unruled+1","Defy"],"picked":"Advance+1","floor":21}],"player_experience":231295,"relics_obtained":[{"floor":9,"key":"Blood Vial"},{"floor":10,"key":"Odd Mushroom"},{"floor":13,"key":"Whetstone"}],"event_choices":[{"damage_healed":0,"gold_gain":0,"player_choice":"Donut","damage_taken":0,"max_hp_gain":5,"max_hp_loss":0,"event_name":"Big Fish","floor":4,"gold_loss":0},{"damage_healed":0,"gold_gain":0,"player_choice":"Fought Mushrooms","damage_taken":0,"max_hp_gain":0,"max_hp_loss":0,"event_name":"Mushrooms","floor":10,"gold_loss":0},{"damage_healed":0,"gold_gain":0,"player_choice":"Ignored","damage_taken":0,"max_hp_gain":0,"max_hp_loss":0,"event_name":"Vampires","floor":19,"gold_loss":0},{"cards_removed":["Defend_S"],"damage_healed":0,"gold_gain":0,"player_choice":"Elegance","damage_taken":0,"max_hp_gain":0,"max_hp_loss":0,"event_name":"betterThird:BetterWriting","floor":22,"gold_loss":0}],"is_beta":false,"boss_relics":[{"not_picked":["Busted Crown","Ectoplasm"],"picked":"energizedSpire:EnergizedDie"}],"items_purged_floors":[5],"is_endless":false,"potions_floor_spawned":[1,2,12,16],"killed_by":"Book of Stabbing","ascension_level":1}}