{"host":"cr9rpoy6dx9riis3","time":1608143220,"event":{"mods":["AchievementEnabler","BaseMod","Better Altar","Better Note","Better Sensory Stone","Better Skull","Better Third Choice","Better-Laid Plans","BetterRewards","Block Reminder","Curses Come First","Displayed Cursed Tome","Emptier Cage","Marked Mod","Minty Spire (QoL Compilation)","Permanent Neow","Relic Sorter","StSLib","The Blue Laboratory","Transform Curses"],"gold_per_floor":[119,131,145,145,64,64,80,80,80,100,119,139,139,139,139,139,139],"floor_reached":16,"playtime":670,"items_purged":["Strike_R"],"score":191,"play_id":"f3382e05-4f7d-470a-8688-c1f13ce08b19","local_time":"20201216192700","is_ascension_mode":true,"campfire_choices":[{"data":"Feed","floor":6,"key":"SMITH"},{"data":"Thinking Ahead","floor":8,"key":"SMITH"},{"data":"Uppercut","floor":13,"key":"SMITH"},{"floor":15,"key":"RECALL"}],"circlet_count":0,"master_deck":["Strike_R","Strike_R+1","Strike_R","Strike_R","Defend_R","Defend_R+1","Defend_R","Defend_R","Bash","Thinking Ahead+1","Feed+1","Uppercut+1"],"relics":["Burning Blood","MealTicket","Akabeko"],"acts_visited":["Exordium"],"potions_floor_usage":[16,16,16],"damage_taken":[{"damage":1,"enemies":"Cultist","floor":1,"turns":3},{"damage":1,"enemies":"2 Louse","floor":2,"turns":2},{"damage":2,"enemies":"Jaw Worm","floor":3,"turns":3},{"damage":1,"enemies":"3 Louse","floor":7,"turns":3},{"damage":11,"enemies":"Blue Slaver","floor":10,"turns":4},{"damage":10,"enemies":"Large Slime","floor":11,"turns":4},{"damage":10,"enemies":"Gremlin Gang","floor":12,"turns":3},{"damage":82,"enemies":"Hexaghost","floor":16,"turns":14}],"seed_played":"-7799967018903726590","potions_obtained":[{"floor":1,"key":"blueLaboratory:EmptyBottle"},{"floor":3,"key":"BlessingOfTheForge"},{"floor":12,"key":"SkillPotion"}],"is_trial":false,"path_per_floor":["M","M","M","?","$","R","M","R","T","M","M","M","R","?","R","B"],"character_chosen":"IRONCLAD","items_purchased":["Akabeko","Thinking Ahead","Feed"],"campfire_rested":0,"item_purchase_floors":[0,0,5],"current_hp_per_floor":[71,76,80,64,64,64,73,73,73,72,72,72,72,77,77,0,0],"gold":139,"neow_bonus":"","is_daily":false,"chose_seed":false,"campfire_upgraded":3,"win_rate":0.0,"timestamp":1608143220,"path_taken":["M","?","M","?","?","R","M","R","T","M","M","M","R","?","R","BOSS"],"items_purchased_type":["Relic","Card","Card"],"build_version":"2020-12-13","purchased_purges":1,"victory":false,"max_hp_per_floor":[80,80,80,80,80,80,84,84,84,88,92,96,96,101,101,101,101],"card_choices":[{"not_picked":["Flex","Pommel Strike","Wild Strike"],"picked":"SKIP","floor":1},{"not_picked":["Pommel Strike","Whirlwind","Headbutt"],"picked":"SKIP","floor":2},{"not_picked":["Pummel","Sentinel","Twin Strike"],"picked":"SKIP","floor":3},{"not_picked":["Berserk","Headbutt","Anger"],"picked":"SKIP","floor":7},{"not_picked":["Iron Wave","Clash"],"picked":"Uppercut","floor":10},{"not_picked":["Anger","Sentinel","Berserk"],"picked":"SKIP","floor":11},{"not_picked":["Perfected Strike","Heavy Blade","Dropkick"],"picked":"SKIP","floor":12}],"player_experience":714492,"relics_obtained":[{"floor":9,"key":"MealTicket"}],"event_choices":[{"damage_healed":80,"gold_gain":0,"player_choice":"Upgrade","damage_taken":16,"max_hp_gain":0,"max_hp_loss":80,"event_name":"betterThird:BetterShining","floor":4,"gold_loss":0,"cards_upgraded":["Strike_R","Defend_R"]},{"damage_healed":0,"gold_gain":0,"player_choice":"Donut","damage_taken":0,"max_hp_gain":5,"max_hp_loss":0,"event_name":"Big Fish","floor":14,"gold_loss":0}],"is_beta":false,"boss_relics":[],"items_purged_floors":[0],"is_endless":false,"potions_floor_spawned":[1,3,12],"killed_by":"Hexaghost","ascension_level":3}}