{"host":"0azimyi6n3ugndj4","time":1608127445,"event":{"mods":["BaseMod","Bestiary","Conspire","Curses Come First","Defuse TimeMaze Blight","Hyrulean Relics","Infinite Spire","Minty Spire (QoL Compilation)","Relic Stats","Replay The Spire","StSLib","SuperFastMode","Uncapped","¡¼?Úª?ø«¡½REMEMod"],"gold_per_floor":[99,99,129,129,159,159,213,309,309,309,309,396,456,456,588,116,116,338,488,518,518,518,518,557,659,659,752,752,752,752],"floor_reached":29,"playtime":376,"items_purged":[],"score":734,"play_id":"85b85f87-0d52-4ac3-9ab1-41e69482e04f","local_time":"20201216230405","daily_mods":["Draft","Hoarder","Insanity","Chimera","Specialized","Vintage","ControlledChaos","Allstar","Diverse","Colorless Cards","Heirloom","Time Dilation","Flight","Binary","Elite Swarm","Lethality","Midas","Night Terrors","Binary"],"is_ascension_mode":true,"campfire_choices":[{"floor":6,"key":"REST"},{"floor":17,"key":"DIG"},{"floor":26,"key":"REST"}],"circlet_count":0,"master_deck":["Demon Form","Wraith Form v2","Echo Form","DevaForm","AscendersBane","Bash","Survivor","Zap","Eruption","Strike_R","Strike_G","Strike_B","Defend_R","Defend_G","Defend_P","Barrage","Dropkick","Cold Snap","Deflect","Panic Button","Hidden Blade","ThirdEye","Replay:Bootleg Shield Generator","REME_TheoryOfElimination","Ball Lightning","FollowUp","Dagger Spray","Panacea","Evaluate","Halt","Iron Wave","Prepared","Hidden Blade","Prostrate","conspire:DoublingDagger","Panic Button","BowlingBash","ReplaySort","FTL","Flying Knee","BowlingBash","Warcry","SashWhip","Conserve Battery","Bane","Bane","Disarm","Intimidate","Headbutt","Shrug It Off","Deflect","Protect","Body Slam","Consecrate","Twin Strike","Time Bomb","Deflect","REME_Repentance","Crescendo","Crescendo","FlyingSleeves","FTL","Massacre","Twin Strike","BowlingBash","Replay:Undeath\u0027s Touch","Replay:Undeath\u0027s Touch","Replay:Undeath\u0027s Touch","Replay:Undeath\u0027s Touch","Replay:Undeath\u0027s Touch","Replay:Undeath\u0027s Touch","Replay:Undeath\u0027s Touch","Replay:Undeath\u0027s Touch","Replay:Undeath\u0027s Touch","Replay:Undeath\u0027s Touch","Replay:Undeath\u0027s Touch","Replay:Undeath\u0027s Touch","Replay:Undeath\u0027s Touch","Replay:Undeath\u0027s Touch","Replay:Undeath\u0027s Touch","Protect","Protect","Protect","REME_Cut","REME_Cut","REME_Cut","Streamline","Streamline","Streamline","Stack","Stack","Stack","Meditate","Meditate","Meditate","ReplayTheSpireMod:Limb From Limb","ReplayTheSpireMod:Limb From Limb","ReplayTheSpireMod:Limb From Limb","Beam Cell","Beam Cell","Beam Cell","Consecrate+1","Consecrate","Consecrate","Blade Dance","Blade Dance","Blade Dance","REME_TwoStrings","REME_TwoStrings","REME_TwoStrings","Flex","Flex","Flex","Leap","Leap","Leap","Bane","Bane","Bane","Ball Lightning","Ball Lightning","Ball Lightning","PiercingWail","PiercingWail","PiercingWail","REME_MagicPocketWatch","REME_MagicPocketWatch","REME_MagicPocketWatch","Writhe","Writhe"],"relics":["Cracked Core","Busted Crown","REME_ComplimentaryCards","Calipers","Replay:M_SmolderingBlood","Torii","REME_HandOfSuture","Toy Ornithopter","zeldaRelics:CourageTriforce","Singing Bowl","infinitespire:Cubic Diamond","Potion Belt","infinitespire:Joker Card","Dream Catcher","infinitespire:Magic Flask","Tiny House","Blue Doll","Frozen Egg 2","zeldaRelics:WisdomTriforce","Replay:Bottled Steam","zeldaRelics:PowerPiece"],"acts_visited":["Exordium","TheCity"],"potions_floor_usage":[8,24,24,24,29,29],"damage_taken":[{"damage":0,"enemies":"2 Louse","floor":3,"turns":1},{"damage":0,"enemies":"Cultist","floor":5,"turns":1},{"damage":10,"enemies":"Jaw Worm","floor":7,"turns":2},{"damage":10,"enemies":"Gremlin Nob","floor":8,"turns":3},{"damage":16,"enemies":"Lagavulin","floor":12,"turns":3},{"damage":0,"enemies":"Large Slime","floor":13,"turns":4},{"damage":2,"enemies":"Hexaghost","floor":18,"turns":8},{"damage":0,"enemies":"Chosen","floor":20,"turns":2},{"damage":12,"enemies":"3 Byrds","floor":24,"turns":3},{"damage":48,"enemies":"Gremlin Leader","floor":25,"turns":4},{"damage":43,"enemies":"Nightmare","floor":27,"turns":5},{"damage":42,"enemies":"Book of Stabbing","floor":29,"turns":3}],"seed_played":"7256333309119823623","potions_obtained":[{"floor":5,"key":"DuplicationPotion"},{"floor":8,"key":"FearPotion"},{"floor":12,"key":"AttackPotion"},{"floor":15,"key":"Ancient Potion"},{"floor":18,"key":"Fire Potion"},{"floor":19,"key":"Explosive Potion"},{"floor":24,"key":"Elixir"}],"is_trial":true,"path_per_floor":["?","WH","M","$","M","R","M","E","PTL","PTL","T","E","M","?","?","$","R","B",null,"M","?","?","T","M","E","R","NM","T","E"],"character_chosen":"WATCHER","items_purchased":["infinitespire:Joker Card","Dream Catcher"],"campfire_rested":2,"item_purchase_floors":[16,16],"current_hp_per_floor":[61,67,67,67,67,69,59,54,54,54,54,38,38,38,18,18,18,16,62,62,62,62,62,64,16,71,28,28,0,0],"gold":752,"neow_bonus":"TEN_PERCENT_HP_BONUS","is_daily":false,"chose_seed":false,"campfire_upgraded":0,"win_rate":0.0,"timestamp":1608127445,"path_taken":["?","WH","M","$","M","R","M","E","PTL","PTL","T","E","?","?","?","$","R","BOSS","M","?","?","?","?","E","R","NM","T","E"],"items_purchased_type":["Relic","Relic"],"build_version":"2020-12-13","purchased_purges":0,"victory":false,"max_hp_per_floor":[68,74,74,74,74,69,69,69,69,69,69,69,69,69,71,71,71,71,76,76,76,76,76,76,76,71,71,71,71,71],"relic_stats":{"Dream Catcher":1,"Busted Crown":26,"Torii":44,"Singing Bowl":2,"counters":[12,39],"obtain_stats":[{"Calipers":0,"Tiny House":19,"Torii":3,"Singing Bowl":13,"Blue Doll":20,"infinitespire:Cubic Diamond":14,"zeldaRelics:WisdomTriforce":27,"Frozen Eye":0,"Dream Catcher":16,"Replay:M_SmolderingBlood":1,"zeldaRelics:CouragePiece":8,"Cracked Core":14,"zeldaRelics:PowerPiece":28,"Replay:Bottled Steam":24,"Potion Belt":15,"zeldaRelics:WisdomPiece":23,"infinitespire:Joker Card":16,"infinitespire:Magic Flask":17,"Frozen Egg 2":21,"zeldaRelics:CourageTriforce":12,"Busted Crown":0,"REME_HandOfSuture":5,"PureWater":0,"Toy Ornithopter":7,"REME_ComplimentaryCards":0},{"Calipers":0,"Tiny House":7,"Torii":1,"Singing Bowl":6,"Blue Doll":8,"infinitespire:Cubic Diamond":6,"zeldaRelics:WisdomTriforce":11,"Frozen Eye":0,"Dream Catcher":6,"Replay:M_SmolderingBlood":0,"zeldaRelics:CouragePiece":4,"Cracked Core":6,"zeldaRelics:PowerPiece":11,"Replay:Bottled Steam":9,"Potion Belt":6,"zeldaRelics:WisdomPiece":8,"infinitespire:Joker Card":6,"infinitespire:Magic Flask":6,"Frozen Egg 2":8,"zeldaRelics:CourageTriforce":5,"Busted Crown":0,"REME_HandOfSuture":2,"PureWater":0,"Toy Ornithopter":3,"REME_ComplimentaryCards":0},{"Calipers":0,"Tiny House":22,"Torii":1,"Singing Bowl":14,"Blue Doll":24,"infinitespire:Cubic Diamond":14,"zeldaRelics:WisdomTriforce":36,"Frozen Eye":0,"Dream Catcher":14,"Replay:M_SmolderingBlood":0,"zeldaRelics:CouragePiece":7,"Cracked Core":14,"zeldaRelics:PowerPiece":36,"Replay:Bottled Steam":27,"Potion Belt":14,"zeldaRelics:WisdomPiece":24,"infinitespire:Joker Card":14,"infinitespire:Magic Flask":14,"Frozen Egg 2":24,"zeldaRelics:CourageTriforce":10,"Busted Crown":0,"REME_HandOfSuture":2,"PureWater":0,"Toy Ornithopter":4,"REME_ComplimentaryCards":0}],"Toy Ornithopter":29},"card_choices":[{"not_picked":["Reflex","ReplayTheSpireMod:Tripwire"],"picked":"Protect","floor":0},{"not_picked":["conspire:Banana","Flechettes"],"picked":"REME_Cut","floor":0},{"not_picked":["Leg Sweep","Heel Hook"],"picked":"Streamline","floor":0},{"not_picked":["EmptyBody","Coolheaded"],"picked":"Stack","floor":0},{"not_picked":["Rebound","Clothesline"],"picked":"Meditate","floor":0},{"not_picked":["Heavy Blade","Wireheading"],"picked":"ReplayTheSpireMod:Limb From Limb","floor":0},{"not_picked":["Spot Weakness","Poisoned Stab"],"picked":"Beam Cell","floor":0},{"not_picked":["Bandage Up","Stack"],"picked":"Consecrate","floor":0},{"not_picked":["Redo","Mind Blast"],"picked":"Blade Dance","floor":0},{"not_picked":["Dark Shackles","Rebound"],"picked":"REME_TwoStrings","floor":0},{"not_picked":["Iron Wave","ThirdEye"],"picked":"Flex","floor":0},{"not_picked":["Study","Go for the Eyes"],"picked":"Leap","floor":0},{"not_picked":["FlurryOfBlows","Replay:BluntJabs"],"picked":"Bane","floor":0},{"not_picked":["Underhanded Strike","Scrape"],"picked":"Ball Lightning","floor":0},{"not_picked":["EmptyBody","Underhanded Strike"],"picked":"PiercingWail","floor":0},{"not_picked":[],"picked":"Singing Bowl","floor":15}],"player_experience":1455130,"relics_obtained":[{"floor":3,"key":"Torii"},{"floor":5,"key":"REME_HandOfSuture"},{"floor":7,"key":"Toy Ornithopter"},{"floor":8,"key":"zeldaRelics:CouragePiece"},{"floor":11,"key":"zeldaRelics:CouragePiece"},{"floor":12,"key":"zeldaRelics:CouragePiece"},{"floor":13,"key":"Singing Bowl"},{"floor":15,"key":"Potion Belt"},{"floor":17,"key":"infinitespire:Magic Flask"},{"floor":20,"key":"Blue Doll"},{"floor":23,"key":"zeldaRelics:WisdomPiece"},{"floor":24,"key":"Replay:Bottled Steam"},{"floor":25,"key":"zeldaRelics:WisdomPiece"},{"floor":27,"key":"zeldaRelics:WisdomPiece"},{"floor":28,"key":"zeldaRelics:PowerPiece"}],"event_choices":[{"damage_healed":0,"gold_gain":0,"player_choice":"Opened","damage_taken":0,"relics_obtained":["Frozen Egg 2"],"max_hp_gain":0,"max_hp_loss":0,"event_name":"The Mausoleum","floor":21,"gold_loss":0,"cards_obtained":["Writhe"]},{"cards_removed":["Writhe"],"damage_healed":0,"gold_gain":0,"player_choice":"Elegance","damage_taken":0,"max_hp_gain":0,"max_hp_loss":0,"event_name":"Back to Basics","floor":22,"gold_loss":0}],"is_beta":false,"boss_relics":[{"not_picked":["Kintsugi","ReplayTheSpireMod:DimensionalGlitch"],"picked":"Tiny House"}],"items_purged_floors":[],"is_endless":true,"potions_floor_spawned":[5,8,12,18,20,24],"killed_by":"Book of Stabbing","ascension_level":20}}