{"host":"m5n96f98ibl1zi71","time":1608100207,"event":{"mods":["Aspiration","BaseMod","Conspire","Curses Come First","Downfall","Hubris","Minty Spire (QoL Compilation)","Quick Restart","Shop Mod","StSLib","Uncapped"],"gold_per_floor":[110,110,35,35,35,69,69,69,69,100,112,125,125,144,144,144,144],"floor_reached":16,"playtime":1015,"items_purged":["Strike_P"],"score":183,"play_id":"ad90c38b-6cca-48db-9a04-273bf2b946d5","local_time":"20201216163007","daily_mods":["Specialized","Diverse","DeadlyEvents"],"is_ascension_mode":false,"campfire_choices":[{"floor":7,"key":"REST"},{"floor":13,"key":"REST"},{"data":"Sunder","floor":15,"key":"SMITH"}],"circlet_count":0,"master_deck":["Strike_P","Strike_P","Strike_P","Defend_P","Defend_P","Defend_P","Defend_P+1","Eruption","Vigilance","FollowUp","FollowUp","FollowUp","FollowUp","FollowUp+1","Slimebound:RollThrough","Slimebound:SlimeSpikes","Guardian:Gem_Red","hexamod:PhantomCloak","Sunder+1"],"relics":["PureWater","Bottled Flame","aspiration:AnachronicSnailShell","conspire:DecoderRing"],"acts_visited":["Exordium"],"potions_floor_usage":[10,16],"damage_taken":[{"damage":6,"enemies":"Jaw Worm","floor":1,"turns":2},{"damage":20,"enemies":"Lagavulin","floor":6,"turns":8},{"damage":6,"enemies":"3 Sentries","floor":10,"turns":8},{"damage":0,"enemies":"Small Slimes","floor":11,"turns":3},{"damage":0,"enemies":"Cultist","floor":12,"turns":3},{"damage":0,"enemies":"Looter","floor":14,"turns":1},{"damage":77,"enemies":"Hexaghost","floor":16,"turns":15}],"seed_played":"6846499451835001557","potions_obtained":[{"floor":1,"key":"Guardian:BlockOnCardUsePotion"},{"floor":5,"key":"Swift Potion"},{"floor":5,"key":"SpeedPotion"},{"floor":12,"key":"Explosive Potion"},{"floor":14,"key":"FearPotion"}],"is_trial":true,"path_per_floor":["M","?","$","?","?","E","R","$","T","E","M","M","R","M","R","B"],"character_chosen":"WATCHER","items_purchased":[],"campfire_rested":2,"item_purchase_floors":[],"current_hp_per_floor":[66,66,66,52,52,32,53,53,53,47,47,47,68,68,68,0,0],"gold":144,"neow_bonus":"","is_daily":false,"chose_seed":false,"campfire_upgraded":1,"win_rate":0.0,"timestamp":1608100207,"path_taken":["M","?","$","?","?","E","R","$","T","?","?","M","R","M","R","BOSS"],"items_purchased_type":[],"build_version":"2020-12-13","purchased_purges":1,"victory":false,"max_hp_per_floor":[72,72,72,72,72,72,72,72,72,72,72,72,72,72,72,72,72],"card_choices":[{"not_picked":["champ:BerserkerStyle","champ:BladeFlurry"],"picked":"Slimebound:RollThrough","floor":1},{"not_picked":["WindmillStrike","champ:EnragedBash"],"picked":"Slimebound:SlimeSpikes","floor":6},{"not_picked":["sneckomod:UnknownUncommonSkill","Slimebound:SlimeBarrage"],"picked":"Guardian:Gem_Red","floor":10},{"not_picked":["Offering","Nirvana"],"picked":"hexamod:PhantomCloak","floor":11},{"not_picked":["sneckomod:UnknownClassSLIMEBOUND","EmptyFist"],"picked":"Sunder","floor":12},{"not_picked":["champ:PerfectedStrike","Slimebound:PressTheAttack","hexamod:GhostShield"],"picked":"SKIP","floor":14}],"player_experience":384735,"relics_obtained":[{"floor":6,"key":"Bottled Flame"},{"floor":9,"key":"aspiration:AnachronicSnailShell"},{"floor":10,"key":"conspire:DecoderRing"}],"event_choices":[{"damage_healed":0,"gold_gain":0,"player_choice":"Ignored","damage_taken":0,"max_hp_gain":0,"max_hp_loss":0,"event_name":"Liars Game","floor":2,"gold_loss":0},{"damage_healed":0,"gold_gain":0,"player_choice":"Entered Light","damage_taken":14,"max_hp_gain":0,"max_hp_loss":0,"event_name":"Shining Light","floor":4,"gold_loss":0,"cards_upgraded":["Defend_P","FollowUp"]},{"damage_healed":0,"gold_gain":0,"player_choice":"Got Potions","damage_taken":0,"max_hp_gain":0,"max_hp_loss":0,"event_name":"Lab","floor":5,"gold_loss":0}],"is_beta":false,"boss_relics":[],"items_purged_floors":[3],"is_endless":true,"potions_floor_spawned":[1,12,14],"killed_by":"Hexaghost","ascension_level":0}}