{"host":"hfvpa4llnnjpeawn","time":1608079645,"event":{"mods":["2.2 Compatiblity","Act Like it!","BaseMod","Better Skull","Better Third Choice","BetterRewards","CapriCore","Conspire","Downfall","Elementarium","Hermit","Hubris","Koishi","Lobotomy","Mad Scientist","Minty Spire (QoL Compilation)","Replay The Spire","Shade Mod","Somnambulant","StSLib","The Bladedancer","The Factory","The Jungle","Waifu the Spire"],"gold_per_floor":[114,114,132,151,20,20,37,37,62,107,136,148,177,202,214,226,226],"floor_reached":16,"playtime":686,"items_purged":[],"score":104,"play_id":"d521c22b-295d-4493-9ef8-3a969048fdeb","local_time":"20201215194725","is_ascension_mode":false,"campfire_choices":[{"data":"BasicCrystalCard","floor":6,"key":"SMITH"},{"floor":8,"key":"REST"},{"data":"Fission","floor":12,"key":"SMITH"},{"data":"Redo","floor":15,"key":"SMITH"}],"circlet_count":0,"master_deck":["Strike_B","Strike_B","Strike_B","Strike_B","Defend_B","Defend_B","Defend_B","Defend_B","Zap","Dualcast+1","Beam Cell","Beam Cell","BasicCrystalCard+1","Self Repair","Self Repair","Lockon","Skim","Redo+1","Fission+1","Hologram","Panic Button"],"relics":["Cracked Core","MawBank","Matryoshka"],"acts_visited":["Exordium"],"potions_floor_usage":[10,14,16],"damage_taken":[{"damage":14,"enemies":"Jaw Worm","floor":1,"turns":4},{"damage":0,"enemies":"Small Slimes","floor":3,"turns":3},{"damage":2,"enemies":"2 Louse","floor":4,"turns":2},{"damage":3,"enemies":"Exordium Thugs","floor":7,"turns":3},{"damage":14,"enemies":"Gremlin Nob","floor":10,"turns":4},{"damage":11,"enemies":"3 Louse","floor":11,"turns":3},{"damage":28,"enemies":"Lots of Slimes","floor":13,"turns":3},{"damage":5,"enemies":"Looter","floor":14,"turns":2},{"damage":55,"enemies":"Hexaghost","floor":16,"turns":9}],"seed_played":"-3959090370660455092","potions_obtained":[{"floor":4,"key":"SpeedPotion"},{"floor":10,"key":"Elixir"},{"floor":11,"key":"Reflective Coating"},{"floor":13,"key":"GamblersBrew"}],"is_trial":false,"path_per_floor":["M","?","M","M","$","R","M","R","T","E","M","R","M","M","R","B"],"character_chosen":"DEFECT","items_purchased":["Self Repair","Lockon"],"campfire_rested":1,"item_purchase_floors":[5,5],"current_hp_per_floor":[54,54,54,52,52,52,56,82,82,75,78,78,57,52,52,0,0],"gold":226,"neow_bonus":"TWENTY_PERCENT_HP_BONUS","is_daily":false,"chose_seed":false,"campfire_upgraded":3,"win_rate":0.0,"timestamp":1608079645,"path_taken":["M","?","M","M","$","R","M","R","T","E","M","R","M","M","R","BOSS"],"items_purchased_type":["Card","Card"],"build_version":"2020-12-13","purchased_purges":0,"victory":false,"max_hp_per_floor":[89,89,89,89,89,89,89,89,89,89,89,89,89,89,89,89,89],"card_choices":[{"not_picked":["Hologram","Go for the Eyes"],"picked":"Beam Cell","floor":1},{"not_picked":["Stack","Go for the Eyes"],"picked":"Beam Cell","floor":3},{"not_picked":["Heatsinks","hubris:DoWhile"],"picked":"BasicCrystalCard","floor":4},{"not_picked":["Cold Snap","Barrage"],"picked":"Skim","floor":7},{"not_picked":["conspire:SharedLibrary","Steam"],"picked":"Redo","floor":10},{"not_picked":["Streamline","Rebound"],"picked":"Fission","floor":11},{"not_picked":["Turbo","BasicCrystalCard"],"picked":"Hologram","floor":13},{"not_picked":["Stack","Hologram"],"picked":"Panic Button","floor":14}],"player_experience":220755,"relics_obtained":[{"floor":9,"key":"MawBank"},{"floor":10,"key":"Matryoshka"}],"event_choices":[{"damage_healed":0,"gold_gain":0,"player_choice":"Grow","damage_taken":0,"max_hp_gain":0,"max_hp_loss":0,"event_name":"Living Wall","floor":2,"gold_loss":0,"cards_upgraded":["Dualcast"]}],"is_beta":false,"boss_relics":[],"items_purged_floors":[],"is_endless":false,"potions_floor_spawned":[4,10,11,13],"killed_by":"Hexaghost","ascension_level":0}}