{"host":"5gc11emcm5chfr5t","time":1608087518,"event":{"mods":["2.2 Compatiblity","AchievementEnabler","BaseMod","Bestiary","Better Note","Colored Map","Colored Powertips","Downfall","Googly Eyes","Minty Spire (QoL Compilation)","Rare Cards Sparkle","StSLib"],"gold_per_floor":[99,128,53,228,238,249,249,267,287,320,339,349,14,114,129,231,231,156,156,256,272,272,282,306,317,242,272,30,44,44,63,77,173,173,173,190,206,206,223,257,280,40,69,69,88,107,126,139,153,153,153,153,153],"floor_reached":52,"playtime":3672,"items_purged":["Doubt"],"score":1150,"play_id":"5b503dda-4d8d-4ed9-85ca-620ae0f3344a","local_time":"20201215215838","is_ascension_mode":true,"campfire_choices":[{"floor":1,"key":"RECALL"},{"floor":3,"key":"REST"},{"data":"sneckomod:Transmogrify","floor":18,"key":"SMITH"},{"data":"sneckomod:MorePower","floor":22,"key":"SMITH"},{"floor":26,"key":"REST"},{"data":"Apotheosis","floor":35,"key":"SMITH"},{"data":"sneckomod:UnknownRareSkill","floor":38,"key":"SMITH"},{"data":"sneckomod:UnknownRarePower","floor":44,"key":"SMITH"}],"circlet_count":0,"master_deck":["sneckomod:Defend","sneckomod:Defend","sneckomod:Defend","sneckomod:TailWhip","sneckomod:SnekBite","sneckomod:Unknown","sneckomod:Unknown+1","Doubt","sneckomod:UnknownVulnerable","sneckomod:ImprovisedGuard+1","sneckomod:MorePower+1","sneckomod:UnknownWeak+1","sneckomod:MixItUp","sneckomod:Transmogrify+1","sneckomod:UnknownVulnerable+1","sneckomod:Unknown0Cost","sneckomod:UnknownUncommonAttack+1","sneckomod:SnakeSap","sneckomod:UnknownRarePower+1","sneckomod:ImprovisedGuard","sneckomod:UnknownExhaust+1","sneckomod:UnknownClassRED","sneckomod:IronFang","sneckomod:UnknownClassPURPLE+1","sneckomod:SnakeSap","sneckomod:UnknownRareAttack+1","sneckomod:UnknownColorless","Slimebound:Tackle+1","Slimebound:Tackle+1","Slimebound:Tackle+1","sneckomod:Unknown3Cost+1","sneckomod:QuickMove+1","sneckomod:SoulExchange","sneckomod:UnknownEthereal+1","sneckomod:SoulDraw","sneckomod:Unknown3Cost+1","sneckomod:PureSnecko","sneckomod:Unknown1Cost+1","sneckomod:UnknownRareSkill+1","sneckomod:UnknownWeak+1","sneckomod:UnknownRareAttack","sneckomod:UnknownRareSkill","sneckomod:UnknownRarePower+1","Apotheosis+1","Bite","Bite","Bite","Bite","Bite","sneckomod:Unknown0Cost+1","sneckomod:UnknownUncommonAttack+1","sneckomod:Nope+1","sneckomod:UnknownRareSkill+1","sneckomod:UnknownRareSkill+1","sneckomod:UnknownEthereal+1","sneckomod:Restock","sneckomod:MasterEye","sneckomod:UnknownRareAttack+1","sneckomod:UnknownStrength+1","sneckomod:Cheat","sneckomod:UnknownRareSkill+1","sneckomod:Unknown0Cost+1","sneckomod:UnknownUncommonPower+1","sneckomod:UnknownRareSkill+1","sneckomod:UnknownWeak+1","sneckomod:SerpentIdol"],"relics":["sneckomod:SuperSneckoSoul","downfall:HeartBlessingRed","Lizard Tail","Shuriken","sneckomod:SneckoTalon","downfall:HeartBlessingGreen","downfall:GremlinWheel","downfall:HeartBlessingBlue","sneckomod:SleevedAce","Gremlin Horn","Bronze Scales","Mercury Hourglass","DollysMirror","Turnip","Dream Catcher","Mummified Hand","Calipers"],"acts_visited":["Exordium","TheCity","TheBeyond","TheEnding"],"potions_floor_usage":[6,9,10,15,16,23,29,33,36,45,47,48,50,52],"damage_taken":[{"damage":23,"enemies":"Gremlin Nob","floor":2,"turns":4},{"damage":0,"enemies":"2 Louse","floor":5,"turns":1},{"damage":0,"enemies":"Small Slimes","floor":6,"turns":1},{"damage":0,"enemies":"Jaw Worm","floor":8,"turns":3},{"damage":6,"enemies":"Gremlin Gang","floor":9,"turns":3},{"damage":17,"enemies":"3 Sentries","floor":10,"turns":8},{"damage":8,"enemies":"2 Fungi Beasts","floor":11,"turns":3},{"damage":10,"enemies":"Large Slime","floor":12,"turns":6},{"damage":0,"enemies":"downfall:FleeingMerchant","floor":13,"turns":4},{"damage":0,"enemies":"Gremlin Gang","floor":15,"turns":2},{"damage":41,"enemies":"downfall:Watcher","floor":16,"turns":10},{"damage":13,"enemies":"downfall:Watcher","floor":20,"turns":4},{"damage":8,"enemies":"3 Byrds","floor":21,"turns":1},{"damage":0,"enemies":"Shell Parasite","floor":23,"turns":3},{"damage":28,"enemies":"Centurion and Healer","floor":25,"turns":3},{"damage":10,"enemies":"Book of Stabbing","floor":27,"turns":5},{"damage":28,"enemies":"downfall:FleeingMerchant","floor":28,"turns":4},{"damage":6,"enemies":"downfall:FleeingMerchant","floor":29,"turns":4},{"damage":27,"enemies":"3 Cultists","floor":31,"turns":6},{"damage":26,"enemies":"Shelled Parasite and Fungi","floor":32,"turns":2},{"damage":28,"enemies":"downfall:Ironclad","floor":33,"turns":7},{"damage":41,"enemies":"3 Darklings","floor":36,"turns":8},{"damage":13,"enemies":"Orb Walker","floor":37,"turns":5},{"damage":5,"enemies":"4 Shapes","floor":39,"turns":2},{"damage":27,"enemies":"Reptomancer","floor":40,"turns":7},{"damage":50,"enemies":"Giant Head","floor":43,"turns":7},{"damage":22,"enemies":"Maw","floor":45,"turns":5},{"damage":25,"enemies":"3 Darklings","floor":46,"turns":4},{"damage":0,"enemies":"Writhing Mass","floor":47,"turns":2},{"damage":19,"enemies":"Sphere and 2 Shapes","floor":48,"turns":5},{"damage":3,"enemies":"Jaw Worm Horde","floor":49,"turns":4},{"damage":0,"enemies":"downfall:Defect","floor":50,"turns":6},{"damage":140,"enemies":"downfall:CharBossMerchant","floor":52,"turns":8}],"seed_played":"-518374714576627155","potions_obtained":[{"floor":5,"key":"Explosive Potion"},{"floor":6,"key":"GamblersBrew"},{"floor":9,"key":"Dexterity Potion"},{"floor":15,"key":"hexamod:EctoCoolerPotion"},{"floor":21,"key":"Swift Potion"},{"floor":28,"key":"PowerPotion"},{"floor":32,"key":"Energy Potion"},{"floor":33,"key":"sneckomod:DiceRollPotion"},{"floor":43,"key":"DistilledChaos"},{"floor":45,"key":"sneckomod:OffclassReductionPotion"},{"floor":47,"key":"SkillPotion"},{"floor":49,"key":"SneckoOil"}],"is_trial":false,"path_per_floor":["R","E","R","?","M","M","T","M","M","E","M","M","$","?","M","B",null,"R","?","?","M","R","M","T","M","R","E","$","$","?","M","M","B",null,"R","M","M","R","M","E","T","?","E","R","M","M","M","M","M","B",null,"E"],"character_chosen":"THE_SNECKO","items_purchased":["Bottled Tornado","Explosive Potion","sneckomod:IronFang","sneckomod:SleevedAce","sneckomod:RareBoosterPack","Apotheosis","Mummified Hand"],"campfire_rested":2,"item_purchase_floors":[13,13,13,28,29,29,42],"current_hp_per_floor":[81,59,86,86,86,86,86,87,81,66,59,50,52,52,53,14,79,79,79,67,59,59,59,59,32,75,66,49,48,48,37,19,69,135,135,111,100,140,137,115,115,115,80,80,76,51,51,34,34,49,117,0,0],"gold":153,"neow_bonus":"ONE_RARE_RELIC","is_daily":false,"chose_seed":false,"campfire_upgraded":5,"win_rate":0.0,"timestamp":1608087518,"path_taken":["R","E","R","?","M","M","T","M","M","E","M","M","$","?","M","BOSS","R","?","?","M","R","?","T","M","R","E","$","$","?","M","M","BOSS","R","M","M","R","M","E","T","?","E","R","M","M","M","M","M","BOSS","E"],"items_purchased_type":["Relic","Potion","Card","Relic","Relic","Card","Relic"],"build_version":"2020-12-13","purchased_purges":1,"victory":false,"max_hp_per_floor":[90,91,91,91,91,91,91,92,92,94,95,96,98,98,99,101,101,101,101,102,102,102,102,102,103,113,114,115,120,84,86,86,88,140,140,140,140,140,140,140,140,140,140,140,140,140,140,140,140,140,140,140,140],"card_choices":[{"not_picked":["sneckomod:DiceBlock","sneckomod:UnknownStrike"],"picked":"sneckomod:UnknownVulnerable","floor":2},{"not_picked":["sneckomod:QuickBite","sneckomod:SoulRoll"],"picked":"sneckomod:ImprovisedGuard","floor":5},{"not_picked":["sneckomod:UnknownBlock","sneckomod:Nope"],"picked":"sneckomod:MorePower","floor":6},{"not_picked":["sneckomod:UnknownX+1","sneckomod:UnknownClassGREEN+1"],"picked":"sneckomod:UnknownWeak+1","floor":8},{"not_picked":["sneckomod:IronFang","sneckomod:QuickBite"],"picked":"sneckomod:MixItUp","floor":8},{"not_picked":["sneckomod:UnknownDexterity","sneckomod:SoulCleanse"],"picked":"sneckomod:Transmogrify","floor":9},{"not_picked":["sneckomod:UnknownClassTHE_CHAMP_GRAY+1","sneckomod:UnknownClassSLIMEBOUND+1"],"picked":"sneckomod:UnknownVulnerable+1","floor":10},{"not_picked":["sneckomod:UnknownWeak","sneckomod:UnknownCommonSkill"],"picked":"sneckomod:Unknown0Cost","floor":10},{"not_picked":["sneckomod:UnknownClassGREEN+1","sneckomod:UnknownEthereal+1"],"picked":"sneckomod:UnknownUncommonAttack+1","floor":11},{"not_picked":["sneckomod:Unknown2Cost","sneckomod:SoulDraw"],"picked":"sneckomod:SnakeSap","floor":11},{"not_picked":["sneckomod:UnknownClassGUARDIAN+1","sneckomod:UnknownClassPURPLE+1"],"picked":"sneckomod:UnknownRarePower+1","floor":12},{"not_picked":["sneckomod:UnknownCommonAttack","sneckomod:SoulCleanse"],"picked":"sneckomod:ImprovisedGuard","floor":12},{"not_picked":["sneckomod:UnknownVulnerable+1","sneckomod:UnknownCommonAttack+1"],"picked":"sneckomod:UnknownExhaust+1","floor":13},{"not_picked":["sneckomod:SoulExchange","sneckomod:RainOfDice"],"picked":"sneckomod:UnknownClassRED","floor":13},{"not_picked":["sneckomod:UnknownStrength+1","sneckomod:UnknownExhaust+1"],"picked":"sneckomod:UnknownClassPURPLE+1","floor":15},{"not_picked":["sneckomod:DiceCrush","sneckomod:UnknownClassSLIMEBOUND"],"picked":"sneckomod:SnakeSap","floor":15},{"not_picked":["sneckomod:UnknownDexterity+1","sneckomod:UnknownClassBLUE+1"],"picked":"sneckomod:UnknownRareAttack+1","floor":16},{"not_picked":["sneckomod:MorePower","sneckomod:DangerNoodle"],"picked":"sneckomod:UnknownColorless","floor":16},{"not_picked":["sneckomod:Unknown+1","sneckomod:Unknown0Cost+1"],"picked":"sneckomod:Unknown3Cost+1","floor":20},{"not_picked":["sneckomod:UnknownExhaust+1","sneckomod:RainOfDice"],"picked":"sneckomod:QuickMove+1","floor":21},{"not_picked":["sneckomod:RainOfDice+1","sneckomod:UnknownClassGUARDIAN"],"picked":"sneckomod:SoulExchange","floor":23},{"not_picked":["sneckomod:Unknown1Cost+1","sneckomod:UnknownClassBLUE+1"],"picked":"sneckomod:UnknownEthereal+1","floor":25},{"not_picked":["sneckomod:UnknownWeak","sneckomod:MixItUp+1"],"picked":"sneckomod:SoulDraw","floor":25},{"not_picked":["sneckomod:UnknownStrike+1","sneckomod:UnknownUncommonPower+1"],"picked":"sneckomod:Unknown3Cost+1","floor":27},{"not_picked":["sneckomod:IronFang","sneckomod:UnknownUncommonSkill"],"picked":"sneckomod:PureSnecko","floor":27},{"not_picked":["sneckomod:UnknownCommonSkill+1","sneckomod:SoulDraw"],"picked":"sneckomod:Unknown1Cost+1","floor":28},{"not_picked":["sneckomod:UnknownUncommonSkill+1","sneckomod:UnknownClassTHE_CHAMP_GRAY+1"],"picked":"sneckomod:UnknownRareSkill+1","floor":29},{"not_picked":["sneckomod:Unknown2Cost","sneckomod:UnknownBlock"],"picked":"sneckomod:UnknownWeak+1","floor":29},{"not_picked":["sneckomod:UnknownClassBLUE+1","sneckomod:Unknown+1"],"picked":"sneckomod:Unknown0Cost+1","floor":31},{"not_picked":["sneckomod:Transmogrify","sneckomod:SoulRoll"],"picked":"sneckomod:UnknownUncommonAttack+1","floor":31},{"not_picked":["sneckomod:UnknownCommonAttack+1","sneckomod:UnknownUncommonAttack+1"],"picked":"sneckomod:Nope+1","floor":32},{"not_picked":["sneckomod:UnknownExhaust+1","sneckomod:Unknown+1"],"picked":"sneckomod:UnknownRareSkill+1","floor":33},{"not_picked":["sneckomod:Transmogrify","sneckomod:Restock"],"picked":"sneckomod:UnknownRareSkill","floor":33},{"not_picked":["sneckomod:UnknownClassGREEN+1","sneckomod:Unknown1Cost+1"],"picked":"sneckomod:UnknownEthereal+1","floor":36},{"not_picked":["sneckomod:SnakeSap+1","sneckomod:UnknownEthereal+1"],"picked":"sneckomod:Restock","floor":36},{"not_picked":["sneckomod:UnknownWeak+1","sneckomod:Unknown0Cost"],"picked":"sneckomod:MasterEye","floor":37},{"not_picked":["sneckomod:QuickMove","sneckomod:DiceCrush","sneckomod:MixItUp+1"],"picked":"SKIP","floor":39},{"not_picked":["sneckomod:UnknownCommonAttack+1","sneckomod:UnknownClassBLUE+1"],"picked":"sneckomod:UnknownStrength+1","floor":40},{"not_picked":["sneckomod:QuickBite","sneckomod:UnknownStrike"],"picked":"sneckomod:Cheat","floor":40},{"not_picked":["sneckomod:UnknownStrike+1","sneckomod:Unknown+1"],"picked":"sneckomod:UnknownRareSkill+1","floor":43},{"not_picked":["sneckomod:UnknownBlock+1","sneckomod:ImprovisedAttack+1"],"picked":"sneckomod:Unknown0Cost+1","floor":43},{"not_picked":["sneckomod:UnknownVulnerable","sneckomod:UnknownBlock+1","sneckomod:DiceBlock"],"picked":"SKIP","floor":45},{"not_picked":["sneckomod:Unknown1Cost+1","sneckomod:UnknownClassRED+1"],"picked":"sneckomod:UnknownUncommonPower+1","floor":46},{"not_picked":["sneckomod:UnknownEthereal","sneckomod:CheapStock","sneckomod:UnknownStrike"],"picked":"SKIP","floor":46},{"not_picked":["sneckomod:Unknown+1","sneckomod:Unknown3Cost+1"],"picked":"sneckomod:UnknownRareSkill+1","floor":47},{"not_picked":["sneckomod:UnknownVulnerable+1","sneckomod:UnknownClassTHE_CHAMP_GRAY"],"picked":"sneckomod:UnknownWeak+1","floor":47},{"not_picked":["sneckomod:SoulRoll+1","sneckomod:UnknownCommonSkill+1"],"picked":"sneckomod:SerpentIdol","floor":48},{"not_picked":["sneckomod:UnknownStrike+1","sneckomod:UnknownExhaust+1","sneckomod:UnknownStrength+1"],"picked":"SKIP","floor":49}],"player_experience":387701,"relics_obtained":[{"floor":2,"key":"Lizard Tail"},{"floor":7,"key":"Mercury Hourglass"},{"floor":10,"key":"Lizard Tail"},{"floor":10,"key":"War Paint"},{"floor":11,"key":"Lizard Tail"},{"floor":12,"key":"Lizard Tail"},{"floor":13,"key":"Bronze Scales"},{"floor":16,"key":"Shuriken"},{"floor":20,"key":"downfall:GremlinWheel"},{"floor":27,"key":"White Beast Statue"},{"floor":28,"key":"Gambling Chip"},{"floor":29,"key":"Gremlin Horn"},{"floor":31,"key":"Gambling Chip"},{"floor":36,"key":"Bronze Scales"},{"floor":39,"key":"Mercury Hourglass"},{"floor":40,"key":"DollysMirror"},{"floor":40,"key":"Turnip"},{"floor":41,"key":"Dream Catcher"},{"floor":43,"key":"Calipers"},{"floor":45,"key":"Shovel"}],"event_choices":[{"damage_healed":0,"gold_gain":0,"player_choice":"Became a vampire","damage_taken":0,"max_hp_gain":0,"max_hp_loss":36,"event_name":"Vampires","floor":30,"gold_loss":0,"cards_obtained":["Bite","Bite","Bite","Bite","Bite"]},{"damage_healed":40,"gold_gain":0,"player_choice":"Full Heal","damage_taken":0,"max_hp_gain":0,"max_hp_loss":0,"event_name":"Wheel of Change","floor":38,"gold_loss":0}],"is_beta":false,"boss_relics":[{"not_picked":["Tiny House","Philosopher\u0027s Stone"],"picked":"sneckomod:SneckoTalon"},{"not_picked":["Sozu","Astrolabe"],"picked":"sneckomod:SuperSneckoSoul"}],"items_purged_floors":[28],"is_endless":false,"potions_floor_spawned":[5,6,9,15,21,28,32,33,43,45,47,49],"killed_by":"downfall:CharBossMerchant","ascension_level":6}}