{"host":"hgkb2zpbo2dcws21","time":1608125271,"event":{"mods":["AchievementEnabler","BaseMod","Colored Map","Colored Powertips","Custom Start","DeckTracker","KOR Keyword Fix","Minty Spire (QoL Compilation)","StSLib","SuperFastMode"],"gold_per_floor":[110,129,129,141,66,66,66,66,89,89,109,125,137,162,162,162,162],"floor_reached":16,"playtime":307,"items_purged":[],"score":194,"play_id":"2a0e529d-7022-4f05-8b9c-66eb6275ef91","local_time":"20201216222751","is_ascension_mode":true,"campfire_choices":[{"floor":6,"key":"REST"},{"data":"Neutralize","floor":8,"key":"SMITH"},{"data":"Cloak And Dagger","floor":10,"key":"SMITH"},{"floor":15,"key":"REST"}],"circlet_count":0,"master_deck":["AscendersBane","Strike_G","Strike_G","Strike_G","Strike_G","Defend_G","Defend_G","Defend_G","Defend_G","Survivor","Neutralize+1","Reflex","Blade Dance+1","Cloak And Dagger+1","Accuracy","Backstab","Backflip","Prepared"],"relics":["Ring of the Snake","Toy Ornithopter","Tiny Chest"],"acts_visited":["Exordium"],"potions_floor_usage":[2,16],"damage_taken":[{"damage":7,"enemies":"Small Slimes","floor":1,"turns":5},{"damage":14,"enemies":"Jaw Worm","floor":2,"turns":8},{"damage":0,"enemies":"Cultist","floor":4,"turns":3},{"damage":21,"enemies":"Large Slime","floor":11,"turns":6},{"damage":5,"enemies":"3 Louse","floor":12,"turns":4},{"damage":9,"enemies":"Red Slaver","floor":13,"turns":3},{"damage":9,"enemies":"Lagavulin","floor":14,"turns":5},{"damage":40,"enemies":"Slime Boss","floor":16,"turns":7}],"seed_played":"-4350269740959317585","potions_obtained":[{"floor":1,"key":"Block Potion"},{"floor":4,"key":"GamblersBrew"},{"floor":12,"key":"LiquidBronze"},{"floor":14,"key":"Weak Potion"}],"is_trial":false,"path_per_floor":["M","M","?","M","?","R","?","R","T","R","M","M","M","E","R","B"],"character_chosen":"THE_SILENT","items_purchased":[],"campfire_rested":2,"item_purchase_floors":[],"current_hp_per_floor":[49,35,35,35,35,58,51,51,51,51,30,25,16,7,30,0,0],"gold":162,"neow_bonus":"TWENTY_PERCENT_HP_BONUS","is_daily":false,"chose_seed":false,"campfire_upgraded":2,"win_rate":0.0,"timestamp":1608125271,"path_taken":["M","M","?","M","?","R","?","R","T","R","M","M","M","E","R","BOSS"],"items_purchased_type":[],"build_version":"2020-12-13","purchased_purges":0,"victory":false,"max_hp_per_floor":[78,78,78,78,78,78,78,78,78,78,78,78,78,78,78,78,78],"card_choices":[{"not_picked":["Dagger Throw","Backflip"],"picked":"Reflex","floor":1},{"not_picked":["Catalyst","Setup"],"picked":"Blade Dance","floor":2},{"not_picked":["Bane","Poisoned Stab"],"picked":"Cloak And Dagger","floor":4},{"not_picked":["Choke","Footwork"],"picked":"Accuracy","floor":11},{"not_picked":["Dagger Spray","Backflip"],"picked":"Backstab","floor":12},{"not_picked":["Malaise","Skewer"],"picked":"Backflip","floor":13},{"not_picked":["Dagger Throw","Masterful Stab"],"picked":"Prepared","floor":14}],"player_experience":1076709,"relics_obtained":[{"floor":9,"key":"Toy Ornithopter"},{"floor":14,"key":"Tiny Chest"}],"event_choices":[{"damage_healed":0,"gold_gain":0,"player_choice":"Grow","damage_taken":0,"max_hp_gain":0,"max_hp_loss":0,"event_name":"Living Wall","floor":3,"gold_loss":0,"cards_upgraded":["Blade Dance"]},{"cards_removed":["Strike_G"],"damage_healed":0,"gold_gain":0,"player_choice":"Card Removal","damage_taken":0,"max_hp_gain":0,"max_hp_loss":0,"event_name":"The Cleric","floor":5,"gold_loss":75},{"cards_removed":["Defend_G"],"damage_healed":0,"gold_gain":0,"player_choice":"Card Removal","damage_taken":7,"max_hp_gain":0,"max_hp_loss":0,"event_name":"Golden Wing","floor":7,"gold_loss":0}],"is_beta":false,"boss_relics":[],"items_purged_floors":[],"is_endless":false,"potions_floor_spawned":[1,4,12,14],"killed_by":"Slime Boss","ascension_level":18}}