{"host":"d9tpyi6mde8z2n96","time":1608122859,"event":{"mods":["2.2 Compatiblity","AchievementEnabler","Act Like it!","Aspiration","BaseMod","Better Altar","CapriCore","Challenge The Spire","Colored Map","Colored Powertips","Conspire","Defuse TimeMaze Blight","Dota2Spire","Downfall","Elementarium","Energized Spire","Friendly Minions","Gensokyo","GifTheSpireLib","Gold Saver","GungeonMod","Halation","HololiveMod","Hubris","Hyrulean Relics","Infinite Spire","Jorbs\u0027s Wanderer Trilogy","Melee Mod","Minty Spire (QoL Compilation)","MostiFishMod","Permanent Neow","Quick Restart","Railgun Mod","Replay The Spire","RumiaBox-????????","Spikes Relics","StSLib","TestMod","The Alterego","The Blue Laboratory","The Factory","The Fake Hero","Trackpad","Waifu the Spire","Wandering Minibosses","WarShipGirlsR/????R mod","Watcher Patcher"],"gold_per_floor":[145,145,262,375,486,486,2,2,129,251,370,370,160,160,310,440,572,785],"floor_reached":19,"playtime":1612,"items_purged":[],"score":2765,"play_id":"613470b3-ab3d-45f6-871e-e0ef7d298743","local_time":"20201216074739","daily_mods":["challengethespire:Bronze Difficulty","challengethespire:Boss Rush","Uncertain Future"],"is_ascension_mode":false,"campfire_choices":[{"data":"alterego_mod:BigMeatyClaws","floor":2,"key":"SMITH"},{"data":"alterego_mod:Impale","floor":8,"key":"SMITH"},{"data":"alterego_mod:Strike","floor":14,"key":"SMITH"}],"circlet_count":0,"master_deck":["alterego_mod:Strike","alterego_mod:Strike+1","alterego_mod:Strike","alterego_mod:Strike+1","alterego_mod:Defend","alterego_mod:Defend","alterego_mod:Defend","alterego_mod:Defend","alterego_mod:Impale+1","alterego_mod:BigMeatyClaws+1","alterego_mod:BrynhildrsRune+1","MostiFishMod:JungleRules+1","alterego_mod:Bunnysuit+1","alterego_mod:Maid+1","alterego_mod:Complex+1","alterego_mod:Mirror+1","alterego_mod:Santa+1","alterego_mod:Cooking+1","alterego_mod:Undulate+1","expansioncontent:ChargeUp+1","alterego_mod:Punishment+1","alterego_mod:Cooking+1","alterego_mod:Belts+1","alterego_mod:RidiculouslyBig+1","alterego_mod:PerceptionDisorder+1","alterego_mod:Birthday+1","alterego_mod:Punishment+1","alterego_mod:SakuraPetals+1","alterego_mod:TrickOrTreatment+1","alterego_mod:IndependentAction+1","alterego_mod:BusterCard+1","alterego_mod:BeGentle+1","alterego_mod:Birthday+1","alterego_mod:Birthday+1","alterego_mod:DestructionOfProperty+1","alterego_mod:Cooking+1","alterego_mod:Rake+1","alterego_mod:BusterCard+1","Pot Of Greed+1","Pot Of Greed+1","Pot Of Greed+1","Pot Of Greed+1","alterego_mod:Smother+1"],"relics":["alterego_mod:MasochisticConstitution","The Courier","Molten Egg 2","Toxic Egg 2","Frozen Egg 2","testmod-TestBox","DaveBox","Chemical X","Dota2Spire:ShivaGuard","aspiration:SneckoTail","BionicSphere","wanderingMiniBosses:Blackblade","Bag of Preparation","halation:IllGainedPizza","Philosopher\u0027s Stone","Dota2Spire:Dagon","aspiration:ChemicalBlood","conspire:DecoderRing","DemoMod:ResourcefulSack","SynthV:C4","Dota2Spire:Bloodstone","conspire:DeflatedDodgeball","Dota2Spire:MantaStyle","ImportantClient","ShockBauble","DemoMod:GlassGuonStoneRelic","Grinning Jar"],"acts_visited":["Exordium"],"potions_floor_usage":[10,11,15,15,15,15,16,16,18,18,18,18,18],"damage_taken":[{"damage":43,"enemies":"The Guardian","floor":3,"turns":12},{"damage":6,"enemies":"Slime Boss","floor":4,"turns":11},{"damage":16,"enemies":"Hexaghost","floor":5,"turns":5},{"damage":0,"enemies":"Automaton","floor":9,"turns":10},{"damage":0,"enemies":"Collector","floor":10,"turns":7},{"damage":32,"enemies":"Champ","floor":11,"turns":7},{"damage":71,"enemies":"Time Eater","floor":15,"turns":15},{"damage":0,"enemies":"Awakened One","floor":16,"turns":11},{"damage":16,"enemies":"Donu and Deca","floor":17,"turns":8},{"damage":68,"enemies":"The Heart","floor":18,"turns":11}],"seed_played":"-4117384051617835484","potions_obtained":[{"floor":5,"key":"Explosive Potion"},{"floor":11,"key":"PowerPotion"},{"floor":15,"key":"Toxic Potion"},{"floor":17,"key":"Dexterity Potion"},{"floor":18,"key":"blueLaboratory:LouseDecoction"}],"is_trial":true,"path_per_floor":["$","R","M","M","M","T","$","R","M","M","M","T","$","R","M","M","M","M",null],"character_chosen":"The_Alterego","items_purchased":["MostiFishMod:JungleRules+1","Chemical X","alterego_mod:Bunnysuit+1","alterego_mod:Maid+1","alterego_mod:Complex+1","alterego_mod:Mirror+1","alterego_mod:Santa+1","alterego_mod:Cooking+1","alterego_mod:Undulate+1","Dota2Spire:ShivaGuard","expansioncontent:ChargeUp+1","alterego_mod:RidiculouslyBig+1","Dota2Spire:Dagon","aspiration:ChemicalBlood","alterego_mod:PerceptionDisorder+1","alterego_mod:Birthday+1","alterego_mod:Punishment+1","alterego_mod:BusterCard+1","alterego_mod:BeGentle+1","alterego_mod:Birthday+1","alterego_mod:DestructionOfProperty+1"],"campfire_rested":0,"item_purchase_floors":[1,1,1,1,1,1,1,1,1,1,1,7,7,7,7,7,7,13,13,13,13],"current_hp_per_floor":[70,70,28,77,69,69,69,69,77,77,53,53,53,53,2,51,67,60],"gold":785,"neow_bonus":"","is_daily":false,"chose_seed":false,"campfire_upgraded":3,"win_rate":0.0,"timestamp":1608122859,"path_taken":["$","R","M","M","M","T","$","R","M","M","M","T","$","R","M","M","M","M"],"items_purchased_type":["Card","Relic","Card","Card","Card","Card","Card","Card","Card","Relic","Card","Card","Relic","Relic","Card","Card","Card","Card","Card","Card","Card"],"build_version":"2020-12-13","purchased_purges":0,"victory":true,"max_hp_per_floor":[70,70,71,77,77,77,77,77,77,77,78,78,78,78,79,79,83,84],"card_choices":[],"player_experience":1063535,"relics_obtained":[{"floor":3,"key":"aspiration:SneckoTail"},{"floor":4,"key":"wanderingMiniBosses:Blackblade"},{"floor":4,"key":"Bag of Preparation"},{"floor":5,"key":"halation:IllGainedPizza"},{"floor":9,"key":"conspire:DecoderRing"},{"floor":10,"key":"DemoMod:ResourcefulSack"},{"floor":11,"key":"SynthV:C4"},{"floor":15,"key":"conspire:DeflatedDodgeball"},{"floor":16,"key":"Dota2Spire:MantaStyle"},{"floor":16,"key":"ImportantClient"},{"floor":17,"key":"ShockBauble"},{"floor":18,"key":"Grinning Jar"}],"event_choices":[],"is_beta":false,"boss_relics":[{"not_picked":["Runic Pyramid","energizedSpire:DeadBattery"],"picked":"Philosopher\u0027s Stone"},{"not_picked":["Painkiller Herb","HereWithMe"],"picked":"Dota2Spire:Bloodstone"}],"items_purged_floors":[],"is_endless":false,"potions_floor_spawned":[5,11,15,17,18],"ascension_level":0}}