{"host":"f5n4tidiz2n5sooh","time":1608106216,"event":{"mods":["BaseMod","Colored Map","Minty Spire (QoL Compilation)","Relic Stats","StSLib"],"gold_per_floor":[109,123,138,54,54,54,54,54,78,125,137,185,216,248,260,272,272],"floor_reached":16,"playtime":552,"items_purged":[],"score":219,"play_id":"f79dfb7b-e79d-4282-bfa0-722623b92af2","local_time":"20201216021016","is_ascension_mode":true,"campfire_choices":[{"data":"Neutralize","floor":6,"key":"SMITH"},{"data":"Dagger Spray","floor":8,"key":"SMITH"},{"floor":11,"key":"REST"},{"floor":15,"key":"REST"}],"circlet_count":0,"master_deck":["AscendersBane","Strike_G","Strike_G","Strike_G","Strike_G","Strike_G","Defend_G","Defend_G","Defend_G","Defend_G","Defend_G","Survivor","Neutralize+1","Slice","Dagger Spray+1","Adrenaline","Leg Sweep","Noxious Fumes","Poisoned Stab","Catalyst","Predator"],"relics":["Ring of the Snake","Unceasing Top","Golden Idol","Spirit Poop","MawBank","Bottled Flame","Omamori"],"acts_visited":["Exordium"],"potions_floor_usage":[10,16,16],"damage_taken":[{"damage":10,"enemies":"Small Slimes","floor":1,"turns":4},{"damage":9,"enemies":"Cultist","floor":2,"turns":5},{"damage":1,"enemies":"2 Louse","floor":3,"turns":2},{"damage":27,"enemies":"Gremlin Nob","floor":10,"turns":5},{"damage":15,"enemies":"3 Sentries","floor":12,"turns":8},{"damage":3,"enemies":"Large Slime","floor":13,"turns":6},{"damage":1,"enemies":"Blue Slaver","floor":14,"turns":4},{"damage":35,"enemies":"Slime Boss","floor":16,"turns":8}],"seed_played":"7238663691344064116","potions_obtained":[{"floor":2,"key":"Block Potion"},{"floor":12,"key":"FearPotion"},{"floor":13,"key":"Poison Potion"},{"floor":14,"key":"DuplicationPotion"}],"is_trial":false,"path_per_floor":["M","M","M","$","?","R","?","R","T","E","R","E","M","M","R","B"],"character_chosen":"THE_SILENT","items_purchased":["Leg Sweep"],"campfire_rested":2,"item_purchase_floors":[4],"current_hp_per_floor":[49,40,39,39,39,39,39,39,39,12,29,14,11,10,27,0,0],"gold":272,"neow_bonus":"ONE_RARE_RELIC","is_daily":false,"chose_seed":false,"campfire_upgraded":2,"win_rate":0.0,"timestamp":1608106216,"path_taken":["M","M","M","$","?","R","?","R","T","E","R","E","M","M","R","BOSS"],"items_purchased_type":["Card"],"build_version":"2020-12-13","purchased_purges":0,"victory":false,"max_hp_per_floor":[66,66,66,66,60,60,57,57,57,57,57,57,57,57,57,57,57],"relic_stats":{"counters":[8,42],"Golden Idol":22,"MawBank":84,"obtain_stats":[{"Bottled Flame":10,"Golden Idol":5,"Spirit Poop":7,"Omamori":12,"MawBank":9,"Unceasing Top":0,"Ring of the Snake":0},{"Bottled Flame":4,"Golden Idol":3,"Spirit Poop":3,"Omamori":5,"MawBank":3,"Unceasing Top":0,"Ring of the Snake":0},{"Bottled Flame":16,"Golden Idol":11,"Spirit Poop":11,"Omamori":24,"MawBank":11,"Unceasing Top":0,"Ring of the Snake":0}],"Unceasing Top":[1],"Ring of the Snake":[16]},"card_choices":[{"not_picked":["Choke","Acrobatics"],"picked":"Slice","floor":1},{"not_picked":["Flying Knee","Slice"],"picked":"Dagger Spray","floor":2},{"not_picked":["Dagger Spray","Blade Dance"],"picked":"Adrenaline","floor":3},{"not_picked":["Bane","Accuracy"],"picked":"Noxious Fumes","floor":10},{"not_picked":["Phantasmal Killer","Masterful Stab"],"picked":"Poisoned Stab","floor":12},{"not_picked":["Outmaneuver","Prepared"],"picked":"Catalyst","floor":13},{"not_picked":["Outmaneuver","Dagger Spray"],"picked":"Predator","floor":14}],"player_experience":1893271,"relics_obtained":[{"floor":9,"key":"MawBank"},{"floor":10,"key":"Bottled Flame"},{"floor":12,"key":"Omamori"}],"event_choices":[{"damage_healed":0,"gold_gain":0,"player_choice":"Lose Max HP","damage_taken":0,"relics_obtained":["Golden Idol"],"max_hp_gain":0,"max_hp_loss":6,"event_name":"Golden Idol","floor":5,"gold_loss":0},{"cards_removed":["Parasite"],"damage_healed":0,"gold_gain":0,"player_choice":"Offered Curse","damage_taken":0,"relics_obtained":["Spirit Poop"],"max_hp_gain":0,"max_hp_loss":0,"event_name":"Bonfire Elementals","floor":7,"gold_loss":0}],"is_beta":false,"boss_relics":[],"items_purged_floors":[],"is_endless":false,"potions_floor_spawned":[2,12,13,14],"killed_by":"Slime Boss","ascension_level":20}}