{"host":"msepye59htvs4aw4","time":1608149731,"event":{"mods":["BaseMod","Colored Map","DeckTracker","Highlight Path","Minty Spire (QoL Compilation)","Shop Mod","StSLib","SuperFastMode"],"gold_per_floor":[367,379,390,355,366,366,383,383,429,441,465,477,524,597,609,700,712,744,756,788,800,800],"floor_reached":21,"playtime":577,"items_purged":[],"score":317,"play_id":"38214c96-9c6a-4752-b145-ba4cd8edc111","local_time":"20201216211531","is_ascension_mode":true,"campfire_choices":[{"data":"Bouncing Flask","floor":6,"key":"SMITH"},{"data":"Deadly Poison","floor":8,"key":"SMITH"},{"floor":12,"key":"REST"},{"floor":15,"key":"REST"}],"circlet_count":0,"master_deck":["AscendersBane","Strike_G+1","Strike_G","Strike_G","Strike_G","Strike_G+1","Defend_G","Defend_G","Defend_G","Defend_G","Defend_G","Survivor","Neutralize","Leg Sweep+1","Dagger Spray","Bouncing Flask+1","Deadly Poison+1","Leg Sweep","Backflip","Envenom","CurseOfTheBell","Writhe"],"relics":["Ring of the Snake","MawBank","Darkstone Periapt","Whetstone","Calling Bell","Regal Pillow","Shuriken","Tough Bandages","Art of War"],"acts_visited":["Exordium","TheCity"],"potions_floor_usage":[13,13,21],"damage_taken":[{"damage":0,"enemies":"Cultist","floor":1,"turns":5},{"damage":5,"enemies":"Small Slimes","floor":2,"turns":4},{"damage":1,"enemies":"2 Louse","floor":3,"turns":3},{"damage":1,"enemies":"Red Slaver","floor":5,"turns":7},{"damage":2,"enemies":"Blue Slaver","floor":7,"turns":4},{"damage":5,"enemies":"2 Fungi Beasts","floor":11,"turns":4},{"damage":1,"enemies":"Lagavulin","floor":13,"turns":5},{"damage":27,"enemies":"3 Sentries","floor":14,"turns":9},{"damage":23,"enemies":"Hexaghost","floor":16,"turns":9},{"damage":10,"enemies":"3 Byrds","floor":18,"turns":6},{"damage":0,"enemies":"Chosen","floor":20,"turns":4},{"damage":75,"enemies":"3 Cultists","floor":21,"turns":5}],"seed_played":"163109264157078503","potions_obtained":[{"floor":3,"key":"BlessingOfTheForge"},{"floor":7,"key":"SkillPotion"},{"floor":11,"key":"Fire Potion"},{"floor":13,"key":"SteroidPotion"},{"floor":20,"key":"Regen Potion"}],"is_trial":false,"path_per_floor":["M","M","M","?","M","R","M","R","T","?","M","R","E","?","R","B",null,"M","?","M","M"],"character_chosen":"THE_SILENT","items_purchased":[],"campfire_rested":2,"item_purchase_floors":[],"current_hp_per_floor":[44,39,38,54,53,53,51,51,51,51,46,65,64,37,56,33,64,54,60,60,0,0],"gold":800,"neow_bonus":"TWO_FIFTY_GOLD","is_daily":false,"chose_seed":false,"campfire_upgraded":2,"win_rate":0.0,"timestamp":1608149731,"path_taken":["M","?","M","?","M","R","M","R","T","?","?","R","E","?","R","BOSS","M","?","M","M"],"items_purchased_type":[],"build_version":"2020-12-13","purchased_purges":0,"victory":false,"max_hp_per_floor":[66,66,66,66,66,66,66,66,66,66,66,66,66,66,66,66,72,72,78,78,78,78],"card_choices":[{"not_picked":["Outmaneuver","Footwork"],"picked":"Leg Sweep","floor":1},{"not_picked":["Underhanded Strike","Slice"],"picked":"Dagger Spray","floor":2},{"not_picked":["Slice","Quick Slash","Dagger Throw"],"picked":"SKIP","floor":3},{"not_picked":["Slice","Poisoned Stab"],"picked":"Bouncing Flask","floor":5},{"not_picked":["Infinite Blades","Flechettes"],"picked":"Deadly Poison","floor":7},{"not_picked":["Bane","Slice","Prepared"],"picked":"SKIP","floor":11},{"not_picked":["Tools of the Trade","Outmaneuver"],"picked":"Leg Sweep","floor":13},{"not_picked":["Caltrops","Cloak And Dagger"],"picked":"Backflip","floor":14},{"not_picked":["Die Die Die","Phantasmal Killer"],"picked":"Envenom","floor":16},{"not_picked":["Flechettes","Slice","Deflect"],"picked":"SKIP","floor":18},{"not_picked":["Prepared","Quick Slash","Deadly Poison"],"picked":"SKIP","floor":20}],"player_experience":1591880,"relics_obtained":[{"floor":9,"key":"MawBank"},{"floor":13,"key":"Darkstone Periapt"},{"floor":14,"key":"Whetstone"},{"floor":17,"key":"Regal Pillow"},{"floor":17,"key":"Shuriken"},{"floor":17,"key":"Tough Bandages"}],"event_choices":[{"damage_healed":16,"gold_gain":0,"player_choice":"Healed","damage_taken":0,"max_hp_gain":0,"max_hp_loss":0,"event_name":"The Cleric","floor":4,"gold_loss":35},{"damage_healed":0,"gold_gain":0,"player_choice":"Forge","damage_taken":0,"max_hp_gain":0,"max_hp_loss":0,"event_name":"Accursed Blacksmith","floor":10,"gold_loss":0,"cards_upgraded":["Leg Sweep"]},{"damage_healed":0,"gold_gain":0,"player_choice":"Searched \u00271\u0027 times","damage_taken":0,"max_hp_gain":0,"max_hp_loss":0,"event_name":"Dead Adventurer","floor":14,"gold_loss":0},{"damage_healed":0,"gold_gain":0,"player_choice":"Opened","damage_taken":0,"relics_obtained":["Art of War"],"max_hp_gain":0,"max_hp_loss":0,"event_name":"The Mausoleum","floor":19,"gold_loss":0,"cards_obtained":["Writhe"]}],"is_beta":false,"boss_relics":[{"not_picked":["Runic Pyramid","Tiny House"],"picked":"Calling Bell"}],"items_purged_floors":[],"is_endless":false,"potions_floor_spawned":[3,7,11,13,20],"killed_by":"3 Cultists","ascension_level":15}}