{"host":"og6lam4kt3nibbw0","time":1608146825,"event":{"mods":["AchievementEnabler","BaseMod","Colored Map","DeckTracker","Highlight Path","Keyboard Shortcuts","Minty Spire (QoL Compilation)","Permanent Neow","Quick Restart","StSLib","SuperFastMode"],"gold_per_floor":[119,119,269,194,194,229,229,256,330,330,349,362,376,376,376,448,448,467,517,534,534,88,88,105,105,105,105,105,105,105,123,150,150,226,226,237,237,7,7,20,47,58,58,104,104,104],"floor_reached":45,"playtime":1733,"items_purged":["Doubt","Writhe","Fission"],"score":1034,"play_id":"f5accb30-b2ba-4eb1-9619-641ea705fd54","local_time":"20201217042705","is_ascension_mode":true,"campfire_choices":[{"data":"Zap","floor":7.0,"key":"SMITH"},{"data":"Static Discharge","floor":10.0,"key":"SMITH"},{"data":"Sweeping Beam","floor":15.0,"key":"SMITH"},{"data":"Echo Form","floor":23.0,"key":"SMITH"},{"data":"Seek","floor":26.0,"key":"SMITH"},{"data":"Defragment","floor":28.0,"key":"SMITH"},{"floor":33.0,"key":"REST"}],"circlet_count":0,"master_deck":["AscendersBane","Zap+1","Dualcast","Turbo","Reinforced Body","Static Discharge+1","Sweeping Beam+1","Thunder Strike","Echo Form+1","Barrage","Multi-Cast","Chaos","Seek+1","Storm","Coolheaded","Defragment+1","Defragment+1","Go for the Eyes","Double Energy","Electrodynamics","Skim","Go for the Eyes","Skim","Defragment","Streamline"],"relics":["Cracked Core","NeowsBlessing","Lizard Tail","Vajra","Potion Belt","Orichalcum","Eternal Feather","Pandora\u0027s Box","Mercury Hourglass","Bottled Tornado","Kunai","Symbiotic Virus","Enchiridion","StrikeDummy","Snecko Eye","Membership Card","Sundial","Akabeko"],"acts_visited":["Exordium","TheCity","TheBeyond"],"potions_floor_usage":[41,45],"damage_taken":[{"damage":0.0,"enemies":"Small Slimes","floor":1.0,"turns":1.0},{"damage":0.0,"enemies":"Gremlin Nob","floor":6.0,"turns":1.0},{"damage":0.0,"enemies":"Lagavulin","floor":8.0,"turns":1.0},{"damage":1.0,"enemies":"Jaw Worm","floor":11.0,"turns":4.0},{"damage":0.0,"enemies":"Cultist","floor":12.0,"turns":3.0},{"damage":0.0,"enemies":"Exordium Wildlife","floor":13.0,"turns":3.0},{"damage":57.0,"enemies":"Slime Boss","floor":16.0,"turns":9.0},{"damage":17.0,"enemies":"Chosen","floor":18.0,"turns":4.0},{"damage":6.0,"enemies":"3 Byrds","floor":20.0,"turns":2.0},{"damage":28.0,"enemies":"Shelled Parasite and Fungi","floor":24.0,"turns":3.0},{"damage":6.0,"enemies":"Snecko","floor":31.0,"turns":4.0},{"damage":4.0,"enemies":"Slavers","floor":32.0,"turns":3.0},{"damage":29.0,"enemies":"Champ","floor":34.0,"turns":9.0},{"damage":7,"enemies":"Orb Walker","floor":36,"turns":2},{"damage":7,"enemies":"3 Shapes","floor":40,"turns":4},{"damage":59,"enemies":"Giant Head","floor":41,"turns":5},{"damage":17,"enemies":"Sphere and 2 Shapes","floor":42,"turns":3},{"damage":28,"enemies":"Nemesis","floor":45,"turns":3}],"seed_played":"4197072021109737455","potions_obtained":[{"floor":11.0,"key":"Explosive Potion"},{"floor":13.0,"key":"DistilledChaos"},{"floor":31.0,"key":"Weak Potion"},{"floor":32.0,"key":"Fire Potion"},{"floor":36,"key":"FocusPotion"},{"floor":41,"key":"DistilledChaos"}],"is_trial":false,"path_per_floor":["M","?","?","$","T","E","R","E","T","R","M","M","M","?","R","B",null,"M","?","M","?","$","R","M","M","R","T","R","T","?","M","E","R","B",null,"M","?","$","?","M","E","M","$","T","E"],"character_chosen":"DEFECT","items_purchased":["Bottled Tornado","Defragment","Membership Card"],"campfire_rested":1,"item_purchase_floors":[22,22,38],"current_hp_per_floor":[64,53,53,53,53,53,53,53,53,59,58,58,58,63,72,15,61,44,44,38,38,38,47,19,19,28,28,37,37,16,10,6,40,11,60,53,53,53,53,46,38,21,21,21,0,0],"gold":104,"neow_bonus":"THREE_ENEMY_KILL","is_daily":false,"chose_seed":false,"campfire_upgraded":6,"win_rate":0.0,"timestamp":1608146825,"path_taken":["M","?","?","$","?","E","R","E","T","R","M","M","?","?","R","BOSS","M","?","M","?","$","R","M","M","R","T","R","?","?","M","E","R","BOSS","M","?","?","?","?","E","M","?","T","E"],"items_purchased_type":["Relic","Card","Relic"],"build_version":"2020-12-13","purchased_purges":3,"victory":false,"max_hp_per_floor":[71,71,71,71,71,71,71,71,71,71,71,71,71,76,76,76,76,76,76,76,76,76,76,76,76,76,76,76,76,76,76,76,76,76,76,76,76,76,76,76,76,76,76,76,76,76],"card_choices":[{"not_picked":["Redo","Loop"],"picked":"Turbo","floor":1.0},{"not_picked":["Melter","Thunder Strike"],"picked":"Reinforced Body","floor":6.0},{"not_picked":["Hologram","Leap"],"picked":"Static Discharge","floor":8.0},{"not_picked":["Turbo","Stack","Streamline"],"picked":"SKIP","floor":11.0},{"not_picked":["Streamline","BootSequence","Steam Power"],"picked":"SKIP","floor":12.0},{"not_picked":["Cold Snap","Beam Cell"],"picked":"Sweeping Beam","floor":13.0},{"not_picked":["Amplify","Creative AI"],"picked":"Thunder Strike","floor":16.0},{"not_picked":["Barrage","Go for the Eyes"],"picked":"Coolheaded","floor":18.0},{"not_picked":["Redo","Go for the Eyes"],"picked":"Defragment+1","floor":20.0},{"not_picked":["Cold Snap+1","Gash","Conserve Battery"],"picked":"SKIP","floor":24.0},{"not_picked":["Stack","Cold Snap"],"picked":"Go for the Eyes","floor":31.0},{"not_picked":["Cold Snap","Steam"],"picked":"Double Energy","floor":32.0},{"not_picked":["Meteor Strike","Buffer"],"picked":"Electrodynamics","floor":34.0},{"not_picked":["FTL+1","Double Energy+1"],"picked":"Skim","floor":36},{"not_picked":["Redo+1","Genetic Algorithm","Barrage"],"picked":"SKIP","floor":40},{"not_picked":["Beam Cell","Storm+1"],"picked":"Defragment","floor":41},{"not_picked":["Gash","Ball Lightning+1"],"picked":"Streamline","floor":42}],"player_experience":779382,"relics_obtained":[{"floor":5.0,"key":"Vajra"},{"floor":6.0,"key":"Potion Belt"},{"floor":8.0,"key":"Orichalcum"},{"floor":9.0,"key":"Eternal Feather"},{"floor":27.0,"key":"Kunai"},{"floor":29.0,"key":"Symbiotic Virus"},{"floor":30.0,"key":"Enchiridion"},{"floor":32.0,"key":"StrikeDummy"},{"floor":41,"key":"Sundial"},{"floor":44,"key":"Akabeko"}],"event_choices":[{"damage_healed":0.0,"max_hp_gain":0.0,"max_hp_loss":0.0,"gold_gain":0.0,"event_name":"Scrap Ooze","player_choice":"Success","floor":2.0,"gold_loss":0.0,"damage_taken":11.0,"relics_obtained":["Lizard Tail"]},{"damage_healed":0.0,"max_hp_gain":0.0,"max_hp_loss":0.0,"gold_gain":150.0,"event_name":"Liars Game","player_choice":"AGREE","floor":3.0,"gold_loss":0.0,"damage_taken":0.0,"cards_obtained":["Doubt"]},{"damage_healed":0.0,"max_hp_gain":5.0,"max_hp_loss":0.0,"gold_gain":0.0,"event_name":"Big Fish","player_choice":"Donut","floor":14.0,"gold_loss":0.0,"damage_taken":0.0},{"damage_healed":0.0,"max_hp_gain":0.0,"max_hp_loss":0.0,"gold_gain":50.0,"event_name":"Nest","player_choice":"Stole From Cult","floor":19.0,"gold_loss":0.0,"damage_taken":0.0},{"damage_healed":0.0,"max_hp_gain":0.0,"max_hp_loss":0.0,"gold_gain":0.0,"event_name":"The Mausoleum","player_choice":"Opened","floor":21.0,"gold_loss":0.0,"damage_taken":0.0,"relics_obtained":["Mercury Hourglass"],"cards_obtained":["Writhe"]},{"damage_healed":0.0,"max_hp_gain":0.0,"max_hp_loss":0.0,"gold_gain":0.0,"event_name":"Cursed Tome","player_choice":"Obtained Book","floor":30.0,"gold_loss":0.0,"damage_taken":21.0},{"damage_healed":0,"gold_gain":0,"cards_transformed":["Hyperbeam"],"player_choice":"Transformed","damage_taken":0,"max_hp_gain":0,"max_hp_loss":0,"event_name":"Transmorgrifier","floor":37,"gold_loss":0,"cards_obtained":["Go for the Eyes"]},{"damage_healed":0,"gold_gain":0,"player_choice":"Copied","damage_taken":0,"max_hp_gain":0,"max_hp_loss":0,"event_name":"Duplicator","floor":39,"gold_loss":0,"cards_obtained":["Skim"]}],"is_beta":false,"boss_relics":[{"not_picked":["Inserter","Fusion Hammer"],"picked":"Pandora\u0027s Box"},{"not_picked":["Runic Dome","SacredBark"],"picked":"Snecko Eye"}],"items_purged_floors":[4,22,38],"is_endless":false,"potions_floor_spawned":[11,13,31,32,36,41],"killed_by":"Nemesis","ascension_level":20}}