{"host":"oiai0qxasotny765","time":1608151266,"event":{"mods":["2.2 Compatiblity","AchievementEnabler","BaseMod","Colored Map","Minty Spire (QoL Compilation)","Permanent Neow","Relic Stats","StSLib","SuperFastMode","everything is the same but u backflip on backflip"],"gold_per_floor":[114,189,189,204,223,252,252,59,83,94,94,49,63,89,89,166,166,182,33,33,49,62,77,92,92,92,92,92,92,112,112,112,112,112],"floor_reached":33,"playtime":1148,"items_purged":["Defend_G","Strike_G"],"score":432,"play_id":"443ba734-f27f-49b4-b964-b901f046862f","local_time":"20201217054106","is_ascension_mode":true,"campfire_choices":[{"data":"Malaise","floor":7.0,"key":"SMITH"},{"data":"Tactician","floor":11.0,"key":"SMITH"},{"floor":15.0,"key":"REST"},{"floor":25.0,"key":"REST"},{"floor":32,"key":"REST"}],"circlet_count":0,"master_deck":["AscendersBane","Strike_G","Strike_G","Strike_G+1","Defend_G+1","Defend_G","Defend_G","Survivor","Neutralize","Skewer","Malaise+1","Dagger Spray+1","Tactician+1","Flash of Steel","Leg Sweep+1","Acrobatics","Cloak And Dagger","Deadly Poison+1","Finisher","Reflex","Blade Dance","Escape Plan","Footwork"],"relics":["Ring of the Snake","Pen Nib","War Paint","Odd Mushroom","HoveringKite","Ginger","Bag of Marbles"],"acts_visited":["Exordium","TheCity"],"potions_floor_usage":[],"damage_taken":[{"damage":0.0,"enemies":"2 Louse","floor":1.0,"turns":4.0},{"damage":1.0,"enemies":"Jaw Worm","floor":4.0,"turns":4.0},{"damage":0.0,"enemies":"Small Slimes","floor":5.0,"turns":3.0},{"damage":6.0,"enemies":"Gremlin Nob","floor":6.0,"turns":3.0},{"damage":3.0,"enemies":"Looter","floor":10.0,"turns":3.0},{"damage":0.0,"enemies":"Lots of Slimes","floor":13.0,"turns":3.0},{"damage":8.0,"enemies":"The Mushroom Lair","floor":14.0,"turns":4.0},{"damage":3.0,"enemies":"The Guardian","floor":16.0,"turns":13.0},{"damage":6.0,"enemies":"3 Byrds","floor":18.0,"turns":5.0},{"damage":11.0,"enemies":"Spheric Guardian","floor":21.0,"turns":5.0},{"damage":0.0,"enemies":"Snake Plant","floor":22.0,"turns":5.0},{"damage":22.0,"enemies":"Chosen and Byrds","floor":23.0,"turns":6.0},{"damage":5.0,"enemies":"Snecko","floor":24.0,"turns":4.0},{"damage":4,"enemies":"Snake Plant","floor":30,"turns":5},{"damage":46,"enemies":"Champ","floor":33,"turns":14}],"seed_played":"-575976177486827682","potions_obtained":[{"floor":4.0,"key":"ColorlessPotion"},{"floor":5.0,"key":"EssenceOfSteel"},{"floor":6.0,"key":"Fruit Juice"},{"floor":14.0,"key":"Block Potion"},{"floor":18.0,"key":"LiquidMemories"},{"floor":22.0,"key":"Poison Potion"}],"is_trial":false,"path_per_floor":["M","?","?","M","M","E","R","$","T","M","R","$","M","?","R","B",null,"M","$","?","M","M","M","M","R","T","?","$","?","M","?","R","B"],"character_chosen":"THE_SILENT","items_purchased":["Flash of Steel","Leg Sweep","Cloak And Dagger","Blade Dance"],"campfire_rested":3,"item_purchase_floors":[8,8,12,19],"current_hp_per_floor":[59,48,30,29,29,28,28,28,28,25,25,25,25,17,36,33,57,51,51,51,40,40,18,13,32,32,14,14,14,10,10,31,0,0],"gold":112,"neow_bonus":"TRANSFORM_TWO_CARDS","is_daily":false,"chose_seed":false,"campfire_upgraded":2,"win_rate":0.0,"timestamp":1608151266,"path_taken":["M","?","?","M","M","E","R","?","T","M","R","$","M","?","R","BOSS","M","$","?","M","?","M","M","R","T","?","?","?","?","?","R","BOSS"],"items_purchased_type":["Card","Card","Card","Card"],"build_version":"2020-12-13","purchased_purges":2,"victory":false,"max_hp_per_floor":[60,60,60,60,60,65,65,65,65,65,65,65,65,65,65,65,65,65,65,65,65,65,65,65,65,65,70,70,70,70,70,70,70,70],"relic_stats":{"counters":[15,81],"HoveringKite":[16],"Pen Nib":[15],"Ginger":[10],"War Paint":["Defend_G","Leg Sweep"],"obtain_stats":[{"HoveringKite":17,"Pen Nib":6,"Bag of Marbles":26,"Ginger":20,"War Paint":9,"Odd Mushroom":14,"Ring of the Snake":0},{"HoveringKite":8,"Pen Nib":4,"Bag of Marbles":13,"Ginger":9,"War Paint":4,"Odd Mushroom":7,"Ring of the Snake":0},{"HoveringKite":37,"Pen Nib":14,"Bag of Marbles":62,"Ginger":42,"War Paint":14,"Odd Mushroom":24,"Ring of the Snake":0}],"Ring of the Snake":[30]},"card_choices":[{"not_picked":["Flying Knee","Infinite Blades"],"picked":"Dagger Spray","floor":1.0},{"not_picked":["Slice","Sucker Punch","Infinite Blades"],"picked":"SKIP","floor":4.0},{"not_picked":["Deadly Poison","Riddle With Holes"],"picked":"Tactician","floor":5.0},{"not_picked":["Distraction","Dash","Dodge and Roll"],"picked":"SKIP","floor":6.0},{"not_picked":["Distraction","Choke"],"picked":"Acrobatics","floor":10.0},{"not_picked":["Slice","Flying Knee"],"picked":"Deadly Poison","floor":13.0},{"not_picked":["Flying Knee","Caltrops"],"picked":"Finisher","floor":14.0},{"not_picked":["Dodge and Roll","PiercingWail"],"picked":"Reflex","floor":18.0},{"not_picked":["Sucker Punch","Dodge and Roll","Flechettes"],"picked":"SKIP","floor":21.0},{"not_picked":["Blade Dance+1","Dodge and Roll+1"],"picked":"Escape Plan","floor":22.0},{"not_picked":["Bane","Slice"],"picked":"Footwork","floor":23.0},{"not_picked":["Flechettes+1","Eviscerate+1","Dash"],"picked":"SKIP","floor":24.0},{"not_picked":["Finisher","Sucker Punch+1","Bane"],"picked":"SKIP","floor":30}],"player_experience":262707,"relics_obtained":[{"floor":6.0,"key":"Pen Nib"},{"floor":9.0,"key":"War Paint"},{"floor":14.0,"key":"Odd Mushroom"},{"floor":26.0,"key":"Bag of Marbles"}],"event_choices":[{"damage_healed":0.0,"max_hp_gain":0.0,"max_hp_loss":0.0,"gold_gain":75.0,"event_name":"World of Goop","player_choice":"Gather Gold","floor":2.0,"gold_loss":0.0,"damage_taken":11.0},{"damage_healed":0.0,"max_hp_gain":0.0,"max_hp_loss":0.0,"gold_gain":0.0,"event_name":"Shining Light","player_choice":"Entered Light","floor":3.0,"gold_loss":0.0,"damage_taken":18.0,"cards_upgraded":["Dagger Spray","Strike_G"]},{"damage_healed":0.0,"max_hp_gain":0.0,"max_hp_loss":0.0,"gold_gain":0.0,"event_name":"Mushrooms","player_choice":"Fought Mushrooms","floor":14.0,"gold_loss":0.0,"damage_taken":0.0},{"damage_healed":0.0,"max_hp_gain":0.0,"max_hp_loss":0.0,"gold_gain":0.0,"event_name":"WeMeetAgain","player_choice":"Gave Potion","floor":20.0,"gold_loss":0.0,"damage_taken":0.0,"relics_obtained":["Ginger"]},{"damage_healed":0.0,"max_hp_gain":5.0,"max_hp_loss":0.0,"gold_gain":0.0,"event_name":"Forgotten Altar","player_choice":"Shed Blood","floor":27.0,"gold_loss":0.0,"damage_taken":23.0},{"damage_healed":0,"gold_gain":0,"player_choice":"Ignored","damage_taken":0,"max_hp_gain":0,"max_hp_loss":0,"event_name":"Cursed Tome","floor":29,"gold_loss":0},{"damage_healed":0,"gold_gain":0,"player_choice":"Upgraded","damage_taken":0,"max_hp_gain":0,"max_hp_loss":0,"event_name":"Upgrade Shrine","floor":31,"gold_loss":0,"cards_upgraded":["Deadly Poison"]}],"is_beta":false,"boss_relics":[{"not_picked":["Busted Crown","Coffee Dripper"],"picked":"HoveringKite"}],"items_purged_floors":[8,19],"is_endless":false,"potions_floor_spawned":[4,5,6,14,18,22],"killed_by":"Champ","ascension_level":15}}