{"host":"kw4o7b3ro2ktmmbe","time":1608120213,"event":{"mods":["BaseMod","GungeonMod","Minty Spire (QoL Compilation)","StSLib","Treasure Hunter"],"gold_per_floor":[117,135,147,161,236,236,249,249,249,249,263,273,273,273,273,378,378,390,410,423,440,0,0,23,36,36,36,49,61,61,61,61],"floor_reached":31,"playtime":3543,"items_purged":[],"score":260,"play_id":"a3535073-8ecc-4e38-93d0-c734867de1d2","local_time":"20201217010333","is_ascension_mode":false,"campfire_choices":[{"data":"DemoMod:DoubleVision","floor":6.0,"key":"SMITH"},{"data":"DemoMod:Camera","floor":8.0,"key":"SMITH"},{"data":"DemoMod:RustySidearm","floor":10.0,"key":"SMITH"},{"data":"DemoMod:LifeOrb","floor":15,"key":"SMITH"},{"floor":23,"key":"REST"}],"circlet_count":0,"master_deck":["DemoMod:Strike_Huntress","DemoMod:Strike_Huntress","DemoMod:Strike_Huntress","DemoMod:Defend_Huntress","DemoMod:Defend_Huntress","DemoMod:Defend_Huntress","DemoMod:Roll","DemoMod:ManualReload","DemoMod:RustySidearm+1","DemoMod:CrossBow","DemoMod:Camera+1","DemoMod:DoubleVision+1","DemoMod:GunShield","DemoMod:CursedBullets","TH:CopperCoins","DemoMod:LifeOrb+1","DemoMod:ThirdPartyController","DemoMod:BlankBullets","TH:CursedSword","DemoMod:Slinger","DemoMod:LifeOrb","DemoMod:TableSutra","DemoMod:GunslingerForm","DemoMod:AWP+1","DemoMod:BattleInHaste+1","DemoMod:Purify+1","TH:BikiniMail","DemoMod:HighKaliber+1"],"relics":["DemoMod:Dog","Eternal Feather","DemoMod:Wolf","Nloth\u0027s Gift","DemoMod:GlassGuonStoneRelic","Enchiridion"],"acts_visited":["Exordium","TheCity"],"potions_floor_usage":[16,20,21,31],"damage_taken":[{"damage":5.0,"enemies":"Cultist","floor":1.0,"turns":5.0},{"damage":0.0,"enemies":"2 Louse","floor":2.0,"turns":3.0},{"damage":11.0,"enemies":"Small Slimes","floor":3.0,"turns":4.0},{"damage":1.0,"enemies":"Looter","floor":4.0,"turns":5.0},{"damage":6.0,"enemies":"Large Slime","floor":7.0,"turns":8.0},{"damage":1,"enemies":"Blue Slaver","floor":11,"turns":3},{"damage":6,"enemies":"Exordium Thugs","floor":12,"turns":5},{"damage":12,"enemies":"Slime Boss","floor":16,"turns":7},{"damage":27,"enemies":"Spheric Guardian","floor":18,"turns":5},{"damage":10,"enemies":"3 Byrds","floor":19,"turns":4},{"damage":28,"enemies":"Snake Plant","floor":20,"turns":4},{"damage":9,"enemies":"Chosen and Byrds","floor":21,"turns":2},{"damage":6,"enemies":"3 Cultists","floor":24,"turns":3},{"damage":10,"enemies":"Cultist and Chosen","floor":25,"turns":3},{"damage":17,"enemies":"Snake Plant","floor":28,"turns":4},{"damage":14,"enemies":"Centurion and Healer","floor":29,"turns":5},{"damage":9,"enemies":"Shelled Parasite and Fungi","floor":31,"turns":1}],"seed_played":"5208762989966241006","potions_obtained":[{"floor":2.0,"key":"EssenceOfSteel"},{"floor":11,"key":"DistilledChaos"},{"floor":12,"key":"DuplicationPotion"},{"floor":16,"key":"PowerPotion"},{"floor":21,"key":"SpeedPotion"},{"floor":24,"key":"Explosive Potion"},{"floor":28,"key":"FairyPotion"}],"is_trial":false,"path_per_floor":["M","M","M","M","?","R","M","R","T","R","M","M","?","?","R","B",null,"M","M","M","M","?","R","M","M","T","?","M","M","?","M"],"character_chosen":"HUNTRESS","items_purchased":[],"campfire_rested":1,"item_purchase_floors":[],"current_hp_per_floor":[72,72,61,60,53,53,47,47,47,56,55,49,49,49,58,46,77,50,40,12,3,3,38,32,22,22,22,5,23,7,0,0],"gold":61,"neow_bonus":"TEN_PERCENT_HP_BONUS","is_daily":false,"chose_seed":false,"campfire_upgraded":4,"win_rate":0.0,"timestamp":1608120213,"path_taken":["M","M","?","?","?","R","M","R","T","R","?","M","?","?","R","BOSS","M","M","M","M","?","R","M","M","T","?","M","?","?","M"],"items_purchased_type":[],"build_version":"2020-12-13","purchased_purges":0,"victory":false,"max_hp_per_floor":[77,77,77,77,77,77,77,77,77,77,77,77,77,77,77,77,77,77,77,77,77,77,77,77,77,77,77,77,77,77,77,77],"card_choices":[{"not_picked":["DemoMod:FortunesFavor","DemoMod:JK47"],"picked":"DemoMod:Camera","floor":1.0},{"not_picked":["DemoMod:SkilledReload","DemoMod:SniperShot"],"picked":"DemoMod:DoubleVision","floor":2.0},{"not_picked":["DemoMod:JK47","DemoMod:StickyCrossBow"],"picked":"DemoMod:GunShield","floor":3.0},{"not_picked":["DemoMod:ConditionalReflex","DemoMod:Ejector","DemoMod:Unmoved"],"picked":"SKIP","floor":4.0},{"not_picked":["DemoMod:StickyCrossBow","DemoMod:AWP"],"picked":"DemoMod:CursedBullets","floor":7.0},{"not_picked":["TH:EnergyPotion"],"picked":"TH:CopperCoins","floor":9.0},{"not_picked":["DemoMod:AWP","DemoMod:MachoBrace"],"picked":"DemoMod:LifeOrb","floor":11},{"not_picked":["DemoMod:Camera","DemoMod:EasyReloadBullets"],"picked":"DemoMod:ThirdPartyController","floor":12},{"not_picked":["TH:Mimic"],"picked":"TH:CursedSword","floor":16},{"not_picked":["DemoMod:DoubleVision","DemoMod:ThirdPartyController"],"picked":"DemoMod:Slinger","floor":16},{"not_picked":["DemoMod:ConditionalReflex","DemoMod:PracticeMakesPerfect"],"picked":"DemoMod:LifeOrb","floor":18},{"not_picked":["DemoMod:SAA","DemoMod:PotionOfGunFriendShip"],"picked":"DemoMod:TableSutra","floor":19},{"not_picked":["DemoMod:SAA+1","DemoMod:HighKaliber","DemoMod:FeignSurrender+1"],"picked":"SKIP","floor":20},{"not_picked":["DemoMod:Ejector","DemoMod:HardPowerCard+1"],"picked":"DemoMod:GunslingerForm","floor":21},{"not_picked":["DemoMod:MegaHand","DemoMod:Unmoved"],"picked":"DemoMod:AWP+1","floor":21},{"not_picked":["DemoMod:ConditionalReflex","DemoMod:MegaHand"],"picked":"DemoMod:BattleInHaste+1","floor":24},{"not_picked":["DemoMod:TripleGun","DemoMod:AWP+1"],"picked":"DemoMod:Purify+1","floor":25},{"not_picked":["TH:ElvenBoots"],"picked":"TH:BikiniMail","floor":26},{"not_picked":["DemoMod:AWP","DemoMod:BoxingGlove","DemoMod:StickyCrossBow"],"picked":"SKIP","floor":28},{"not_picked":["DemoMod:DoubleSwitch+1","DemoMod:BattleInHaste+1"],"picked":"DemoMod:HighKaliber+1","floor":29}],"player_experience":1723902,"relics_obtained":[{"floor":9.0,"key":"Eternal Feather"},{"floor":26,"key":"Bottled Flame"},{"floor":30,"key":"Enchiridion"}],"event_choices":[{"damage_healed":0.0,"max_hp_gain":0.0,"max_hp_loss":0.0,"gold_gain":75.0,"event_name":"FaceTrader","player_choice":"Touch","floor":5.0,"gold_loss":0.0,"damage_taken":7.0},{"damage_healed":0,"gold_gain":0,"cards_transformed":["DemoMod:Defend_Huntress"],"player_choice":"Change","damage_taken":0,"max_hp_gain":0,"max_hp_loss":0,"event_name":"Living Wall","floor":13,"gold_loss":0,"cards_obtained":["DemoMod:BlankBullets"]},{"damage_healed":0,"gold_gain":0,"player_choice":"Ignored","damage_taken":0,"max_hp_gain":0,"max_hp_loss":0,"event_name":"Liars Game","floor":14,"gold_loss":0},{"damage_healed":0,"gold_gain":0,"player_choice":"Paid Fearfully","damage_taken":0,"max_hp_gain":0,"max_hp_loss":0,"event_name":"Masked Bandits","floor":22,"gold_loss":440},{"damage_healed":0,"gold_gain":0,"player_choice":"Traded Relic","damage_taken":0,"relics_obtained":["Nloth\u0027s Gift"],"max_hp_gain":0,"max_hp_loss":0,"event_name":"N\u0027loth","floor":27,"relics_lost":["Bottled Flame"],"gold_loss":0},{"damage_healed":0,"gold_gain":0,"player_choice":"Obtained Book","damage_taken":16,"max_hp_gain":0,"max_hp_loss":0,"event_name":"Cursed Tome","floor":30,"gold_loss":0}],"is_beta":false,"boss_relics":[{"not_picked":["Astrolabe","Runic Dome"],"picked":"DemoMod:Wolf"}],"items_purged_floors":[],"is_endless":false,"potions_floor_spawned":[2,11,12,16,18,21,24,28],"killed_by":"Shelled Parasite and Fungi","ascension_level":0}}