{"host":"78hrz0ylpj9lzvi8","time":1608136877,"event":{"mods":["BaseMod","Bestiary","Block Reminder","Curses Come First","Minty Spire (QoL Compilation)","Quick Restart","Random Character Button","Relic Stats","StSLib"],"gold_per_floor":[112,14,32,32,48,74,139,173,173,204,224,224,224,249,249,249,249],"floor_reached":16,"playtime":728,"items_purged":[],"score":256,"play_id":"0029252b-64f7-4f73-85e2-2ec6aea9f0a7","local_time":"20201216134117","is_ascension_mode":true,"campfire_choices":[{"data":"Glacier","floor":13.0,"key":"SMITH"},{"data":"Steam Power","floor":15,"key":"SMITH"}],"circlet_count":0,"master_deck":["AscendersBane","Strike_B","Strike_B","Strike_B","Defend_B","Defend_B","Defend_B","Defend_B","Zap","Dualcast","Cold Snap","Rip and Tear","Sweeping Beam","Rebound","White Noise","Hologram","Ball Lightning","Glacier+1","Steam Power+1","Loop"],"relics":["Nuclear Battery","Potion Belt","Mercury Hourglass","Singing Bowl","Pantograph","Pen Nib"],"acts_visited":["Exordium"],"potions_floor_usage":[14],"damage_taken":[{"damage":2.0,"enemies":"Jaw Worm","floor":1.0,"turns":4.0},{"damage":4.0,"enemies":"2 Louse","floor":3.0,"turns":3.0},{"damage":0.0,"enemies":"Cultist","floor":5.0,"turns":3.0},{"damage":22.0,"enemies":"3 Sentries","floor":6.0,"turns":7.0},{"damage":6.0,"enemies":"Gremlin Nob","floor":7.0,"turns":3.0},{"damage":2.0,"enemies":"Gremlin Nob","floor":8.0,"turns":3.0},{"damage":5.0,"enemies":"3 Sentries","floor":10.0,"turns":3.0},{"damage":0.0,"enemies":"2 Fungi Beasts","floor":11.0,"turns":2.0},{"damage":11,"enemies":"Gremlin Nob","floor":14,"turns":3},{"damage":30,"enemies":"Hexaghost","floor":16,"turns":9}],"seed_played":"7525646108888343547","potions_obtained":[{"floor":3.0,"key":"GamblersBrew"},{"floor":6.0,"key":"PowerPotion"},{"floor":7.0,"key":"SkillPotion"},{"floor":10.0,"key":"BlessingOfTheForge"}],"is_trial":false,"path_per_floor":["M","$","M","?","M","E","?","E","T","E","M","?","R","E","R","B"],"character_chosen":"DEFECT","items_purchased":["Rip and Tear","Sweeping Beam"],"campfire_rested":0,"item_purchase_floors":[2,2],"current_hp_per_floor":[62,62,58,51,51,29,23,21,21,16,16,16,16,5,5,0,0],"gold":249,"neow_bonus":"BOSS_RELIC","is_daily":false,"chose_seed":false,"campfire_upgraded":2,"win_rate":0.0,"timestamp":1608136877,"path_taken":["M","$","M","?","M","E","?","E","T","E","M","?","R","E","R","BOSS"],"items_purchased_type":["Card","Card"],"build_version":"2020-12-13","purchased_purges":0,"victory":false,"max_hp_per_floor":[71,71,71,71,71,71,71,71,71,71,71,71,71,71,71,71,71],"relic_stats":{"Singing Bowl":0,"counters":[10,40],"Pantograph":25,"Pen Nib":[1],"obtain_stats":[{"Potion Belt":6,"Singing Bowl":8,"Pantograph":10,"Pen Nib":14,"Cracked Core":0,"Nuclear Battery":0,"Mercury Hourglass":7},{"Potion Belt":4,"Singing Bowl":6,"Pantograph":7,"Pen Nib":9,"Cracked Core":0,"Nuclear Battery":0,"Mercury Hourglass":5},{"Potion Belt":17,"Singing Bowl":23,"Pantograph":26,"Pen Nib":31,"Cracked Core":0,"Nuclear Battery":0,"Mercury Hourglass":20}],"Mercury Hourglass":[75]},"card_choices":[{"not_picked":["Beam Cell","Rebound"],"picked":"Cold Snap","floor":1.0},{"not_picked":["Consume","Sweeping Beam"],"picked":"Rebound","floor":3.0},{"not_picked":["Stack","Redo"],"picked":"White Noise","floor":5.0},{"not_picked":["Redo","Coolheaded"],"picked":"Hologram","floor":6.0},{"not_picked":["Go for the Eyes","Amplify"],"picked":"Ball Lightning","floor":8.0},{"not_picked":["Defragment","Undo"],"picked":"Glacier","floor":10.0},{"not_picked":["Compile Driver","White Noise"],"picked":"Steam Power","floor":11.0},{"not_picked":["Cold Snap","Machine Learning"],"picked":"Loop","floor":14}],"player_experience":948962,"relics_obtained":[{"floor":6.0,"key":"Potion Belt"},{"floor":7.0,"key":"Mercury Hourglass"},{"floor":8.0,"key":"Singing Bowl"},{"floor":10.0,"key":"Pantograph"},{"floor":14,"key":"Pen Nib"}],"event_choices":[{"cards_removed":["Strike_B"],"damage_healed":0.0,"max_hp_gain":0.0,"max_hp_loss":0.0,"gold_gain":0.0,"event_name":"Golden Wing","player_choice":"Card Removal","floor":4.0,"gold_loss":0.0,"damage_taken":7.0},{"damage_healed":0.0,"max_hp_gain":0.0,"max_hp_loss":0.0,"gold_gain":30.0,"event_name":"Dead Adventurer","player_choice":"Searched \u00272\u0027 times","floor":7.0,"gold_loss":0.0,"damage_taken":0.0},{"damage_healed":0.0,"max_hp_gain":0.0,"max_hp_loss":0.0,"gold_gain":0.0,"event_name":"Liars Game","player_choice":"Ignored","floor":12.0,"gold_loss":0.0,"damage_taken":0.0}],"is_beta":false,"boss_relics":[],"items_purged_floors":[],"is_endless":false,"potions_floor_spawned":[3,6,7,10],"killed_by":"Hexaghost","ascension_level":20}}