{"host":"1c52r9kaxdyo25eq","time":1608119337,"event":{"mods":["AchievementEnabler","BaseMod","Minty Spire (QoL Compilation)","Rare Cards Sparkle","SuperFastMode","everything is the same but u backflip on backflip"],"gold_per_floor":[114,131,181,197,211,221,221,146,199,214,234,134,160,160,160,239,239,259,184,184,24,44,79,79,79],"floor_reached":24,"playtime":552,"items_purged":["Strike_G","Strike_G"],"score":436,"play_id":"c2c40324-661e-4759-b581-d4e62d12b7bf","local_time":"20201216204857","is_ascension_mode":true,"campfire_choices":[{"data":"Predator","floor":7.0,"key":"SMITH"},{"data":"Accuracy","floor":15.0,"key":"SMITH"}],"circlet_count":0,"master_deck":["AscendersBane","Strike_G","Strike_G","Defend_G","Defend_G","Defend_G","Defend_G","Defend_G","Survivor","Neutralize","Accuracy+1","Predator+1","Prepared","Masterful Stab","Blade Dance","After Image","Footwork","Accuracy+1","Terror","Escape Plan"],"relics":["Ring of the Snake","Bag of Preparation","Ancient Tea Set","Eternal Feather","Bag of Marbles","Black Star","DollysMirror","Paper Crane","Pantograph"],"acts_visited":["Exordium","TheCity"],"potions_floor_usage":[],"damage_taken":[{"damage":6.0,"enemies":"Cultist","floor":1.0,"turns":5.0},{"damage":1.0,"enemies":"2 Louse","floor":2.0,"turns":3.0},{"damage":4.0,"enemies":"Small Slimes","floor":4.0,"turns":3.0},{"damage":6.0,"enemies":"Looter","floor":5.0,"turns":4.0},{"damage":0.0,"enemies":"3 Louse","floor":6.0,"turns":5.0},{"damage":5.0,"enemies":"2 Fungi Beasts","floor":10.0,"turns":4.0},{"damage":3.0,"enemies":"Blue Slaver","floor":11.0,"turns":3.0},{"damage":6.0,"enemies":"Gremlin Nob","floor":13.0,"turns":3.0},{"damage":24.0,"enemies":"Slime Boss","floor":16.0,"turns":8.0},{"damage":25.0,"enemies":"Shell Parasite","floor":18.0,"turns":3.0},{"damage":0.0,"enemies":"2 Thieves","floor":22.0,"turns":5.0},{"damage":14.0,"enemies":"Gremlin Leader","floor":23.0,"turns":4.0},{"damage":14,"enemies":"Snake Plant","floor":24,"turns":2}],"seed_played":"7799869301920713197","potions_obtained":[{"floor":1.0,"key":"SpeedPotion"},{"floor":4.0,"key":"SkillPotion"},{"floor":16.0,"key":"EssenceOfSteel"},{"floor":22.0,"key":"AttackPotion"}],"is_trial":false,"path_per_floor":["M","M","?","M","M","M","R","$","T","M","M","$","E","?","R","B",null,"M","?","?","$","M","E","M"],"character_chosen":"THE_SILENT","items_purchased":["DollysMirror"],"campfire_rested":0,"item_purchase_floors":[21],"current_hp_per_floor":[53,52,46,42,36,36,36,36,36,31,28,28,22,22,31,7,51,26,26,26,26,26,12,0,0],"gold":79,"neow_bonus":"RANDOM_COMMON_RELIC","is_daily":false,"chose_seed":false,"campfire_upgraded":2,"win_rate":0.0,"timestamp":1608119337,"path_taken":["M","?","?","M","?","M","R","?","T","M","M","$","E","?","R","BOSS","M","?","?","$","M","E","M"],"items_purchased_type":["Relic"],"build_version":"2020-12-13","purchased_purges":2,"victory":false,"max_hp_per_floor":[66,66,66,66,66,66,66,66,66,66,66,66,66,66,66,66,66,66,66,66,66,66,66,66,66],"card_choices":[{"not_picked":["Noxious Fumes","Slice"],"picked":"Accuracy","floor":1.0},{"not_picked":["Calculated Gamble","Escape Plan"],"picked":"Predator","floor":2.0},{"not_picked":["Slice","Expertise","Predator"],"picked":"SKIP","floor":4.0},{"not_picked":["Deflect","Poisoned Stab","Finisher"],"picked":"SKIP","floor":5.0},{"not_picked":["PiercingWail","Expertise"],"picked":"Prepared","floor":6.0},{"not_picked":["PiercingWail","Deadly Poison"],"picked":"Masterful Stab","floor":10.0},{"not_picked":["Deadly Poison","Setup"],"picked":"Blade Dance","floor":11.0},{"not_picked":["Dagger Throw","Sucker Punch","PiercingWail"],"picked":"SKIP","floor":13.0},{"not_picked":["Unload","Corpse Explosion"],"picked":"After Image","floor":16.0},{"not_picked":["Backflip","PiercingWail+1"],"picked":"Footwork","floor":18.0},{"not_picked":["Eviscerate","Bane"],"picked":"Terror","floor":22.0},{"not_picked":["Quick Slash","Poisoned Stab"],"picked":"Escape Plan","floor":23.0}],"player_experience":485273,"relics_obtained":[{"floor":9.0,"key":"Ancient Tea Set"},{"floor":13.0,"key":"Eternal Feather"},{"floor":23.0,"key":"Paper Crane"},{"floor":23.0,"key":"Pantograph"}],"event_choices":[{"damage_healed":0.0,"max_hp_gain":0.0,"max_hp_loss":0.0,"gold_gain":50.0,"event_name":"FaceTrader","player_choice":"Touch","floor":3.0,"gold_loss":0.0,"damage_taken":6.0},{"damage_healed":0.0,"max_hp_gain":0.0,"max_hp_loss":0.0,"gold_gain":0.0,"event_name":"Dead Adventurer","player_choice":"Searched \u00271\u0027 times","floor":14.0,"gold_loss":0.0,"damage_taken":0.0,"relics_obtained":["Bag of Marbles"]},{"cards_removed":["Strike_G"],"damage_healed":0.0,"max_hp_gain":0.0,"max_hp_loss":0.0,"gold_gain":0.0,"event_name":"Beggar","player_choice":"Gave Gold","floor":19.0,"gold_loss":75.0,"damage_taken":0.0},{"damage_healed":0.0,"max_hp_gain":0.0,"max_hp_loss":0.0,"gold_gain":0.0,"event_name":"Ghosts","player_choice":"Ignored","floor":20.0,"gold_loss":0.0,"damage_taken":0.0}],"is_beta":false,"boss_relics":[{"not_picked":["Calling Bell","Philosopher\u0027s Stone"],"picked":"Black Star"}],"items_purged_floors":[8,12],"is_endless":false,"potions_floor_spawned":[1,4,10,11,16,22],"killed_by":"Snake Plant","ascension_level":20}}