{"host":"6p0attdrtjqaih7v","time":1608098737,"event":{"mods":["2.2 Compatiblity","AchievementEnabler","Bard","BaseMod","Better Skull","Better Third Choice","Colored Powertips","Hermit","Highlight Path","Jorbs\u0027s Wanderer Trilogy","Key Reminder","Minty Spire (QoL Compilation)","Permanent Neow","Quick Restart","Random Character Button","Relic Stats","Replay The Spire","StSLib","The Construct"],"gold_per_floor":[364,378,378,389,399,399,0,28,99,126,136,96,96,75,75,152,152,163,9,23,49,49,49,81,101,101,133,133,161,173,223,223,300,300,316,316,366,384,404,404,15,15,62,62,284,333,126,155,155,155],"floor_reached":51,"playtime":3298,"items_purged":["Defend_G","Strike_G","Strike_G","Defend_G"],"score":1553,"play_id":"3e6b940a-57e6-49eb-879c-5c6e5e911076","local_time":"20201216010537","is_ascension_mode":true,"campfire_choices":[{"floor":6,"key":"REST"},{"data":"Blade Dance","floor":15,"key":"SMITH"},{"data":"Venomology","floor":23,"key":"SMITH"},{"data":"Strike_G","floor":28,"key":"PURGE"},{"data":"Noxious Fumes","floor":32,"key":"SMITH"},{"data":"Strike_G","floor":40,"key":"PURGE"},{"data":"Defend_G","floor":42,"key":"PURGE"},{"data":"Defend_G","floor":44,"key":"PURGE"},{"data":"Defend_G","floor":49,"key":"PURGE"}],"circlet_count":0,"master_deck":["AscendersBane","Survivor","Neutralize","Noxious Fumes+1","ReplayTheSpireMod:Speed Training","ReplayTheSpireMod:Scrap Shanks","Blur","PiercingWail","Quick Slash","Predator","Leg Sweep","Cloak And Dagger","PiercingWail","Poisoned Stab","Blade Dance+1","Venomology+1","Blur","Blade Dance","Footwork+1","ReplayTheSpireMod:Scrap Shanks","Unload","ReplayTheSpireMod:Scrap Shanks","Calculated Gamble","Backflip"],"relics":["Ring of the Snake","CultistMask","BargainBundle","Orichalcum","keyreminder:keyreminder","Dead Branch","Chameleon Ring","Bag of Preparation","SacredBark","Red Mask","Peace Pipe","Bottled Tornado","Pantograph","MealTicket","Fusion Hammer","Ginger","HornCleat","Strawberry","Centennial Puzzle"],"acts_visited":["Exordium","TheCity","TheBeyond"],"potions_floor_usage":[5,10,16,18,18,21,24,24,25,27,27,29,30,33,33,37,37,38,39,39,48,50,50,50],"damage_taken":[{"damage":9,"enemies":"Jaw Worm","floor":1,"turns":6},{"damage":0,"enemies":"Cultist","floor":2,"turns":5},{"damage":2,"enemies":"2 Louse","floor":4,"turns":5},{"damage":16,"enemies":"Exordium Thugs","floor":5,"turns":6},{"damage":12,"enemies":"Replay:BlueRogue","floor":8,"turns":11},{"damage":0,"enemies":"Lagavulin","floor":10,"turns":5},{"damage":0,"enemies":"Exordium Wildlife","floor":11,"turns":6},{"damage":0,"enemies":"Looter","floor":12,"turns":4},{"damage":2,"enemies":"Exordium Thugs","floor":14,"turns":4},{"damage":1,"enemies":"The Guardian","floor":16,"turns":9},{"damage":6,"enemies":"2 Thieves","floor":18,"turns":4},{"damage":0,"enemies":"3 Byrds","floor":20,"turns":5},{"damage":8,"enemies":"Masked Bandits","floor":21,"turns":6},{"damage":16,"enemies":"Book of Stabbing","floor":24,"turns":5},{"damage":39,"enemies":"Cultist and Chosen","floor":25,"turns":8},{"damage":0,"enemies":"Slavers","floor":27,"turns":8},{"damage":11,"enemies":"Book of Stabbing","floor":29,"turns":5},{"damage":8,"enemies":"Snake Plant","floor":30,"turns":7},{"damage":22,"enemies":"Automaton","floor":33,"turns":6},{"damage":10,"enemies":"3 Darklings","floor":35,"turns":6},{"damage":17,"enemies":"2 Orb Walkers","floor":37,"turns":5},{"damage":8,"enemies":"Orb Walker","floor":38,"turns":3},{"damage":0,"enemies":"Sphere and 2 Shapes","floor":39,"turns":4},{"damage":0,"enemies":"Nemesis","floor":48,"turns":5},{"damage":5,"enemies":"Awakened One","floor":50,"turns":10}],"seed_played":"5270453321339572373","potions_obtained":[{"floor":2,"key":"Ancient Potion"},{"floor":4,"key":"Fire Potion"},{"floor":8,"key":"Poison Potion"},{"floor":10,"key":"Block Potion"},{"floor":11,"key":"Strength Potion"},{"floor":21,"key":"Weak Potion"},{"floor":25,"key":"BlessingOfTheForge"},{"floor":29,"key":"DistilledChaos"},{"floor":33,"key":"SpeedPotion"},{"floor":37,"key":"Weak Potion"},{"floor":39,"key":"LiquidBronze"}],"is_trial":false,"path_per_floor":["M","M","?","M","M","R","$","E","T","E","M","M","?","M","R","B",null,"M","$","M","?","$","R","E","M","T","E","R","E","M","?","R","B",null,"M","?","?","M","M","R","$","R","T","R","?","T","$","E","R","B",null],"character_chosen":"THE_SILENT","items_purchased":["BargainBundle","Orichalcum","Blur","PiercingWail","Quick Slash","Predator","Death Potion","ColorlessPotion","Blade Dance","HornCleat","Backflip"],"campfire_rested":1,"item_purchase_floors":[7,7,7,7,7,7,7,7,19,41,47],"current_hp_per_floor":[35,35,35,33,17,36,36,24,24,24,24,24,24,22,22,21,55,49,49,49,41,41,41,25,66,66,66,66,55,47,47,47,44,61,51,51,34,26,26,26,41,41,41,41,41,48,63,63,63,68],"gold":155,"neow_bonus":"TWO_FIFTY_GOLD","is_daily":false,"chose_seed":false,"campfire_upgraded":3,"win_rate":0.0,"timestamp":1608098737,"path_taken":["M","M","?","M","M","R","$","E","T","E","M","?","?","M","R","BOSS","M","$","M","?","$","R","E","M","T","E","R","E","M","?","R","BOSS","M","?","?","M","?","R","$","R","T","R","?","?","$","E","R","BOSS"],"items_purchased_type":["Relic","Relic","Card","Card","Card","Card","Potion","Potion","Card","Relic","Card"],"build_version":"2020-12-13","purchased_purges":4,"victory":true,"max_hp_per_floor":[66,66,66,66,66,66,66,66,66,66,66,66,66,66,66,66,66,66,66,66,66,66,66,66,66,66,66,66,66,66,66,66,66,66,66,66,66,66,66,66,66,66,66,66,66,73,73,73,73,73],"relic_stats":{"Peace Pipe":5,"Centennial Puzzle":[3],"counters":[25,148],"Dead Branch":[508],"Pantograph":29,"MealTicket":30,"Bag of Preparation":[38],"Ginger":[0],"Orichalcum":[102],"obtain_stats":[{"BargainBundle":7,"Dead Branch":8,"SacredBark":17,"Bag of Preparation":10,"Ginger":37,"Orichalcum":7,"Bottled Tornado":26,"keyreminder:keyreminder":8,"Peace Pipe":24,"Centennial Puzzle":48,"Chameleon Ring":9,"HornCleat":41,"Pantograph":27,"Strawberry":46,"MealTicket":29,"CultistMask":3,"Fusion Hammer":34,"Red Mask":21,"Ring of the Snake":0},{"BargainBundle":4,"Dead Branch":5,"SacredBark":10,"Bag of Preparation":6,"Ginger":21,"Orichalcum":4,"Bottled Tornado":15,"keyreminder:keyreminder":5,"Peace Pipe":14,"Centennial Puzzle":24,"Chameleon Ring":5,"HornCleat":23,"Pantograph":16,"Strawberry":23,"MealTicket":17,"CultistMask":2,"Fusion Hammer":19,"Red Mask":13,"Ring of the Snake":0},{"BargainBundle":22,"Dead Branch":33,"SacredBark":61,"Bag of Preparation":38,"Ginger":126,"Orichalcum":22,"Bottled Tornado":89,"keyreminder:keyreminder":33,"Peace Pipe":81,"Centennial Puzzle":138,"Chameleon Ring":33,"HornCleat":133,"Pantograph":97,"Strawberry":133,"MealTicket":102,"CultistMask":11,"Fusion Hammer":115,"Red Mask":76,"Ring of the Snake":0}],"Ring of the Snake":[50]},"card_choices":[{"not_picked":["Deflect","Outmaneuver","Prepared"],"picked":"SKIP","floor":1},{"not_picked":["Slice","Prepared"],"picked":"Noxious Fumes","floor":2},{"not_picked":["Noxious Fumes","Underhanded Strike"],"picked":"ReplayTheSpireMod:Speed Training","floor":4},{"not_picked":["Wraith Form v2","Underhanded Strike"],"picked":"ReplayTheSpireMod:Scrap Shanks","floor":5},{"not_picked":["Infinite Blades","All Out Attack"],"picked":"Leg Sweep","floor":8},{"not_picked":["Slice","Bouncing Flask"],"picked":"Cloak And Dagger","floor":10},{"not_picked":["Heel Hook","Backflip"],"picked":"PiercingWail","floor":11},{"not_picked":["Underhanded Strike","Choke"],"picked":"Poisoned Stab","floor":12},{"not_picked":["Bane","Poisoned Stab"],"picked":"Blade Dance","floor":14},{"not_picked":["Wraith Form v2","Glass Knife"],"picked":"Venomology","floor":16},{"not_picked":["Outmaneuver","Setup"],"picked":"Blur","floor":18},{"not_picked":["Bane","Backflip","Flying Knee"],"picked":"SKIP","floor":20},{"not_picked":["Backflip","Deflect"],"picked":"Footwork+1","floor":21},{"not_picked":["Choke","Acrobatics","Sneak Up"],"picked":"SKIP","floor":24},{"not_picked":["Deflect","Replay:Poison Smokescreen"],"picked":"ReplayTheSpireMod:Scrap Shanks","floor":25},{"not_picked":["Grand Finale","Quick Slash","Deflect"],"picked":"SKIP","floor":27},{"not_picked":["Dodge and Roll","ReplayTheSpireMod:Speed Training"],"picked":"Unload","floor":29},{"not_picked":["Prepared","Sneak Up","Quick Slash"],"picked":"SKIP","floor":30},{"not_picked":["Slice+1","Deflect","Skewer"],"picked":"SKIP","floor":35},{"not_picked":["Outmaneuver","Dagger Throw"],"picked":"ReplayTheSpireMod:Scrap Shanks","floor":37},{"not_picked":["Leg Sweep","Backflip"],"picked":"Calculated Gamble","floor":38},{"not_picked":["Deadly Poison","Outmaneuver","Draining Mist+1"],"picked":"SKIP","floor":39},{"not_picked":["Quick Slash","Well Laid Plans","Flying Knee"],"picked":"SKIP","floor":48}],"player_experience":859321,"relics_obtained":[{"floor":8,"key":"Dead Branch"},{"floor":9,"key":"Chameleon Ring"},{"floor":10,"key":"Bag of Preparation"},{"floor":21,"key":"Red Mask"},{"floor":24,"key":"Peace Pipe"},{"floor":26,"key":"Bottled Tornado"},{"floor":27,"key":"Pantograph"},{"floor":29,"key":"MealTicket"},{"floor":37,"key":"Ginger"},{"floor":46,"key":"Strawberry"},{"floor":48,"key":"Centennial Puzzle"}],"event_choices":[{"damage_healed":0,"gold_gain":0,"player_choice":"Trade","damage_taken":0,"relics_obtained":["CultistMask"],"max_hp_gain":0,"max_hp_loss":0,"event_name":"FaceTrader","floor":3,"gold_loss":0},{"cards_removed":["Strike_G"],"damage_healed":0,"gold_gain":0,"player_choice":"Purged","damage_taken":0,"max_hp_gain":0,"max_hp_loss":0,"event_name":"Purifier","floor":13,"gold_loss":0},{"damage_healed":0,"gold_gain":0,"player_choice":"Fought Bandits","damage_taken":0,"max_hp_gain":0,"max_hp_loss":0,"event_name":"Masked Bandits","floor":21,"gold_loss":0},{"damage_healed":0,"gold_gain":50,"player_choice":"Pray","damage_taken":0,"max_hp_gain":0,"max_hp_loss":0,"event_name":"Golden Shrine","floor":31,"gold_loss":0},{"damage_healed":0,"gold_gain":0,"player_choice":"Fight","damage_taken":0,"max_hp_gain":0,"max_hp_loss":0,"event_name":"Mysterious Sphere","floor":37,"gold_loss":0},{"damage_healed":0,"gold_gain":222,"player_choice":"Wore Mask","damage_taken":0,"max_hp_gain":0,"max_hp_loss":0,"event_name":"Tomb of Lord Red Mask","floor":45,"gold_loss":0}],"is_beta":false,"boss_relics":[{"not_picked":["Tiny House","Replay:Bronze Core"],"picked":"SacredBark"},{"not_picked":["Snecko Eye","Velvet Choker"],"picked":"Fusion Hammer"}],"items_purged_floors":[7,19,41,47],"is_endless":false,"potions_floor_spawned":[2,4,8,10,11,21,25,29,33,37,39,48],"ascension_level":18}}