{"host":"c2vrdknshfutmcsq","time":1608110959,"event":{"mods":["BaseMod","Minty Spire (QoL Compilation)"],"gold_per_floor":[109,59,74,84,97,128,128,158,158,158,223,43,60,70,70,165,165,185,185,110,126,126,126,156,190,190,205,224,224,250,250,250],"floor_reached":31,"playtime":1742,"items_purged":[],"score":459,"play_id":"62c55b80-067d-4930-8e8c-b746d0868fb3","local_time":"20201216102919","is_ascension_mode":true,"campfire_choices":[{"floor":7.0,"key":"REST"},{"floor":10.0,"key":"REST"},{"floor":15.0,"key":"REST"},{"data":"Dualcast","floor":23.0,"key":"SMITH"},{"floor":29,"key":"REST"}],"circlet_count":0,"master_deck":["AscendersBane","Defend_B","Zap","Dualcast+1","Defragment","Aggregate","FTL","Rainbow","Echo Form","All For One","Melter","Stack","Stack","Thunder Strike","Beam Cell+1","Sunder+1","Redo+1","Lockon","Leap+1","Coolheaded+1","Tempest+1","Electrodynamics","Rebound+1","Go for the Eyes+1"],"relics":["Cracked Core","Ginger","Boot","Happy Flower","Bag of Marbles","Astrolabe","Toxic Egg 2","Tiny Chest","Red Mask","Gremlin Horn","Matryoshka"],"acts_visited":["Exordium","TheCity"],"potions_floor_usage":[25,30,30],"damage_taken":[{"damage":2.0,"enemies":"Jaw Worm","floor":1.0,"turns":3.0},{"damage":14.0,"enemies":"Small Slimes","floor":3.0,"turns":3.0},{"damage":0.0,"enemies":"2 Louse","floor":4.0,"turns":2.0},{"damage":0.0,"enemies":"2 Fungi Beasts","floor":5.0,"turns":3.0},{"damage":20.0,"enemies":"Lagavulin","floor":6.0,"turns":6.0},{"damage":32.0,"enemies":"Gremlin Nob","floor":8.0,"turns":5.0},{"damage":6.0,"enemies":"Blue Slaver","floor":13.0,"turns":2.0},{"damage":14.0,"enemies":"Exordium Thugs","floor":14.0,"turns":4.0},{"damage":16.0,"enemies":"The Guardian","floor":16.0,"turns":10.0},{"damage":3.0,"enemies":"Chosen","floor":18.0,"turns":3.0},{"damage":0.0,"enemies":"Spheric Guardian","floor":21.0,"turns":2.0},{"damage":0.0,"enemies":"Snake Plant","floor":22.0,"turns":1.0},{"damage":33.0,"enemies":"Book of Stabbing","floor":24.0,"turns":5.0},{"damage":0,"enemies":"Masked Bandits","floor":25,"turns":4},{"damage":0,"enemies":"Sentry and Sphere","floor":27,"turns":2},{"damage":9,"enemies":"Chosen and Byrds","floor":28,"turns":4},{"damage":9,"enemies":"Slavers","floor":30,"turns":3},{"damage":27,"enemies":"Centurion and Healer","floor":31,"turns":3}],"seed_played":"7509640160730802835","potions_obtained":[{"floor":5.0,"key":"SteroidPotion"},{"floor":6.0,"key":"PotionOfCapacity"},{"floor":14.0,"key":"DistilledChaos"},{"floor":16.0,"key":"SmokeBomb"},{"floor":18.0,"key":"Block Potion"},{"floor":24.0,"key":"Ancient Potion"},{"floor":25,"key":"Strength Potion"},{"floor":28,"key":"FearPotion"}],"is_trial":false,"path_per_floor":["M","?","M","M","M","E","R","E","T","R","?","$","M","M","R","B",null,"M","?","?","M","M","R","E","?","T","M","M","R","E","M"],"character_chosen":"DEFECT","items_purchased":["Bag of Marbles","Melter"],"campfire_rested":4,"item_purchase_floors":[12,12],"current_hp_per_floor":[48,48,34,34,34,14,36,4,4,26,26,26,20,6,28,12,59,56,56,56,56,56,56,23,23,23,23,14,36,27,0,0],"gold":250,"neow_bonus":"REMOVE_TWO","is_daily":false,"chose_seed":false,"campfire_upgraded":1,"win_rate":0.0,"timestamp":1608110959,"path_taken":["M","?","M","M","M","E","R","E","T","R","?","?","M","M","R","BOSS","M","?","?","M","M","R","E","?","T","M","M","R","E","?"],"items_purchased_type":["Relic","Card"],"build_version":"2020-12-13","purchased_purges":0,"victory":false,"max_hp_per_floor":[75,75,75,75,75,75,75,75,75,75,75,75,75,75,75,75,75,75,75,75,75,75,75,75,75,75,75,75,75,75,75,75],"card_choices":[{"not_picked":["Hologram","Leap"],"picked":"Defragment","floor":1.0},{"not_picked":["Beam Cell","Hologram"],"picked":"Aggregate","floor":3.0},{"not_picked":["Gash","Turbo"],"picked":"FTL","floor":4.0},{"not_picked":["Hologram","Static Discharge"],"picked":"Rainbow","floor":5.0},{"not_picked":["Leap","Barrage"],"picked":"Echo Form","floor":6.0},{"not_picked":["Rebound","Go for the Eyes"],"picked":"All For One","floor":8.0},{"not_picked":["Redo","Gash"],"picked":"Stack","floor":13.0},{"not_picked":["Go for the Eyes","Barrage"],"picked":"Stack","floor":14.0},{"not_picked":["Biased Cognition","Meteor Strike"],"picked":"Thunder Strike","floor":16.0},{"not_picked":["Beam Cell+1","Reprogram"],"picked":"Lockon","floor":18.0},{"not_picked":["Steam+1","Compile Driver"],"picked":"Leap+1","floor":21.0},{"not_picked":["Scrape","Beam Cell"],"picked":"Coolheaded+1","floor":24.0},{"not_picked":["Streamline","Go for the Eyes"],"picked":"Tempest+1","floor":25},{"not_picked":["Consume+1","Scrape+1"],"picked":"Electrodynamics","floor":27},{"not_picked":["Gash","Defragment"],"picked":"Rebound+1","floor":28},{"not_picked":["Rebound","Loop"],"picked":"Go for the Eyes+1","floor":30}],"player_experience":1134566,"relics_obtained":[{"floor":6.0,"key":"Ginger"},{"floor":8.0,"key":"Boot"},{"floor":9.0,"key":"Happy Flower"},{"floor":24.0,"key":"Tiny Chest"},{"floor":25,"key":"Red Mask"},{"floor":26,"key":"Gremlin Horn"},{"floor":30,"key":"Matryoshka"}],"event_choices":[{"cards_removed":["Strike_B"],"damage_healed":0.0,"max_hp_gain":0.0,"max_hp_loss":0.0,"gold_gain":0.0,"event_name":"The Cleric","player_choice":"Card Removal","floor":2.0,"gold_loss":50.0,"damage_taken":0.0},{"damage_healed":0.0,"max_hp_gain":0.0,"max_hp_loss":0.0,"gold_gain":65.0,"event_name":"Golden Wing","player_choice":"Gained Gold","floor":11.0,"gold_loss":0.0,"damage_taken":0.0},{"damage_healed":0.0,"max_hp_gain":0.0,"max_hp_loss":0.0,"gold_gain":0.0,"event_name":"The Mausoleum","player_choice":"Opened","floor":19.0,"gold_loss":0.0,"damage_taken":0.0,"relics_obtained":["Toxic Egg 2"]},{"cards_removed":["Defend_B"],"damage_healed":0.0,"max_hp_gain":0.0,"max_hp_loss":0.0,"gold_gain":0.0,"event_name":"Beggar","player_choice":"Gave Gold","floor":20.0,"gold_loss":75.0,"damage_taken":0.0},{"damage_healed":0,"gold_gain":0,"player_choice":"Fought Bandits","damage_taken":0,"max_hp_gain":0,"max_hp_loss":0,"event_name":"Masked Bandits","floor":25,"gold_loss":0}],"is_beta":false,"boss_relics":[{"not_picked":["Sozu","Runic Dome"],"picked":"Astrolabe"}],"items_purged_floors":[],"is_endless":false,"potions_floor_spawned":[5,6,14,16,18,22,24,25,28],"killed_by":"Centurion and Healer","ascension_level":12}}