{"host":"7krnriczr1b2ou5r","time":1608085192,"event":{"mods":["BaseMod","Keyboard Shortcuts","Minty Spire (QoL Compilation)","Relic Stats","StSLib","The Dragon Tamer","The Poker Player"],"gold_per_floor":[112,127,140,140,240,258,258,292,292,292,307,27,46,46,46,171,171,192,60,83,107,127,127,165,165,192,205,224,255,270,304,304,425,425,441,42,42,55,75,115,115,3,50,93,93,129,129,129,129,129],"floor_reached":51,"playtime":2522,"items_purged":["DTMod:Strike","DTMod:Strike","DTMod:TargetDefense","DTMod:Strike"],"score":941,"play_id":"3f536245-bd92-49fb-be99-c9fb444836dc","local_time":"20201216111952","is_ascension_mode":true,"metric_token":479,"campfire_choices":[{"data":"DTMod:Overwhelm","floor":7,"key":"SMITH"},{"data":"DTMod:SwitchingTactic","floor":10,"key":"SMITH"},{"data":"DTMod:CrossStep","floor":15,"key":"SMITH"},{"data":"DTMod:Weaken","floor":23,"key":"SMITH"},{"data":"Sadistic Nature","floor":25,"key":"SMITH"},{"data":"DTMod:Multitask","floor":32,"key":"SMITH"},{"data":"DTMod:Harmonize","floor":41,"key":"SMITH"},{"data":"DTMod:Overwhelm","floor":45,"key":"SMITH"},{"data":"Blind","floor":47,"key":"SMITH"},{"data":"DTMod:HeatWave","floor":49,"key":"SMITH"}],"dtmod_dragon_data":[5,50,2,3,4,6],"circlet_count":0,"master_deck":["DTMod:Strike","DTMod:DoubleHit","DTMod:TargetDefense","DTMod:TargetDefense","DTMod:TargetDefense","DTMod:SwitchingTactic+1","DTMod:Overwhelm+1","DTMod:Punisher","DTMod:Cover","Sadistic Nature+1","Blind+1","DTMod:CrossStep+1","DTMod:Multitask+1","DTMod:TagTeam","DTMod:Overwhelm+1","DTMod:Astonish","DTMod:Weaken+1","DTMod:HeatWave+1","DTMod:Harmonize+1","DTMod:Conduct+1","DTMod:Overwhelm+1"],"relics":["DTMod:PactStone","Torii","Golden Idol","The Courier","Mummified Hand","Busted Crown","Dream Catcher","Toxic Egg 2","Centennial Puzzle","Smiling Mask","Red Mask","SacredBark","DTMod:SwitchButton","Gremlin Horn","Matryoshka","Lantern","Happy Flower","Toy Ornithopter","Pen Nib","CeramicFish","Ancient Tea Set"],"acts_visited":["Exordium","TheCity","TheBeyond"],"potions_floor_usage":[8,24,46],"damage_taken":[{"damage":0,"enemies":"Small Slimes","floor":1,"turns":3},{"damage":0,"enemies":"Cultist","floor":2,"turns":3},{"damage":0,"enemies":"Jaw Worm","floor":3,"turns":4},{"damage":0,"enemies":"Red Slaver","floor":6,"turns":4},{"damage":0,"enemies":"Gremlin Nob","floor":8,"turns":3},{"damage":0,"enemies":"Blue Slaver","floor":11,"turns":4},{"damage":0,"enemies":"Large Slime","floor":13,"turns":6},{"damage":3,"enemies":"Hexaghost","floor":16,"turns":9},{"damage":0,"enemies":"Chosen","floor":18,"turns":4},{"damage":2,"enemies":"2 Thieves","floor":20,"turns":4},{"damage":0,"enemies":"Snake Plant","floor":22,"turns":4},{"damage":15,"enemies":"Slavers","floor":24,"turns":6},{"damage":0,"enemies":"Chosen and Byrds","floor":27,"turns":4},{"damage":0,"enemies":"Shelled Parasite and Fungi","floor":28,"turns":4},{"damage":0,"enemies":"Gremlin Leader","floor":29,"turns":4},{"damage":0,"enemies":"Centurion and Healer","floor":30,"turns":5},{"damage":0,"enemies":"Masked Bandits","floor":31,"turns":4},{"damage":11,"enemies":"Automaton","floor":33,"turns":9},{"damage":0,"enemies":"Orb Walker","floor":35,"turns":4},{"damage":0,"enemies":"3 Shapes","floor":38,"turns":5},{"damage":7,"enemies":"Spire Growth","floor":39,"turns":4},{"damage":0,"enemies":"Giant Head","floor":40,"turns":7},{"damage":3,"enemies":"Nemesis","floor":44,"turns":7},{"damage":0,"enemies":"Reptomancer","floor":46,"turns":3},{"damage":26,"enemies":"Awakened One","floor":50,"turns":8}],"seed_played":"7249065279963260432","potions_obtained":[{"floor":1,"key":"PowerPotion"},{"floor":8,"key":"Energy Potion"},{"floor":11,"key":"SteroidPotion"},{"floor":16,"key":"ColorlessPotion"},{"floor":27,"key":"Energy Potion"}],"is_trial":false,"path_per_floor":["M","M","M","?","?","M","R","E","T","R","M","$","M","?","R","B",null,"M","$","M","T","M","R","E","R","T","M","M","E","M","?","R","B",null,"M","$","?","M","M","E","R","$","T","E","R","E","R","T","R","B",null],"character_chosen":"THE_DT","items_purchased":["Sadistic Nature","Blind","DTMod:TagTeam","DTMod:Overwhelm","DTMod:Astonish","DTMod:SwitchButton","Gremlin Horn","Swift Potion","DTMod:Overwhelm+1"],"campfire_rested":0,"item_purchase_floors":[12,12,19,19,19,36,36,36,42],"current_hp_per_floor":[33,33,33,22,22,22,22,22,22,22,22,22,22,22,22,19,45,45,45,43,43,43,43,28,28,28,28,28,28,28,28,28,17,45,45,45,45,45,38,38,38,38,38,35,35,40,40,40,40,14],"gold":129,"neow_bonus":"ONE_RARE_RELIC","is_daily":false,"chose_seed":false,"campfire_upgraded":10,"win_rate":0.0,"timestamp":1608085192,"path_taken":["M","M","M","?","?","M","R","E","T","R","M","$","?","?","R","BOSS","M","$","M","?","M","R","E","R","T","M","M","E","M","?","R","BOSS","M","$","?","M","M","E","R","?","T","E","R","E","R","?","R","BOSS"],"items_purchased_type":["Card","Card","Card","Card","Card","Relic","Relic","Potion","Card"],"build_version":"2020-12-13","purchased_purges":4,"victory":true,"max_hp_per_floor":[45,45,45,45,45,45,45,45,45,45,45,45,45,45,45,45,45,45,45,45,45,45,45,45,45,45,45,45,45,45,45,45,45,45,45,45,45,45,45,45,45,45,45,45,45,45,45,45,45,45],"relic_stats":{"Torii":14,"Gremlin Horn":[9,9],"Happy Flower":[6],"counters":[25,122],"Golden Idol":170,"CeramicFish":0,"Pen Nib":[1],"Smiling Mask":120,"Dream Catcher":0,"Centennial Puzzle":[12],"Busted Crown":32,"Mummified Hand":[63],"obtain_stats":[{"Lantern":43,"Torii":0,"Gremlin Horn":36,"Happy Flower":43,"Golden Idol":4,"SacredBark":34,"CeramicFish":48,"The Courier":8,"Pen Nib":46,"Smiling Mask":29,"Ancient Tea Set":48,"DTMod:SwitchButton":36,"Dream Catcher":21,"Centennial Puzzle":26,"Busted Crown":17,"Matryoshka":40,"DTMod:PactStone":0,"Mummified Hand":9,"Red Mask":31,"Toxic Egg 2":24,"Toy Ornithopter":44},{"Lantern":22,"Torii":0,"Gremlin Horn":19,"Happy Flower":22,"Golden Idol":3,"SacredBark":18,"CeramicFish":24,"The Courier":5,"Pen Nib":24,"Smiling Mask":15,"Ancient Tea Set":24,"DTMod:SwitchButton":19,"Dream Catcher":10,"Centennial Puzzle":12,"Busted Crown":8,"Matryoshka":22,"DTMod:PactStone":0,"Mummified Hand":5,"Red Mask":17,"Toxic Egg 2":12,"Toy Ornithopter":23},{"Lantern":104,"Torii":0,"Gremlin Horn":88,"Happy Flower":104,"Golden Idol":10,"SacredBark":84,"CeramicFish":114,"The Courier":17,"Pen Nib":114,"Smiling Mask":66,"Ancient Tea Set":114,"DTMod:SwitchButton":88,"Dream Catcher":44,"Centennial Puzzle":54,"Busted Crown":36,"Matryoshka":104,"DTMod:PactStone":0,"Mummified Hand":17,"Red Mask":75,"Toxic Egg 2":54,"Toy Ornithopter":111}],"Toy Ornithopter":5},"card_choices":[{"not_picked":["DTMod:QuickFly","DTMod:CleansingStrike"],"picked":"DTMod:Overwhelm","floor":1},{"not_picked":["DTMod:Observe","DTMod:RecklessFlurry","DTMod:BurningEnergy"],"picked":"SKIP","floor":2},{"not_picked":["DTMod:Shift","DTMod:BuildUp","DTMod:PurifyingFlame"],"picked":"SKIP","floor":3},{"not_picked":["DTMod:Hide","DTMod:BizarreTactic","DTMod:ShieldDrain"],"picked":"SKIP","floor":6},{"not_picked":["DTMod:Observe","DTMod:OpeningTactic"],"picked":"DTMod:Punisher","floor":8},{"not_picked":["DTMod:BlueScale","DTMod:BlazingStrike"],"picked":"DTMod:Cover","floor":11},{"not_picked":["DTMod:Dissolve","DTMod:ForkedFire","DTMod:Hide"],"picked":"SKIP","floor":13},{"not_picked":["DTMod:ShadowImage","DTMod:FierySynthesis"],"picked":"DTMod:Multitask","floor":16},{"not_picked":["DTMod:Feint"],"picked":"SKIP","floor":18},{"not_picked":["DTMod:BreakAttack"],"picked":"SKIP","floor":20},{"not_picked":[],"picked":"DTMod:Weaken","floor":22},{"not_picked":["DTMod:Astonish"],"picked":"SKIP","floor":24},{"not_picked":["DTMod:Observe+1"],"picked":"SKIP","floor":27},{"not_picked":["DTMod:HeatWave"],"picked":"SKIP","floor":28},{"not_picked":[],"picked":"DTMod:HeatWave","floor":29},{"not_picked":["DTMod:MaximumCharge"],"picked":"SKIP","floor":30},{"not_picked":[],"picked":"DTMod:Harmonize","floor":33},{"not_picked":[],"picked":"DTMod:Conduct+1","floor":35},{"not_picked":["DTMod:RecklessFlurry+1"],"picked":"SKIP","floor":38},{"not_picked":["DTMod:BizarreTactic+1"],"picked":"SKIP","floor":39},{"not_picked":["DTMod:Coolant+1"],"picked":"SKIP","floor":40},{"not_picked":["DTMod:MagicField+1"],"picked":"SKIP","floor":44},{"not_picked":["DTMod:MagicField+1"],"picked":"SKIP","floor":46}],"player_experience":1097863,"relics_obtained":[{"floor":8,"key":"The Courier"},{"floor":9,"key":"Mummified Hand"},{"floor":21,"key":"Dream Catcher"},{"floor":24,"key":"Toxic Egg 2"},{"floor":26,"key":"Centennial Puzzle"},{"floor":29,"key":"Smiling Mask"},{"floor":31,"key":"Red Mask"},{"floor":40,"key":"Matryoshka"},{"floor":43,"key":"Lantern"},{"floor":43,"key":"Happy Flower"},{"floor":44,"key":"Toy Ornithopter"},{"floor":46,"key":"Pen Nib"},{"floor":48,"key":"CeramicFish"},{"floor":48,"key":"Ancient Tea Set"}],"event_choices":[{"damage_healed":0,"gold_gain":0,"player_choice":"Take Damage","damage_taken":11,"relics_obtained":["Golden Idol"],"max_hp_gain":0,"max_hp_loss":0,"event_name":"Golden Idol","floor":4,"gold_loss":0},{"damage_healed":0,"gold_gain":100,"player_choice":"Gold","damage_taken":0,"max_hp_gain":0,"max_hp_loss":0,"event_name":"Wheel of Change","floor":5,"gold_loss":0},{"damage_healed":0,"gold_gain":0,"player_choice":"1 cards matched","damage_taken":0,"max_hp_gain":0,"max_hp_loss":0,"event_name":"Match and Keep!","floor":14,"gold_loss":0,"cards_obtained":["DTMod:CrossStep"]},{"damage_healed":0,"gold_gain":0,"player_choice":"Fought Bandits","damage_taken":0,"max_hp_gain":0,"max_hp_loss":0,"event_name":"Masked Bandits","floor":31,"gold_loss":0},{"damage_healed":0,"gold_gain":0,"player_choice":"Ignored","damage_taken":0,"max_hp_gain":0,"max_hp_loss":0,"event_name":"SecretPortal","floor":37,"gold_loss":0}],"is_beta":false,"boss_relics":[{"not_picked":["SlaversCollar","Pandora\u0027s Box"],"picked":"Busted Crown"},{"not_picked":["Cursed Key","DTMod:TheChair"],"picked":"SacredBark"}],"items_purged_floors":[12,19,36,42],"is_endless":false,"potions_floor_spawned":[1,8,11,16,18,27,29,33,35,38,44],"ascension_level":1}}