{"host":"qyjrmrr57odine7m","time":1608128194,"event":{"mods":["AchievementEnabler","BaseMod","Bestiary","Block Reminder","Card Forge","Highlight Path","Minty Spire (QoL Compilation)","Permanent Neow","StSLib"],"gold_per_floor":[360,378,390,406,420,446,446,481,481,501,565,740,757,757,757,857,857,873,257,257,267,267,299,299,318,318,318,351,351,116,150,150,247,247,267,267,277,287,190,190,117,117,143,162,88,114,134,153,153,153],"floor_reached":51,"playtime":2875,"items_purged":[],"score":1047,"play_id":"f34a355c-4f40-44ff-a39e-13b0858ab7b7","local_time":"20201216141634","is_ascension_mode":false,"campfire_choices":[{"floor":7,"key":"REST"},{"floor":15,"key":"REST"},{"floor":24,"key":"DIG"},{"floor":27,"key":"DIG"},{"floor":32,"key":"DIG"},{"floor":40,"key":"DIG"},{"floor":42,"key":"DIG"},{"floor":49,"key":"DIG"}],"circlet_count":0,"master_deck":["Defend_G+1","Defend_G+1","Survivor+1","Neutralize+1","Deadly Poison+1","Backflip+1","Poisoned Stab+1","Well Laid Plans+1","Blade Dance+1","Accuracy+1","Accuracy+1","Cloak And Dagger+1","Noxious Fumes+1","Accuracy+1","Cloak And Dagger+1"],"relics":["Ring of the Snake","Hammer of Thor","Seething Fire","Anvil of the Gods","Bag of Preparation","Ninja Scroll","Sundial","Paper Crane","Darkstone Periapt","Black Star","Bottled Tornado","Shovel","StrikeDummy","Mummified Hand","Ice Cream","Eternal Feather","Omamori","Gambling Chip","Potion Belt","Singing Bowl","Ginger","Snake Skull","Calling Bell","Ancient Tea Set","InkBottle","Prayer Wheel","Bottled Flame","Mercury Hourglass","Oddly Smooth Stone","Pear","HornCleat","Kunai"],"acts_visited":["Exordium","TheCity","TheBeyond"],"potions_floor_usage":[16,25,30,31,33,48],"damage_taken":[{"damage":0,"enemies":"2 Louse","floor":1,"turns":2},{"damage":0,"enemies":"Jaw Worm","floor":2,"turns":2},{"damage":0,"enemies":"Small Slimes","floor":3,"turns":3},{"damage":0,"enemies":"Looter","floor":4,"turns":2},{"damage":0,"enemies":"3 Louse","floor":5,"turns":2},{"damage":1,"enemies":"3 Sentries","floor":6,"turns":6},{"damage":13,"enemies":"Lagavulin","floor":8,"turns":4},{"damage":0,"enemies":"Red Slaver","floor":10,"turns":3},{"damage":12,"enemies":"Lagavulin Event","floor":11,"turns":4},{"damage":0,"enemies":"Gremlin Gang","floor":13,"turns":3},{"damage":20,"enemies":"Hexaghost","floor":16,"turns":6},{"damage":0,"enemies":"Shell Parasite","floor":18,"turns":4},{"damage":0,"enemies":"Chosen","floor":21,"turns":4},{"damage":4,"enemies":"Book of Stabbing","floor":23,"turns":6},{"damage":0,"enemies":"Snecko","floor":25,"turns":4},{"damage":21,"enemies":"Gremlin Leader","floor":28,"turns":5},{"damage":0,"enemies":"Slavers","floor":31,"turns":4},{"damage":0,"enemies":"Champ","floor":33,"turns":6},{"damage":8,"enemies":"3 Darklings","floor":35,"turns":3},{"damage":0,"enemies":"3 Shapes","floor":37,"turns":3},{"damage":0,"enemies":"Maw","floor":38,"turns":4},{"damage":0,"enemies":"Writhing Mass","floor":44,"turns":3},{"damage":0,"enemies":"Reptomancer","floor":46,"turns":3},{"damage":0,"enemies":"Sphere and 2 Shapes","floor":47,"turns":3},{"damage":0,"enemies":"Spire Growth","floor":48,"turns":3},{"damage":0,"enemies":"Donu and Deca","floor":50,"turns":5}],"seed_played":"-3165142541038298650","potions_obtained":[{"floor":1,"key":"LiquidBronze"},{"floor":6,"key":"Ancient Potion"},{"floor":8,"key":"Regen Potion"},{"floor":18,"key":"DuplicationPotion"},{"floor":28,"key":"Swift Potion"},{"floor":33,"key":"EntropicBrew"},{"floor":38,"key":"FearPotion"},{"floor":44,"key":"Ancient Potion"}],"is_trial":false,"path_per_floor":["M","M","M","M","M","E","R","E","T","M","?","?","M","T","R","B",null,"M","$","?","M","?","E","R","M","T","R","E","?","$","E","R","B",null,"M","?","M","M","$","R","$","R","T","M","$","E","M","M","R","B",null],"character_chosen":"THE_SILENT","items_purchased":["Well Laid Plans","Bottled Tornado","Shovel","Fruit Juice","Blade Dance","Accuracy","GhostInAJar","Noxious Fumes","Accuracy"],"campfire_rested":2,"item_purchase_floors":[19,19,19,30,30,30,39,41,45],"current_hp_per_floor":[70,70,70,70,70,69,70,57,57,57,45,45,45,45,66,46,70,70,70,70,70,70,66,66,66,66,70,49,49,54,56,65,65,77,73,73,73,77,77,85,85,85,85,89,89,101,105,107,107,107],"gold":153,"neow_bonus":"TWO_FIFTY_GOLD","is_daily":false,"chose_seed":false,"campfire_upgraded":0,"win_rate":0.0,"timestamp":1608128194,"path_taken":["M","M","M","M","M","E","R","E","T","M","?","?","M","?","R","BOSS","M","$","?","M","?","E","R","M","T","R","E","?","$","E","R","BOSS","M","?","M","M","$","R","$","R","T","?","?","E","M","M","R","BOSS"],"items_purchased_type":["Card","Relic","Relic","Potion","Card","Card","Potion","Card","Card"],"build_version":"2020-12-13","purchased_purges":0,"victory":true,"max_hp_per_floor":[70,70,70,70,70,70,70,70,70,70,70,70,70,70,70,70,70,70,70,70,70,70,70,70,70,70,70,70,70,75,77,77,77,77,81,81,81,85,85,85,85,85,85,89,89,101,105,107,107,107],"card_choices":[{"not_picked":["Flying Knee","Quick Slash"],"picked":"Poisoned Stab","floor":1},{"not_picked":["Blade Dance","Quick Slash"],"picked":"Deadly Poison","floor":2},{"not_picked":["Flying Knee","Deflect"],"picked":"Backflip","floor":3},{"not_picked":["Sucker Punch","Distraction"],"picked":"Dagger Spray","floor":4},{"not_picked":["Tactician","Bane"],"picked":"Poisoned Stab","floor":5},{"not_picked":["Masterful Stab","Dash","Slice"],"picked":"SKIP","floor":6},{"not_picked":["Endless Agony","Prepared"],"picked":"Caltrops","floor":8},{"not_picked":["Tools of the Trade","Deflect","Predator"],"picked":"SKIP","floor":10},{"not_picked":["Bane","Sucker Punch"],"picked":"Bouncing Flask","floor":11},{"not_picked":["Outmaneuver","Accuracy","Prepared"],"picked":"SKIP","floor":13},{"not_picked":["Glass Knife","Adrenaline"],"picked":"Envenom","floor":16},{"not_picked":["Underhanded Strike","Terror","Bane"],"picked":"SKIP","floor":18},{"not_picked":["Outmaneuver","Flying Knee+1"],"picked":"All Out Attack","floor":21},{"not_picked":["Dash+1","Riddle With Holes","Underhanded Strike+1"],"picked":"SKIP","floor":23},{"not_picked":["Cloak And Dagger+1","Flying Knee+1"],"picked":"Poisoned Stab","floor":25},{"not_picked":["Bullet Time","Acrobatics","Dagger Throw+1"],"picked":"SKIP","floor":28},{"not_picked":["Predator","Prepared","Bouncing Flask+1"],"picked":"Singing Bowl","floor":31},{"not_picked":["Venomology","Night Terror"],"picked":"Malaise","floor":33},{"not_picked":["Concentrate","Outmaneuver+1","Underhanded Strike"],"picked":"Singing Bowl","floor":35},{"not_picked":["Dagger Throw","Glass Knife","Prepared+1"],"picked":"Singing Bowl","floor":35},{"not_picked":["Flying Knee+1","PiercingWail+1"],"picked":"Accuracy+1","floor":37},{"not_picked":["Deadly Poison","Underhanded Strike+1"],"picked":"Cloak And Dagger","floor":37},{"not_picked":["Deadly Poison+1","PiercingWail","Dagger Spray"],"picked":"Singing Bowl","floor":38},{"not_picked":["Underhanded Strike+1","Deadly Poison","Catalyst"],"picked":"Singing Bowl","floor":38},{"not_picked":["Prepared","Night Terror","PiercingWail+1"],"picked":"Singing Bowl","floor":44},{"not_picked":["Flechettes","Tactician","Dagger Throw"],"picked":"Singing Bowl","floor":44},{"not_picked":["Backflip+1","PiercingWail+1","Cloak And Dagger+1"],"picked":"Singing Bowl","floor":46},{"not_picked":["Setup","Distraction","Crippling Poison+1"],"picked":"Singing Bowl","floor":47},{"not_picked":["Heel Hook","Underhanded Strike","Well Laid Plans+1"],"picked":"Singing Bowl","floor":47},{"not_picked":["Outmaneuver","Sucker Punch","Quick Slash+1"],"picked":"Singing Bowl","floor":48},{"not_picked":["PiercingWail+1","Escape Plan+1"],"picked":"Cloak And Dagger","floor":48}],"player_experience":1163215,"relics_obtained":[{"floor":6,"key":"Bag of Preparation"},{"floor":8,"key":"Ninja Scroll"},{"floor":9,"key":"Sundial"},{"floor":11,"key":"Paper Crane"},{"floor":14,"key":"Darkstone Periapt"},{"floor":23,"key":"StrikeDummy"},{"floor":23,"key":"Mummified Hand"},{"floor":24,"key":"Ice Cream"},{"floor":26,"key":"Eternal Feather"},{"floor":27,"key":"Omamori"},{"floor":28,"key":"Gambling Chip"},{"floor":28,"key":"Potion Belt"},{"floor":31,"key":"Singing Bowl"},{"floor":31,"key":"Ginger"},{"floor":32,"key":"Snake Skull"},{"floor":34,"key":"Ancient Tea Set"},{"floor":34,"key":"InkBottle"},{"floor":34,"key":"Prayer Wheel"},{"floor":40,"key":"Bottled Flame"},{"floor":42,"key":"Mercury Hourglass"},{"floor":43,"key":"Oddly Smooth Stone"},{"floor":46,"key":"Pear"},{"floor":46,"key":"HornCleat"},{"floor":49,"key":"Kunai"}],"event_choices":[{"damage_healed":0,"gold_gain":30,"player_choice":"Searched \u00273\u0027 times","damage_taken":0,"max_hp_gain":0,"max_hp_loss":0,"event_name":"Dead Adventurer","floor":11,"gold_loss":0},{"damage_healed":0,"gold_gain":175,"player_choice":"AGREE","damage_taken":0,"max_hp_gain":0,"max_hp_loss":0,"event_name":"Liars Game","floor":12,"gold_loss":0,"cards_obtained":["Doubt"]},{"damage_healed":0,"gold_gain":0,"player_choice":"Ignored","damage_taken":0,"max_hp_gain":0,"max_hp_loss":0,"event_name":"Ghosts","floor":20,"gold_loss":0},{"damage_healed":0,"gold_gain":0,"player_choice":"Ignored","damage_taken":0,"max_hp_gain":0,"max_hp_loss":0,"event_name":"Vampires","floor":22,"gold_loss":0},{"damage_healed":0,"gold_gain":0,"player_choice":"Simplicity","damage_taken":0,"max_hp_gain":0,"max_hp_loss":0,"event_name":"Back to Basics","floor":29,"gold_loss":0,"cards_upgraded":[]},{"damage_healed":0,"gold_gain":0,"player_choice":"Ignored","damage_taken":0,"max_hp_gain":0,"max_hp_loss":0,"event_name":"SecretPortal","floor":36,"gold_loss":0}],"is_beta":false,"boss_relics":[{"not_picked":["WristBlade","Busted Crown"],"picked":"Black Star"},{"not_picked":["Pandora\u0027s Box","Velvet Choker"],"picked":"Calling Bell"}],"items_purged_floors":[],"is_endless":false,"potions_floor_spawned":[1,6,8,11,13,18,28,33,38,44,46],"ascension_level":0}}