{"host":"b94931fzay7ri6da","time":1608104072,"event":{"mods":["AchievementEnabler","BaseMod","Colored Map","Colored Powertips","Downfall","Minty Spire (QoL Compilation)","Quick Restart","StSLib","SuperFastMode"],"gold_per_floor":[109,122,197,197,208,235,41,41,41],"floor_reached":8,"playtime":310,"items_purged":[],"score":59,"play_id":"b635fec2-1943-4b51-8091-51433b448154","local_time":"20201216073432","is_ascension_mode":true,"campfire_choices":[],"circlet_count":0,"master_deck":["Strike_P","Strike_P","Strike_P","Strike_P","Defend_P+1","Defend_P","Defend_P+1","Defend_P","Eruption","Vigilance","EmptyBody","FollowUp","Regret","EmptyBody","Vault","Meditate"],"relics":["PureWater","NeowsBlessing","Gambling Chip","War Paint","Medical Kit"],"acts_visited":["Exordium"],"potions_floor_usage":[8],"damage_taken":[{"damage":0,"enemies":"2 Louse","floor":1,"turns":1},{"damage":0,"enemies":"Jaw Worm","floor":2,"turns":1},{"damage":0,"enemies":"Small Slimes","floor":5,"turns":1},{"damage":40,"enemies":"3 Sentries","floor":6,"turns":9},{"damage":30,"enemies":"Lagavulin","floor":8,"turns":6}],"seed_played":"-4794729900802432484","potions_obtained":[{"floor":1,"key":"SteroidPotion"},{"floor":6,"key":"FearPotion"}],"is_trial":false,"path_per_floor":["M","M","?","?","M","E","$","E"],"character_chosen":"WATCHER","items_purchased":["Medical Kit","Meditate"],"campfire_rested":0,"item_purchase_floors":[7,7],"current_hp_per_floor":[72,72,61,61,61,21,21,0,0],"gold":41,"neow_bonus":"THREE_ENEMY_KILL","is_daily":false,"chose_seed":false,"campfire_upgraded":0,"win_rate":0.0,"timestamp":1608104072,"path_taken":["M","M","?","?","M","E","?","E"],"items_purchased_type":["Relic","Card"],"build_version":"2020-12-13","purchased_purges":0,"victory":false,"max_hp_per_floor":[72,72,72,72,72,72,72,72,72],"card_choices":[{"not_picked":["LikeWater","FlyingSleeves"],"picked":"EmptyBody","floor":1},{"not_picked":["JustLucky","InnerPeace"],"picked":"FollowUp","floor":2},{"not_picked":["Consecrate","BowlingBash"],"picked":"EmptyBody","floor":5},{"not_picked":["Weave","SashWhip"],"picked":"Vault","floor":6}],"player_experience":301927,"relics_obtained":[{"floor":6,"key":"War Paint"}],"event_choices":[{"damage_healed":0,"gold_gain":75,"player_choice":"Gather Gold","damage_taken":11,"max_hp_gain":0,"max_hp_loss":0,"event_name":"World of Goop","floor":3,"gold_loss":0},{"damage_healed":0,"gold_gain":0,"player_choice":"Box","damage_taken":0,"relics_obtained":["Gambling Chip"],"max_hp_gain":0,"max_hp_loss":0,"event_name":"Big Fish","floor":4,"gold_loss":0,"cards_obtained":["Regret"]}],"is_beta":false,"boss_relics":[],"items_purged_floors":[],"is_endless":false,"potions_floor_spawned":[1,6],"killed_by":"Lagavulin","ascension_level":1}}