{"host":"j4g6ia6asvpyu2b0","time":1608077881,"event":{"mods":["BaseMod","Colored Map","Minty Spire (QoL Compilation)","Permanent Neow","Quick Restart","Relic Stats","StSLib","Unceasing Turn Reminder"],"gold_per_floor":[369,26,101,101,120,120,120,148,222,222,285,311,323,352,352,451,451,451,451,451,451,451,451,451,451,451,451,451,451,381,381,381,381,381,381,381,381,381,381,381,381,381,381,381,381,381,381,381,381,381,381],"floor_reached":50,"playtime":1812,"items_purged":[],"score":848,"play_id":"ecd99d7a-3e8b-4315-a662-fb33d7d37903","local_time":"20201215171801","is_ascension_mode":true,"campfire_choices":[{"data":"Apotheosis","floor":7,"key":"SMITH"},{"floor":10,"key":"REST"},{"floor":15,"key":"RECALL"},{"floor":25,"key":"REST"},{"floor":28,"key":"REST"},{"data":"After Image","floor":32,"key":"SMITH"},{"data":"1","floor":41,"key":"LIFT"},{"data":"2","floor":44,"key":"LIFT"},{"data":"3","floor":49,"key":"LIFT"}],"circlet_count":0,"master_deck":["Strike_G","Strike_G","Strike_G","Defend_G","Defend_G","Defend_G","Defend_G","Defend_G","Survivor","Neutralize","Endless Agony","Apotheosis+1","After Image+1","Masterful Stab","Cloak And Dagger","Dodge and Roll","Dagger Throw","Poisoned Stab","Sucker Punch","Deadly Poison","Unload","Predator+1","Poisoned Stab","Blade Dance","Backflip","Accuracy+1","Wraith Form v2+1","Poisoned Stab+1","Quick Slash+1","Flying Knee","Well Laid Plans","Quick Slash","Malaise","Deadly Poison+1","Accuracy+1","Crippling Poison","Dagger Spray+1","Caltrops","Deadly Poison+1","Sucker Punch+1","Dagger Spray+1"],"relics":["Ring of the Snake","Snake Skull","Calipers","Paper Crane","Toy Ornithopter","Mercury Hourglass","Dream Catcher","Ectoplasm","Mummified Hand","The Specimen","MealTicket","Philosopher\u0027s Stone","Girya","The Courier","Bronze Scales","Oddly Smooth Stone"],"acts_visited":["Exordium","TheCity","TheBeyond"],"potions_floor_usage":[23,27,35,37,45,46,50],"damage_taken":[{"damage":2.0,"enemies":"Small Slimes","floor":1.0,"turns":4.0},{"damage":0,"enemies":"Cultist","floor":5,"turns":3},{"damage":1,"enemies":"Gremlin Nob","floor":8,"turns":4},{"damage":4,"enemies":"3 Sentries","floor":11,"turns":8},{"damage":0,"enemies":"Lagavulin","floor":12,"turns":6},{"damage":0,"enemies":"2 Louse","floor":13,"turns":2},{"damage":0,"enemies":"Gremlin Nob","floor":14,"turns":3},{"damage":10,"enemies":"The Guardian","floor":16,"turns":10},{"damage":2,"enemies":"3 Byrds","floor":18,"turns":4},{"damage":4,"enemies":"Spheric Guardian","floor":19,"turns":4},{"damage":14,"enemies":"Centurion and Healer","floor":22,"turns":4},{"damage":11,"enemies":"Gremlin Leader","floor":23,"turns":6},{"damage":0,"enemies":"Cultist and Chosen","floor":24,"turns":5},{"damage":17,"enemies":"Slavers","floor":27,"turns":5},{"damage":9,"enemies":"Shelled Parasite and Fungi","floor":29,"turns":4},{"damage":0,"enemies":"3 Cultists","floor":31,"turns":4},{"damage":0,"enemies":"Champ","floor":33,"turns":11},{"damage":0,"enemies":"3 Darklings","floor":35,"turns":5},{"damage":23,"enemies":"2 Orb Walkers","floor":37,"turns":4},{"damage":2,"enemies":"3 Shapes","floor":39,"turns":4},{"damage":2,"enemies":"Giant Head","floor":40,"turns":7},{"damage":16,"enemies":"Reptomancer","floor":42,"turns":5},{"damage":0,"enemies":"Sphere and 2 Shapes","floor":45,"turns":4},{"damage":2,"enemies":"Nemesis","floor":46,"turns":7},{"damage":0,"enemies":"Transient","floor":47,"turns":5},{"damage":51,"enemies":"Time Eater","floor":50,"turns":9}],"seed_played":"6424502400145594075","potions_obtained":[{"floor":1.0,"key":"EssenceOfSteel"},{"floor":5,"key":"ColorlessPotion"},{"floor":12,"key":"FearPotion"},{"floor":13,"key":"Swift Potion"},{"floor":23,"key":"AttackPotion"},{"floor":27,"key":"AttackPotion"},{"floor":39,"key":"GhostInAJar"},{"floor":40,"key":"Block Potion"},{"floor":45,"key":"DuplicationPotion"}],"is_trial":false,"path_per_floor":["M","$","?","?","M","?","R","E","T","R","?","E","M","E","R","B",null,"M","M","?","?","M","E","M","R","T","E","R","M","$","M","R","B",null,"M","$","?","?","M","E","R","E","T","R","M","E","M","?","R","B"],"character_chosen":"THE_SILENT","items_purchased":["Apotheosis","Snake Skull","Well Laid Plans"],"campfire_rested":3,"item_purchase_floors":[2,2,30],"current_hp_per_floor":[47,47,36,36,36,36,36,35,35,56,52,52,52,52,52,42,70,68,64,64,51,37,31,31,53,53,41,63,54,69,69,69,69,75,75,75,52,52,50,48,48,32,32,32,37,40,40,40,40,0,0],"gold":381,"neow_bonus":"TWO_FIFTY_GOLD","is_daily":false,"chose_seed":false,"campfire_upgraded":2,"win_rate":0.0,"timestamp":1608077881,"path_taken":["M","$","?","?","?","?","R","E","T","R","?","E","M","E","R","BOSS","M","M","?","?","?","E","M","R","T","E","R","M","$","M","R","BOSS","M","$","?","?","?","E","R","E","T","R","M","E","M","?","R","BOSS"],"items_purchased_type":["Card","Relic","Card"],"build_version":"2020-12-13","purchased_purges":0,"victory":false,"max_hp_per_floor":[70,70,70,70,70,70,70,70,70,70,70,70,70,70,70,70,70,70,70,70,75,75,75,75,75,75,75,75,75,75,75,75,75,75,75,75,75,75,75,75,75,75,75,75,75,75,75,75,75,75,75],"relic_stats":{"Dream Catcher":2,"counters":[26,135],"Mummified Hand":[53],"Bronze Scales":[48],"MealTicket":15,"Snake Skull":[82],"Ectoplasm":491,"obtain_stats":[{"Girya":37,"Calipers":8,"The Specimen":26,"Oddly Smooth Stone":46,"Snake Skull":2,"The Courier":40,"Paper Crane":9,"Mercury Hourglass":12,"Dream Catcher":14,"Mummified Hand":23,"Bronze Scales":42,"MealTicket":27,"Philosopher\u0027s Stone":34,"Ectoplasm":17,"Toy Ornithopter":11,"Ring of the Snake":0},{"Girya":19,"Calipers":3,"The Specimen":13,"Oddly Smooth Stone":24,"Snake Skull":1,"The Courier":21,"Paper Crane":3,"Mercury Hourglass":5,"Dream Catcher":7,"Mummified Hand":12,"Bronze Scales":22,"MealTicket":14,"Philosopher\u0027s Stone":17,"Ectoplasm":8,"Toy Ornithopter":4,"Ring of the Snake":0},{"Girya":95,"Calipers":11,"The Specimen":62,"Oddly Smooth Stone":121,"Snake Skull":4,"The Courier":105,"Paper Crane":11,"Mercury Hourglass":25,"Dream Catcher":30,"Mummified Hand":58,"Bronze Scales":110,"MealTicket":67,"Philosopher\u0027s Stone":86,"Ectoplasm":40,"Toy Ornithopter":19,"Ring of the Snake":0}],"Toy Ornithopter":25,"Ring of the Snake":[53],"Mercury Hourglass":[387]},"card_choices":[{"not_picked":["Bane","Finisher"],"picked":"Endless Agony","floor":1.0},{"not_picked":["Endless Agony","Slice"],"picked":"Cloak And Dagger","floor":5},{"not_picked":["Tactician","Riddle With Holes"],"picked":"Dodge and Roll","floor":8},{"not_picked":["Slice","Infinite Blades"],"picked":"Dagger Throw","floor":11},{"not_picked":["Terror","Acrobatics"],"picked":"Poisoned Stab","floor":12},{"not_picked":["PiercingWail","Flying Knee"],"picked":"Sucker Punch","floor":13},{"not_picked":["Underhanded Strike","PiercingWail"],"picked":"Deadly Poison","floor":14},{"not_picked":["Grand Finale","Bullet Time"],"picked":"Unload","floor":16},{"not_picked":["Bane","Dagger Spray"],"picked":"Predator+1","floor":18},{"not_picked":["Distraction","Heel Hook"],"picked":"Poisoned Stab","floor":19},{"not_picked":["Finisher","PiercingWail"],"picked":"Blade Dance","floor":22},{"not_picked":["Cloak And Dagger","Heel Hook"],"picked":"Backflip","floor":23},{"not_picked":["Calculated Gamble","Dagger Spray"],"picked":"Accuracy+1","floor":24},{"not_picked":["Heel Hook","Outmaneuver"],"picked":"Wraith Form v2","floor":25},{"not_picked":["Underhanded Strike","Dagger Spray+1"],"picked":"Poisoned Stab+1","floor":27},{"not_picked":["Slice","Escape Plan"],"picked":"Quick Slash+1","floor":28},{"not_picked":["Slice","Underhanded Strike"],"picked":"Flying Knee","floor":29},{"not_picked":["Riddle With Holes","Finisher"],"picked":"Quick Slash","floor":31},{"not_picked":["Die Die Die","Adrenaline"],"picked":"Malaise","floor":33},{"not_picked":["Masterful Stab","Cloak And Dagger+1"],"picked":"Deadly Poison+1","floor":35},{"not_picked":["Reflex+1","Choke"],"picked":"Accuracy+1","floor":37},{"not_picked":["Dodge and Roll+1","Sucker Punch+1"],"picked":"Crippling Poison","floor":39},{"not_picked":["Prepared+1","Escape Plan"],"picked":"Dagger Spray+1","floor":40},{"not_picked":["Dash+1","Escape Plan+1"],"picked":"Caltrops","floor":42},{"not_picked":["Flying Knee","Cloak And Dagger"],"picked":"Deadly Poison+1","floor":45},{"not_picked":["Deadly Poison+1","Escape Plan"],"picked":"Sucker Punch+1","floor":46},{"not_picked":["Backstab","Endless Agony"],"picked":"Dagger Spray+1","floor":47}],"player_experience":671988,"relics_obtained":[{"floor":8,"key":"Calipers"},{"floor":9,"key":"Paper Crane"},{"floor":11,"key":"Toy Ornithopter"},{"floor":12,"key":"Mercury Hourglass"},{"floor":14,"key":"Dream Catcher"},{"floor":23,"key":"Mummified Hand"},{"floor":26,"key":"The Specimen"},{"floor":27,"key":"MealTicket"},{"floor":37,"key":"Girya"},{"floor":40,"key":"The Courier"},{"floor":42,"key":"Bronze Scales"},{"floor":46,"key":"Oddly Smooth Stone"}],"event_choices":[{"damage_healed":0.0,"max_hp_gain":0.0,"max_hp_loss":0.0,"gold_gain":75.0,"event_name":"World of Goop","player_choice":"Gather Gold","floor":3.0,"gold_loss":0.0,"damage_taken":11.0},{"damage_healed":0,"gold_gain":0,"player_choice":"2 cards matched","damage_taken":0,"max_hp_gain":0,"max_hp_loss":0,"event_name":"Match and Keep!","floor":4,"gold_loss":0,"cards_obtained":["After Image","Masterful Stab"]},{"damage_healed":0,"gold_gain":0,"player_choice":"Fled","damage_taken":0,"max_hp_gain":0,"max_hp_loss":0,"event_name":"Scrap Ooze","floor":6,"gold_loss":0},{"damage_healed":0,"gold_gain":0,"player_choice":"Searched \u00272\u0027 times","damage_taken":0,"max_hp_gain":0,"max_hp_loss":0,"event_name":"Dead Adventurer","floor":11,"gold_loss":0},{"cards_removed":["Strike_G"],"damage_healed":0,"gold_gain":0,"player_choice":"Elegance","damage_taken":0,"max_hp_gain":0,"max_hp_loss":0,"event_name":"Back to Basics","floor":20,"gold_loss":0},{"damage_healed":0,"gold_gain":0,"player_choice":"Shed Blood","damage_taken":18,"max_hp_gain":5,"max_hp_loss":0,"event_name":"Forgotten Altar","floor":21,"gold_loss":0},{"damage_healed":0,"gold_gain":0,"player_choice":"Fight","damage_taken":0,"max_hp_gain":0,"max_hp_loss":0,"event_name":"Mysterious Sphere","floor":37,"gold_loss":0},{"damage_healed":0,"gold_gain":0,"player_choice":"Upgraded","damage_taken":0,"max_hp_gain":0,"max_hp_loss":0,"event_name":"Upgrade Shrine","floor":38,"gold_loss":0,"cards_upgraded":["Wraith Form v2"]},{"cards_removed":["Strike_G"],"damage_healed":0,"gold_gain":0,"player_choice":"Removed Attack","damage_taken":0,"max_hp_gain":0,"max_hp_loss":0,"event_name":"Falling","floor":48,"gold_loss":0}],"is_beta":false,"boss_relics":[{"not_picked":["WristBlade","Velvet Choker"],"picked":"Ectoplasm"},{"not_picked":["Fusion Hammer","Sozu"],"picked":"Philosopher\u0027s Stone"}],"items_purged_floors":[],"is_endless":false,"potions_floor_spawned":[1,5,12,13,19,23,27,39,40,42,45],"killed_by":"Time Eater","ascension_level":4}}