{"host":"4qkvkh7pd9qr2mca","time":1608132814,"event":{"mods":["AchievementEnabler","BaseMod","Colored Map","Colored Powertips","Highlight Path","Minty Spire (QoL Compilation)","Permanent Neow","Quick Restart","StSLib","SuperFastMode"],"gold_per_floor":[369,29,45,56,106,106,140,150,150,170,170,95,95,120,120,120,120],"floor_reached":16,"playtime":494,"items_purged":["Strike_G"],"score":220,"play_id":"26f931dc-1a4e-403c-9278-3b2be7255191","local_time":"20201216163334","is_ascension_mode":true,"campfire_choices":[{"data":"Neutralize","floor":6,"key":"SMITH"},{"floor":11,"key":"REST"},{"floor":13,"key":"REST"},{"data":"Predator","floor":15,"key":"SMITH"}],"circlet_count":0,"master_deck":["AscendersBane","Strike_G","Strike_G","Strike_G","Strike_G","Defend_G","Defend_G","Defend_G","Defend_G","Defend_G","Survivor","Neutralize+1","All Out Attack","Dash","Acrobatics","Dagger Spray","Predator+1","Well Laid Plans","Noxious Fumes","Underhanded Strike+1","Crippling Poison+1"],"relics":["Ring of the Snake","Orrery","Pen Nib","Ornamental Fan","Molten Egg 2","Toxic Egg 2"],"acts_visited":["Exordium"],"potions_floor_usage":[8,14],"damage_taken":[{"damage":3,"enemies":"Cultist","floor":1,"turns":5},{"damage":4,"enemies":"Small Slimes","floor":3,"turns":3},{"damage":0,"enemies":"Jaw Worm","floor":4,"turns":3},{"damage":25,"enemies":"3 Sentries","floor":7,"turns":6},{"damage":0,"enemies":"3 Louse","floor":8,"turns":5},{"damage":14,"enemies":"Exordium Wildlife","floor":10,"turns":4},{"damage":23,"enemies":"Gremlin Nob","floor":14,"turns":4},{"damage":11,"enemies":"Hexaghost","floor":16,"turns":9}],"seed_played":"4552452262785915356","potions_obtained":[{"floor":3,"key":"FearPotion"},{"floor":8,"key":"AttackPotion"}],"is_trial":false,"path_per_floor":["M","$","M","M","?","R","E","M","T","M","R","$","R","E","R","B"],"character_chosen":"THE_SILENT","items_purchased":["Orrery","Pen Nib"],"campfire_rested":2,"item_purchase_floors":[2,2],"current_hp_per_floor":[56,56,52,52,46,46,21,21,21,7,25,25,43,20,20,9,9],"gold":120,"neow_bonus":"TWO_FIFTY_GOLD","is_daily":false,"chose_seed":false,"campfire_upgraded":2,"win_rate":0.0,"timestamp":1608132814,"path_taken":["M","$","M","M","?","R","E","M","T","M","R","?","R","E","R","BOSS"],"items_purchased_type":["Relic","Relic"],"build_version":"2020-12-13","purchased_purges":1,"victory":false,"max_hp_per_floor":[60,60,60,60,60,60,60,60,60,60,60,60,60,60,60,60,60],"card_choices":[{"not_picked":["Flying Knee","Backflip"],"picked":"All Out Attack","floor":1},{"not_picked":["Cloak And Dagger","Underhanded Strike"],"picked":"Dash","floor":2},{"not_picked":["Prepared","Deflect"],"picked":"Acrobatics","floor":2},{"not_picked":["Outmaneuver","Bane"],"picked":"Dagger Spray","floor":2},{"not_picked":["Bane","Masterful Stab","Deflect"],"picked":"SKIP","floor":3},{"not_picked":["Cloak And Dagger","Dagger Throw"],"picked":"Predator","floor":4},{"not_picked":["Deadly Poison","Sucker Punch"],"picked":"Well Laid Plans","floor":7},{"not_picked":["Cloak And Dagger","Masterful Stab"],"picked":"Noxious Fumes","floor":8},{"not_picked":["Slice+1","Flechettes+1"],"picked":"Underhanded Strike+1","floor":10},{"not_picked":["Cloak And Dagger+1","Heel Hook+1"],"picked":"Crippling Poison+1","floor":14}],"player_experience":336421,"relics_obtained":[{"floor":7,"key":"Ornamental Fan"},{"floor":9,"key":"Molten Egg 2"},{"floor":14,"key":"Toxic Egg 2"}],"event_choices":[{"damage_healed":0,"gold_gain":50,"player_choice":"Touch","damage_taken":6,"max_hp_gain":0,"max_hp_loss":0,"event_name":"FaceTrader","floor":5,"gold_loss":0}],"is_beta":false,"boss_relics":[],"items_purged_floors":[12],"is_endless":false,"potions_floor_spawned":[3,8],"killed_by":"Hexaghost","ascension_level":20}}