{"host":"i41n6wh529970c2c","time":1608149304,"event":{"mods":["Act Like it!","BaseMod","BetterRewards","Friendly Minions","Gold Saver","Hermit","Minty Spire (QoL Compilation)","Replay The Spire","Shop Mod","StSLib"],"gold_per_floor":[1078,334,334,351,367,402,418,452,477,522,537,568,568,607,607,704,704,742,682,418,433,471,499,499,553,577,577],"floor_reached":26,"playtime":1552,"items_purged":["Strike_G","Strike_G"],"score":375,"play_id":"d03aaad8-5fff-47c9-9cbf-c9e5c127372a","local_time":"20201216150824","is_ascension_mode":true,"campfire_choices":[{"floor":24,"key":"REST"}],"circlet_count":0,"master_deck":["Strike_G","Strike_G","Strike_G","Defend_G","Defend_G","Defend_G","Defend_G","Defend_G","Survivor","Neutralize","Finisher","HandOfGreed","Cloak And Dagger","Dagger Throw","Noxious Fumes","Dash+1","Blade Dance+1","Infinite Blades","Wraith Form v2","Calculated Gamble","Footwork","Infinite Blades","PiercingWail","Finisher","Replay:Bag of Tricks","Wraith Form v2","Infinite Blades+1"],"relics":["Ring of the Snake","NeowsBlessing","BargainBundle","Lantern","Lizard Tail","Omamori","Replay:Mystery Machine","Bronze Scales","Dream Catcher","InkBottle","The Specimen","SlaversCollar","Replay:Bandana","ReplayTheSpireMod:TigerMarble"],"acts_visited":["Exordium","TheCity"],"potions_floor_usage":[],"damage_taken":[{"damage":0.0,"enemies":"Jaw Worm","floor":1.0,"turns":1.0},{"damage":0.0,"enemies":"Small Slimes","floor":4.0,"turns":1.0},{"damage":0.0,"enemies":"2 Louse","floor":5.0,"turns":1.0},{"damage":11.0,"enemies":"Gremlin Nob","floor":6.0,"turns":4.0},{"damage":0.0,"enemies":"Looter","floor":7.0,"turns":3.0},{"damage":21.0,"enemies":"Lagavulin","floor":8.0,"turns":4.0},{"damage":4.0,"enemies":"3 Sentries","floor":10.0,"turns":6.0},{"damage":0.0,"enemies":"Blue Slaver","floor":11.0,"turns":4.0},{"damage":2.0,"enemies":"Lagavulin","floor":12.0,"turns":5.0},{"damage":12.0,"enemies":"Lots of Slimes","floor":14.0,"turns":3.0},{"damage":49.0,"enemies":"Fading Forest","floor":16.0,"turns":11.0},{"damage":14,"enemies":"3 Byrds","floor":18,"turns":3},{"damage":4,"enemies":"Shell Parasite","floor":21,"turns":6},{"damage":12,"enemies":"Snake Plant","floor":22,"turns":5},{"damage":15,"enemies":"Book of Stabbing","floor":23,"turns":6},{"damage":96,"enemies":"Gremlin Leader","floor":25,"turns":8}],"seed_played":"-1411360330954582695","potions_obtained":[{"floor":5.0,"key":"Dexterity Potion"},{"floor":6.0,"key":"SpeedPotion"},{"floor":7.0,"key":"Toxic Potion"},{"floor":8.0,"key":"Regen Potion"},{"floor":12.0,"key":"Fire Potion"},{"floor":18,"key":"FairyPotion"},{"floor":23,"key":"Milkshake"}],"is_trial":false,"path_per_floor":["M","$","?","M","M","E","M","E","T","E","M","E","?","M","R","B",null,"M","?","$","M","M","E","R","E","T"],"character_chosen":"THE_SILENT","items_purchased":["BargainBundle","Lantern","Lizard Tail","HandOfGreed","Cloak And Dagger","BlessingOfTheForge","PowerPotion","Toxic Potion","Dagger Throw","Noxious Fumes","Wraith Form v2"],"campfire_rested":1,"item_purchase_floors":[2,2,2,2,2,2,2,2,2,2,20],"current_hp_per_floor":[63,63,63,63,63,52,52,31,31,42,42,40,40,28,49,8,55,41,41,41,37,25,10,31,17,17,17],"gold":577,"neow_bonus":"THREE_ENEMY_KILL","is_daily":false,"chose_seed":false,"campfire_upgraded":0,"win_rate":0.0,"timestamp":1608149304,"path_taken":["M","$","?","M","M","E","M","E","T","E","M","E","?","M","R","BOSS","M","?","$","M","M","E","R","E","T"],"items_purchased_type":["Relic","Relic","Relic","Card","Card","Potion","Potion","Potion","Card","Card","Card"],"build_version":"2020-12-13","purchased_purges":2,"victory":false,"max_hp_per_floor":[70,70,70,70,70,70,70,70,70,70,70,70,70,70,70,70,70,70,70,70,70,70,70,70,70,70,70],"card_choices":[{"not_picked":["Prepared","Quick Slash"],"picked":"Finisher","floor":1.0},{"not_picked":["Sucker Punch","PiercingWail"],"picked":"Blade Dance","floor":4.0},{"not_picked":["Deflect","Fluid Movement"],"picked":"Infinite Blades","floor":5.0},{"not_picked":["Prepared","Blade Dance"],"picked":"Wraith Form v2","floor":6.0},{"not_picked":["Acrobatics","Blade Dance"],"picked":"Calculated Gamble","floor":7.0},{"not_picked":["Acrobatics","Replay:Poison Smokescreen","Endless Agony"],"picked":"SKIP","floor":8.0},{"not_picked":["Cloak And Dagger","Wraith Form v2"],"picked":"Footwork","floor":10.0},{"not_picked":["Hidden Blade","Bouncing Flask"],"picked":"Infinite Blades","floor":11.0},{"not_picked":["Calculated Gamble","Slice","Hidden Blade"],"picked":"SKIP","floor":12.0},{"not_picked":["Toxin Wave","Quick Slash"],"picked":"PiercingWail","floor":14.0},{"not_picked":["Cloak And Dagger","Prepared"],"picked":"Finisher","floor":15.0},{"not_picked":["Doppelganger","Unload"],"picked":"Replay:Bag of Tricks","floor":16.0},{"not_picked":["Hidden Blade+1","Flying Knee","Poisoned Stab"],"picked":"SKIP","floor":18},{"not_picked":["Sucker Punch+1","Heel Hook","Prepared"],"picked":"SKIP","floor":21},{"not_picked":["Prepared+1","Choke","Sucker Punch"],"picked":"SKIP","floor":22},{"not_picked":["Burst","Replay:Poison Smokescreen"],"picked":"Infinite Blades+1","floor":23},{"not_picked":["Blade Dance","Skewer","Deflect+1"],"picked":"SKIP","floor":25}],"player_experience":797451,"relics_obtained":[{"floor":6.0,"key":"Omamori"},{"floor":8.0,"key":"Replay:Mystery Machine"},{"floor":9.0,"key":"Bronze Scales"},{"floor":10.0,"key":"Dream Catcher"},{"floor":12.0,"key":"InkBottle"},{"floor":23,"key":"Replay:Bandana"},{"floor":25,"key":"ReplayTheSpireMod:TigerMarble"}],"event_choices":[{"damage_healed":0.0,"max_hp_gain":0.0,"max_hp_loss":0.0,"gold_gain":0.0,"event_name":"Big Fish","player_choice":"Box","floor":13.0,"gold_loss":0.0,"damage_taken":0.0,"relics_obtained":["The Specimen"],"cards_obtained":["Regret"]}],"is_beta":false,"boss_relics":[{"not_picked":["Velvet Choker","Pandora\u0027s Box"],"picked":"SlaversCollar"}],"items_purged_floors":[2,20],"is_endless":false,"potions_floor_spawned":[5,6,7,8,12,18,23],"ascension_level":7}}