{"host":"2e3z4r48quhw80cc","time":1608092339,"event":{"mods":["BaseMod","Minty Spire (QoL Compilation)","Quick Restart","StSLib","SuperFastMode"],"gold_per_floor":[113,83,7,7,20,45,45,75,75,140,140,152,71,82,82,180,180,191,151,168,179,189,189,216,216,262,262,273,288,288,301,301,301,301],"floor_reached":33,"playtime":1014,"items_purged":[],"score":393,"play_id":"46e5dd17-58ea-4406-a84e-72875c4e2dde","local_time":"20201216131859","is_ascension_mode":true,"campfire_choices":[{"floor":7.0,"key":"DIG"},{"floor":11.0,"key":"REST"},{"data":"Zap","floor":15.0,"key":"SMITH"},{"floor":23.0,"key":"REST"},{"floor":25.0,"key":"REST"},{"floor":30,"key":"REST"},{"floor":32,"key":"REST"}],"circlet_count":0,"master_deck":["Strike_B","Strike_B","Strike_B","Strike_B","Defend_B","Defend_B","Defend_B","Defend_B","Zap+1","Dualcast","Sunder","Capacitor","Conserve Battery+1","Buffer+1","Thunder Strike","Buffer","Force Field","Core Surge","Ball Lightning","Reinforced Body","Heatsinks"],"relics":["Cracked Core","NeowsBlessing","Shovel","HornCleat","Emotion Chip","Sundial","White Beast Statue","StoneCalendar","Busted Crown","Blue Candle","PreservedInsect"],"acts_visited":["Exordium","TheCity"],"potions_floor_usage":[29,29,31],"damage_taken":[{"damage":0.0,"enemies":"Small Slimes","floor":1.0,"turns":1.0},{"damage":0.0,"enemies":"Cultist","floor":5.0,"turns":1.0},{"damage":0.0,"enemies":"3 Sentries","floor":6.0,"turns":1.0},{"damage":25.0,"enemies":"Lagavulin","floor":8.0,"turns":8.0},{"damage":30.0,"enemies":"Lagavulin Event","floor":10.0,"turns":6.0},{"damage":5.0,"enemies":"Jaw Worm","floor":12.0,"turns":2.0},{"damage":16.0,"enemies":"Lots of Slimes","floor":14.0,"turns":4.0},{"damage":10.0,"enemies":"Hexaghost","floor":16.0,"turns":10.0},{"damage":13.0,"enemies":"3 Byrds","floor":18.0,"turns":5.0},{"damage":18.0,"enemies":"2 Thieves","floor":20.0,"turns":5.0},{"damage":12.0,"enemies":"Snake Plant","floor":21.0,"turns":4.0},{"damage":4.0,"enemies":"Snecko","floor":22.0,"turns":6.0},{"damage":30.0,"enemies":"Slavers","floor":24.0,"turns":7.0},{"damage":3,"enemies":"Chosen and Byrds","floor":28,"turns":6},{"damage":0,"enemies":"Snake Plant","floor":29,"turns":3},{"damage":24,"enemies":"3 Cultists","floor":31,"turns":6},{"damage":23,"enemies":"Champ","floor":33,"turns":10}],"seed_played":"-5712816897813752592","potions_obtained":[{"floor":1.0,"key":"LiquidBronze"},{"floor":2.0,"key":"FocusPotion"},{"floor":2.0,"key":"DuplicationPotion"},{"floor":8.0,"key":"Swift Potion"},{"floor":10.0,"key":"SkillPotion"},{"floor":12.0,"key":"LiquidMemories"},{"floor":14.0,"key":"FearPotion"},{"floor":16.0,"key":"Weak Potion"},{"floor":18.0,"key":"Swift Potion"},{"floor":20.0,"key":"DistilledChaos"},{"floor":21.0,"key":"Block Potion"},{"floor":22.0,"key":"LiquidMemories"},{"floor":24.0,"key":"DistilledChaos"},{"floor":28,"key":"Fire Potion"},{"floor":29,"key":"SkillPotion"},{"floor":31,"key":"Strength Potion"}],"is_trial":false,"path_per_floor":["M","?","$","?","M","E","R","E","T","?","R","M","$","M","R","B",null,"M","?","M","M","M","R","E","R","T","?","M","M","R","M","R","B"],"character_chosen":"DEFECT","items_purchased":["Capacitor","Buffer"],"campfire_rested":5,"item_purchase_floors":[3,13],"current_hp_per_floor":[68,68,68,68,68,68,68,43,43,13,35,30,30,14,14,4,57,44,44,26,14,10,32,2,24,24,10,7,7,31,7,31,8,8],"gold":301,"neow_bonus":"THREE_ENEMY_KILL","is_daily":false,"chose_seed":false,"campfire_upgraded":1,"win_rate":0.0,"timestamp":1608092339,"path_taken":["M","?","?","?","?","E","R","E","T","?","R","M","?","M","R","BOSS","M","?","M","?","M","R","E","R","T","?","M","M","R","M","R","BOSS"],"items_purchased_type":["Card","Card"],"build_version":"2020-12-13","purchased_purges":0,"victory":false,"max_hp_per_floor":[75,75,75,75,75,75,75,75,75,75,75,75,75,75,75,75,75,75,75,75,75,75,75,75,75,75,80,80,80,80,80,80,80,80],"card_choices":[{"not_picked":["Redo","Coolheaded"],"picked":"Sunder","floor":1.0},{"not_picked":["Barrage","Go for the Eyes"],"picked":"Conserve Battery","floor":5.0},{"not_picked":["Steam","Cold Snap"],"picked":"Buffer","floor":6.0},{"not_picked":["Beam Cell","Leap"],"picked":"Thunder Strike","floor":8.0},{"not_picked":["Stack","Compile Driver","Coolheaded"],"picked":"SKIP","floor":12.0},{"not_picked":["Sweeping Beam","Go for the Eyes"],"picked":"Force Field","floor":14.0},{"not_picked":["Hyperbeam","Machine Learning"],"picked":"Core Surge","floor":16.0},{"not_picked":["Barrage"],"picked":"SKIP","floor":18.0},{"not_picked":["Turbo"],"picked":"SKIP","floor":20.0},{"not_picked":[],"picked":"Ball Lightning","floor":21.0},{"not_picked":[],"picked":"Reinforced Body","floor":22.0},{"not_picked":["Hologram+1"],"picked":"SKIP","floor":24.0},{"not_picked":["Compile Driver"],"picked":"SKIP","floor":28},{"not_picked":["Compile Driver"],"picked":"SKIP","floor":29},{"not_picked":[],"picked":"Heatsinks","floor":31}],"player_experience":53978,"relics_obtained":[{"floor":6.0,"key":"HornCleat"},{"floor":7.0,"key":"Emotion Chip"},{"floor":8.0,"key":"Sundial"},{"floor":9.0,"key":"White Beast Statue"},{"floor":10.0,"key":"StoneCalendar"},{"floor":24.0,"key":"Blue Candle"},{"floor":26.0,"key":"PreservedInsect"}],"event_choices":[{"damage_healed":0.0,"max_hp_gain":0.0,"max_hp_loss":0.0,"gold_gain":0.0,"event_name":"The Woman in Blue","player_choice":"Bought 2 Potions","floor":2.0,"gold_loss":0.0,"damage_taken":0.0},{"damage_healed":0.0,"max_hp_gain":0.0,"max_hp_loss":0.0,"gold_gain":0.0,"event_name":"WeMeetAgain","player_choice":"Gave Potion","floor":4.0,"gold_loss":0.0,"damage_taken":0.0,"relics_obtained":["Shovel"]},{"damage_healed":0.0,"max_hp_gain":0.0,"max_hp_loss":0.0,"gold_gain":30.0,"event_name":"Dead Adventurer","player_choice":"Searched \u00272\u0027 times","floor":10.0,"gold_loss":0.0,"damage_taken":0.0},{"damage_healed":0.0,"max_hp_gain":0.0,"max_hp_loss":0.0,"gold_gain":0.0,"event_name":"Designer","player_choice":"Upgraded Two","floor":19.0,"gold_loss":40.0,"damage_taken":0.0,"cards_upgraded":["Buffer","Conserve Battery"]},{"damage_healed":0.0,"max_hp_gain":5.0,"max_hp_loss":0.0,"gold_gain":0.0,"event_name":"Forgotten Altar","player_choice":"Shed Blood","floor":27.0,"gold_loss":0.0,"damage_taken":19.0}],"is_beta":false,"boss_relics":[{"not_picked":["Ectoplasm","Snecko Eye"],"picked":"Busted Crown"}],"items_purged_floors":[],"is_endless":false,"potions_floor_spawned":[1,8,10,12,14,16,18,20,21,22,24,28,29,31],"killed_by":"Champ","ascension_level":6}}