{"host":"b6iqmq74l2bwzb3l","time":1608140690,"event":{"mods":["Astrologer","BaseMod","Colored Map","Colored Powertips","Googly Eyes","MarisaÅiñ∂âJÅ@ñÇóùçπÅj","Minty Spire (QoL Compilation)","Quick Restart","StSLib","The Cursed"],"gold_per_floor":[110,110,121,136,68,68,79,79,147,166,184,195,195,213,213,313,363,345,148,48,66,66,66],"floor_reached":22,"playtime":494,"items_purged":["Strike_R","Strike_R"],"score":180,"play_id":"224ccd35-ecea-4439-900e-f89b78a79315","local_time":"20201217024450","is_ascension_mode":false,"campfire_choices":[{"data":"Inflame","floor":6,"key":"SMITH"},{"data":"Barricade","floor":8,"key":"SMITH"},{"floor":15,"key":"REST"}],"circlet_count":0,"master_deck":["Strike_R+1","Strike_R+1","Strike_R","Defend_R","Defend_R","Defend_R+1","Defend_R","Bash+1","Inflame+1","Barricade+1","Disarm","Inflame+1","Clash","Berserk","Clash","Clash","Spot Weakness","Heavy Blade"],"relics":["Burning Blood","Kunai","Tiny House"],"acts_visited":["Exordium","TheCity"],"potions_floor_usage":[14,16,16],"damage_taken":[{"damage":10,"enemies":"Cultist","floor":1,"turns":4},{"damage":15,"enemies":"Small Slimes","floor":3,"turns":2},{"damage":2,"enemies":"Jaw Worm","floor":4,"turns":4},{"damage":20,"enemies":"Lots of Slimes","floor":7,"turns":5},{"damage":12,"enemies":"Blue Slaver","floor":10,"turns":2},{"damage":27,"enemies":"Gremlin Gang","floor":11,"turns":5},{"damage":0,"enemies":"3 Louse","floor":12,"turns":4},{"damage":5,"enemies":"Red Slaver","floor":14,"turns":4},{"damage":12,"enemies":"Hexaghost","floor":16,"turns":8},{"damage":15,"enemies":"2 Thieves","floor":18,"turns":4},{"damage":18,"enemies":"Shell Parasite","floor":21,"turns":2},{"damage":56,"enemies":"Centurion and Healer","floor":22,"turns":4}],"seed_played":"-7482940300891655323","potions_obtained":[{"floor":10,"key":"Fire Potion"},{"floor":11,"key":"LiquidBronze"},{"floor":12,"key":"Swift Potion"},{"floor":17,"key":"ColorlessPotion"}],"is_trial":false,"path_per_floor":["M","?","M","M","$","R","M","R","T","M","M","M","?","M","R","B",null,"M","$","$","M","M"],"character_chosen":"IRONCLAD","items_purchased":["Inflame","Spot Weakness","Heavy Blade"],"campfire_rested":1,"item_purchase_floors":[5,19,19],"current_hp_per_floor":[76,60,51,55,55,55,41,41,41,35,14,20,20,21,45,39,85,76,76,76,64,8,8],"gold":66,"neow_bonus":"UPGRADE_CARD","is_daily":false,"chose_seed":false,"campfire_upgraded":2,"win_rate":0.0,"timestamp":1608140690,"path_taken":["M","?","M","M","$","R","M","R","T","M","M","M","?","M","R","BOSS","M","?","$","M","M"],"items_purchased_type":["Card","Card","Card"],"build_version":"2020-12-13","purchased_purges":2,"victory":false,"max_hp_per_floor":[80,80,80,80,80,80,80,80,80,80,80,80,80,80,80,80,85,85,85,85,85,85,85],"card_choices":[{"not_picked":["Wild Strike","Clothesline","Anger"],"picked":"SKIP","floor":1},{"not_picked":["Cleave","Power Through","Thunderclap"],"picked":"SKIP","floor":3},{"not_picked":["Headbutt","Clothesline","Searing Blow"],"picked":"SKIP","floor":4},{"not_picked":["True Grit","Warcry"],"picked":"Barricade","floor":7},{"not_picked":["Fire Breathing","Feel No Pain"],"picked":"Disarm","floor":10},{"not_picked":["Body Slam","Perfected Strike"],"picked":"Inflame","floor":11},{"not_picked":["Headbutt","Twin Strike"],"picked":"Clash","floor":12},{"not_picked":["Whirlwind","Headbutt","Evolve"],"picked":"SKIP","floor":14},{"not_picked":["Juggernaut","Double Tap"],"picked":"Berserk","floor":16},{"not_picked":["Headbutt","Anger"],"picked":"Clash","floor":17},{"not_picked":["Flex","Sword Boomerang"],"picked":"Clash","floor":18},{"not_picked":["True Grit","Blood for Blood","Dual Wield"],"picked":"SKIP","floor":21}],"player_experience":313326,"relics_obtained":[{"floor":9,"key":"Kunai"}],"event_choices":[{"damage_healed":0,"gold_gain":0,"player_choice":"Entered Light","damage_taken":16,"max_hp_gain":0,"max_hp_loss":0,"event_name":"Shining Light","floor":2,"gold_loss":0,"cards_upgraded":["Defend_R","Strike_R"]},{"damage_healed":0,"gold_gain":0,"player_choice":"Upgraded","damage_taken":0,"max_hp_gain":0,"max_hp_loss":0,"event_name":"Upgrade Shrine","floor":13,"gold_loss":0,"cards_upgraded":["Inflame"]}],"is_beta":false,"boss_relics":[{"not_picked":["Runic Pyramid","Fusion Hammer"],"picked":"Tiny House"}],"items_purged_floors":[19,20],"is_endless":false,"potions_floor_spawned":[10,11,12],"killed_by":"Centurion and Healer","ascension_level":0}}