{"host":"zm8394tgbuhioebz","time":1608154955,"event":{"mods":["AchievementEnabler","Aspiration","BaseMod","Beaked The Cultist","CatGirl Mod","Colored Map","Colored Powertips","DeckTracker","Dio Mod","Downfall","Googly Eyes","GungeonMod","Hermit","Highlight Path","Hubris","Infinite Spire","Marisa????????","Minty Spire (QoL Compilation)","Quick Restart","Random Character Button","Rare Cards Sparkle","Relic Sorter","Relic Stats","Remilia??????","Replay The Spire","Shop Mod","StSLib","SuperFastMode","Synergy Search","The Administrix","The Animator","The Bladedancer","The Cursed","The Disciple","The Jungle","The Mystic","The Necromancer","The Poker Player","The Runesmith","The Senshi","The Servant 0.9.4","Waifu the Spire","slay the spire mod where everything is the same but ironclad has a cowboy hat"],"gold_per_floor":[119,132,176,61,106,132,132,132,132,132,196,196,224,224,224,360,360,330,353,278,30,48,48,78,98,98,98,111,142,160,244,244,244],"floor_reached":32,"playtime":2219,"items_purged":["Injury","DemoMod:Strike_Huntress"],"score":246,"play_id":"b754ff39-d89f-4d87-8f86-2077393e5441","local_time":"20201216164235","is_ascension_mode":false,"campfire_choices":[{"floor":8,"key":"REST"},{"floor":12,"key":"REST"},{"floor":15,"key":"REST"},{"floor":23,"key":"REST"},{"floor":27,"key":"REST"}],"circlet_count":0,"master_deck":["DemoMod:Strike_Huntress","DemoMod:Defend_Huntress","DemoMod:Defend_Huntress","DemoMod:Defend_Huntress","DemoMod:Defend_Huntress","DemoMod:Roll","DemoMod:ManualReload","DemoMod:RustySidearm","DemoMod:CrossBow","DemoMod:DoubleSwitch+1","DemoMod:BoxingGlove","DemoMod:TripleGun","DemoMod:MegaHand","DemoMod:FightSabre","DemoMod:MachoBrace","DemoMod:GunslingerForm","DemoMod:HardPowerCard","DemoMod:SuppressiveFire","DemoMod:HardPowerCard","DemoMod:FastSwitch","DemoMod:CursedBullets","DemoMod:HungryBullets+1"],"relics":["DemoMod:Dog","DemoMod:ChaffGrenade","Fusion Hammer","hubris:Reverence","NeowsBlessing","DemoMod:LamentConfigurum","Golden Idol","hubris:BottledRain","DemoMod:ClearGuonStone"],"acts_visited":["Exordium","TheCity","TheCity"],"potions_floor_usage":[6,11,28,31],"damage_taken":[{"damage":0,"enemies":"2 Louse","floor":1,"turns":1},{"damage":0,"enemies":"Jaw Worm","floor":2,"turns":1},{"damage":0,"enemies":"Small Slimes","floor":5,"turns":1},{"damage":30,"enemies":"Gremlin Nob","floor":6,"turns":4},{"damage":42,"enemies":"Lagavulin Event","floor":11,"turns":6},{"damage":11,"enemies":"2 Fungi Beasts","floor":13,"turns":3},{"damage":46,"enemies":"Fading Forest","floor":16,"turns":11},{"damage":18,"enemies":"2 Thieves","floor":18,"turns":5},{"damage":13,"enemies":"3 Byrds","floor":19,"turns":7},{"damage":19,"enemies":"Snecko","floor":22,"turns":9},{"damage":11,"enemies":"Sentry and Sphere","floor":24,"turns":5},{"damage":24,"enemies":"Shelled Parasite and Fungi","floor":25,"turns":8},{"damage":10,"enemies":"DemoMod:Red_and_blue_shotgun_kin","floor":28,"turns":4},{"damage":15,"enemies":"DemoMod:Veteran_shot_gun_kin_and_bullet_kin","floor":29,"turns":6},{"damage":0,"enemies":"DemoMod:Red_and_blue_shotgun_kin_with_gunsinger","floor":30,"turns":5},{"damage":17,"enemies":"DemoMod:Veteran_shot_gun_kin_and_blue_shotgun_kin","floor":31,"turns":3},{"damage":28,"enemies":"DemoMod:Veteran_shot_gun_kin_and_blue_shotgun_kin_with_gunsinger","floor":32,"turns":3}],"seed_played":"-1560792773989542375","potions_obtained":[{"floor":1,"key":"AttackPotion"},{"floor":3,"key":"GamblersBrew"},{"floor":13,"key":"Elixir"},{"floor":16,"key":"Dexterity Potion"},{"floor":18,"key":"Doom Potion"},{"floor":29,"key":"ColorlessPotion"}],"is_trial":false,"path_per_floor":["M","M","?","$","M","E","?","R","T","?","?","R","M","?","R","B",null,"M","M","$","$","M","R","M","M","T","R","M","M","M","M","M"],"character_chosen":"HUNTRESS","items_purchased":["DemoMod:GnawedKey","DemoMod:ClearGuonStone"],"campfire_rested":5,"item_purchase_floors":[4,21],"current_hp_per_floor":[70,70,53,53,53,23,23,44,44,44,2,23,12,12,33,7,70,52,39,39,39,20,41,30,6,70,70,60,45,45,28,0,0],"gold":244,"neow_bonus":"THREE_ENEMY_KILL","is_daily":false,"chose_seed":false,"campfire_upgraded":0,"win_rate":0.0,"timestamp":1608154955,"path_taken":["M","M","?","$","M","E","?","R","T","?","?","R","?","?","R","BOSS","M","M","?","$","?","R","M","M","T","R","M","M","M","M","M"],"items_purchased_type":["Relic","Relic"],"build_version":"2020-12-13","purchased_purges":2,"victory":false,"max_hp_per_floor":[70,70,70,70,70,70,70,70,70,70,70,70,70,70,70,70,70,70,70,70,70,70,70,70,70,70,70,70,70,70,70,70,70],"relic_stats":{"counters":[17,82],"Golden Idol":115,"obtain_stats":[{"DemoMod:Dog":0,"NeowsBlessing":0,"Golden Idol":7,"DemoMod:ChaffGrenade":11,"DemoMod:LamentConfigurum":6,"DemoMod:GlassGuonStoneRelic":1,"Fusion Hammer":17,"DemoMod:GnawedKey":4,"DemoMod:ClearGuonStone":21,"hubris:Reverence":3,"hubris:BottledRain":9},{"DemoMod:Dog":0,"NeowsBlessing":0,"Golden Idol":4,"DemoMod:ChaffGrenade":5,"DemoMod:LamentConfigurum":4,"DemoMod:GlassGuonStoneRelic":1,"Fusion Hammer":7,"DemoMod:GnawedKey":2,"DemoMod:ClearGuonStone":9,"hubris:Reverence":2,"hubris:BottledRain":4},{"DemoMod:Dog":0,"NeowsBlessing":0,"Golden Idol":7,"DemoMod:ChaffGrenade":13,"DemoMod:LamentConfigurum":7,"DemoMod:GlassGuonStoneRelic":1,"Fusion Hammer":27,"DemoMod:GnawedKey":2,"DemoMod:ClearGuonStone":39,"hubris:Reverence":2,"hubris:BottledRain":7}]},"card_choices":[{"not_picked":["DemoMod:FastSwitch","DemoMod:Purify"],"picked":"DemoMod:DoubleSwitch","floor":1},{"not_picked":["DemoMod:JK47","DemoMod:SAA"],"picked":"DemoMod:BoxingGlove","floor":2},{"not_picked":["DemoMod:MachoBrace","DemoMod:JK47"],"picked":"DemoMod:TripleGun","floor":3},{"not_picked":["DemoMod:ThirdPartyController","DemoMod:SAA"],"picked":"DemoMod:MegaHand","floor":5},{"not_picked":["DemoMod:Purify","DemoMod:ShadowBullets"],"picked":"DemoMod:FightSabre","floor":6},{"not_picked":["DemoMod:HuntsMan","DemoMod:JK47"],"picked":"DemoMod:MachoBrace","floor":11},{"not_picked":["DemoMod:HuntsMan","DemoMod:JK47"],"picked":"DemoMod:GunslingerForm","floor":13},{"not_picked":["DemoMod:FullFirepower","DemoMod:BulletBore"],"picked":"DemoMod:SuppressiveFire","floor":16},{"not_picked":["DemoMod:JK47","DemoMod:AWP+1"],"picked":"DemoMod:HardPowerCard","floor":18},{"not_picked":["DemoMod:Unity","DemoMod:BoxingGlove"],"picked":"DemoMod:FastSwitch","floor":19},{"not_picked":["DemoMod:Ejector","DemoMod:GunstockTap","DemoMod:DirectionalPad"],"picked":"SKIP","floor":19},{"not_picked":["DemoMod:Purify","DemoMod:PotionOfGunFriendShip"],"picked":"DemoMod:CursedBullets","floor":22},{"not_picked":["DemoMod:AC15","DemoMod:LifeOrb","DemoMod:DirectionalPad+1"],"picked":"SKIP","floor":24},{"not_picked":["DemoMod:BoxingGlove+1","DemoMod:PotionOfGunFriendShip","DemoMod:HighKaliber"],"picked":"SKIP","floor":25},{"not_picked":["DemoMod:BattleInHaste+1","DemoMod:FastSwitch","DemoMod:GunstockTap+1"],"picked":"SKIP","floor":28},{"not_picked":["DemoMod:BlankBullets","DemoMod:FastSwitch"],"picked":"DemoMod:HungryBullets+1","floor":29},{"not_picked":["DemoMod:ShadowBullets+1","DemoMod:CombinedRifle","DemoMod:LifeOrb+1"],"picked":"SKIP","floor":30},{"not_picked":["DemoMod:Ejector","DemoMod:JK47","DemoMod:Unity"],"picked":"SKIP","floor":31}],"player_experience":30935,"relics_obtained":[{"floor":3,"key":"hubris:Reverence"},{"floor":6,"key":"DemoMod:LamentConfigurum"},{"floor":9,"key":"hubris:BottledRain"},{"floor":11,"key":"DemoMod:ChaffGrenade"}],"event_choices":[{"damage_healed":0,"gold_gain":0,"player_choice":"Take Wound","damage_taken":0,"relics_obtained":["Golden Idol"],"max_hp_gain":0,"max_hp_loss":0,"event_name":"Golden Idol","floor":7,"gold_loss":0,"cards_obtained":["Injury"]},{"damage_healed":0,"gold_gain":30,"player_choice":"Searched \u00273\u0027 times","damage_taken":0,"max_hp_gain":0,"max_hp_loss":0,"event_name":"Dead Adventurer","floor":11,"gold_loss":0},{"damage_healed":0,"gold_gain":0,"cards_transformed":["DemoMod:Strike_Huntress"],"player_choice":"Transformed","damage_taken":0,"max_hp_gain":0,"max_hp_loss":0,"event_name":"Transmorgrifier","floor":14,"gold_loss":0,"cards_obtained":["DemoMod:HardPowerCard"]}],"is_beta":false,"boss_relics":[{"not_picked":["ReplayTheSpireMod:DimensionalGlitch","Painkiller Herb"],"picked":"Fusion Hammer"}],"items_purged_floors":[20,21],"is_endless":false,"potions_floor_spawned":[1,13,16,18,19,25,29],"killed_by":"DemoMod:Veteran_shot_gun_kin_and_blue_shotgun_kin_with_gunsinger","ascension_level":0}}