{"host":"i9o21tdcc8l3o4rw","time":1608115929,"event":{"mods":["2.2 Compatiblity","Act Like it!","BaseMod","BetterRewards","Colored Map","Colored Powertips","Hermit","Hubris","Marisa????????","Menagerie","Minty Spire (QoL Compilation)","Replay The Spire","Shop Mod","StSLib","The Disciple","The Necromancer","The Servant 0.9.4"],"gold_per_floor":[117,129,129,143,1,1,17,17,17,17,30,30,41,41,41,41,41],"floor_reached":16,"playtime":1747,"items_purged":[],"score":92,"play_id":"4589ded1-7b3b-4ab9-8f69-fea0fb3be309","local_time":"20201216115209","is_ascension_mode":false,"campfire_choices":[{"data":"PanicButton","floor":6,"key":"SMITH"},{"floor":8,"key":"REST"},{"data":"Acrobatics","floor":10,"key":"SMITH"},{"data":"Leap","floor":15,"key":"SMITH"}],"circlet_count":0,"master_deck":["Strike_G","Strike_G","Strike_G","Strike_G","Strike_G","Defend_G","Defend_G","Defend_G","Defend_G","Defend_G","Quick Slash+1","Backflip","Outmaneuver","PanicButton+1","Acrobatics+1","Underhanded Strike","Dagger Spray","Leap+1","Beam Cell","Poisoned Stab"],"relics":["Ring of the Snake","Replay:Mystery Machine"],"acts_visited":["Exordium"],"potions_floor_usage":[],"damage_taken":[{"damage":1,"enemies":"Cultist","floor":1,"turns":4},{"damage":0,"enemies":"Jaw Worm","floor":2,"turns":4},{"damage":0,"enemies":"2 Louse","floor":4,"turns":3},{"damage":18,"enemies":"Large Slime","floor":7,"turns":12},{"damage":1,"enemies":"Looter","floor":11,"turns":4},{"damage":6,"enemies":"Blue Slaver","floor":13,"turns":3},{"damage":64,"enemies":"Hexaghost","floor":16,"turns":13}],"seed_played":"-3614404019252697507","potions_obtained":[{"floor":0,"key":"PowerPotion"},{"floor":0,"key":"Languid Potion"},{"floor":0,"key":"AttackPotion"}],"is_trial":false,"path_per_floor":["M","M","?","M","$","R","M","R","T","R","M","?","M","?","R","B"],"character_chosen":"THE_SILENT","items_purchased":["PanicButton","Acrobatics"],"campfire_rested":1,"item_purchase_floors":[5,5],"current_hp_per_floor":[69,69,69,69,69,69,51,70,70,70,69,69,63,63,63,0,0],"gold":41,"neow_bonus":"THREE_SMALL_POTIONS","is_daily":false,"chose_seed":false,"campfire_upgraded":3,"win_rate":0.0,"timestamp":1608115929,"path_taken":["M","M","?","M","$","R","M","R","T","R","M","?","M","?","R","BOSS"],"items_purchased_type":["Card","Card"],"build_version":"2020-11-29","purchased_purges":0,"victory":false,"max_hp_per_floor":[70,70,70,70,70,70,70,70,70,70,70,70,70,70,70,70,70],"card_choices":[{"not_picked":["ReplayTheSpireMod:Tripwire","Sucker Punch"],"picked":"Quick Slash","floor":1},{"not_picked":["Prepared","Quick Slash"],"picked":"Backflip","floor":2},{"not_picked":["Quick Slash","Hidden Blade"],"picked":"Outmaneuver","floor":4},{"not_picked":["Night Terror","Backflip"],"picked":"Underhanded Strike","floor":7},{"not_picked":["Dodge and Roll","Quick Slash"],"picked":"Dagger Spray","floor":11},{"not_picked":["Sucker Punch","Dodge and Roll"],"picked":"Poisoned Stab","floor":13}],"player_experience":76269,"relics_obtained":[{"floor":9,"key":"Replay:Mystery Machine"}],"event_choices":[{"damage_healed":0,"gold_gain":0,"player_choice":"Ignored","damage_taken":0,"max_hp_gain":0,"max_hp_loss":0,"event_name":"Shining Light","floor":14,"gold_loss":0}],"is_beta":false,"boss_relics":[],"items_purged_floors":[],"is_endless":false,"potions_floor_spawned":[1,4],"killed_by":"Hexaghost","ascension_level":0}}