{"host":"0cnf9zf1gia27zti","time":1608088057,"event":{"mods":["BaseMod","BetterRewards","Card Forge","Colored Map","Colored Powertips","Conspire","Downfall","Minty Spire (QoL Compilation)","Practice Mode","Quick Restart","Replay The Spire","Robot Space Explorer","Shade Mod","Spicy Shops","StSLib"],"gold_per_floor":[117,20,20,31,31,60,60,60,60,60,78,93,43,62,62,140,140,150,150,150,150,170,170,8,28,97,97,107,119,119,131,131,208,258,258],"floor_reached":34,"playtime":3283,"items_purged":["Strike_G","Normality"],"score":606,"play_id":"794de1bb-1a6e-4c67-88ae-af64818f15c5","local_time":"20201216030737","is_ascension_mode":true,"campfire_choices":[{"floor":8,"key":"REST"},{"floor":15,"key":"REST"},{"floor":23,"key":"REST"},{"floor":27,"key":"REST"},{"floor":30,"key":"DIG"},{"floor":32,"key":"REST"}],"circlet_count":0,"master_deck":["AscendersBane","Strike_G","Strike_G","Defend_G","Defend_G","Defend_G","Defend_G","Defend_G","Survivor","Neutralize","Caltrops","Infinite Blades","ReplayTheSpireMod:Speed Training","Backflip+1","Swift Strike","Deadly Poison","Prepared","Sucker Punch","Catalyst","Backstab","Cloak And Dagger","Backstab","Replay:Bag of Tricks","Choke","conspire:PoisonWeapons","Backflip+1","Leg Sweep","ReplayTheSpireMod:Speed Training","Choke","Storm of Steel","ReplayTheSpireMod:Shiv Toss"],"relics":["Ring of the Snake","Hammer of Thor","Seething Fire","Anvil of the Gods","Replay:Wax Seal","Replay:Multitool","Counterbalance","Toy Ornithopter","BargainBundle","Letter Opener","Omamori","Pantograph","Replay:Ringing Soul","ReplayTheSpireMod:CursedCoin","Shuriken","Frozen Egg 2","Gremlin Horn","Tiny House"],"acts_visited":["Exordium","TheCity","TheBeyond"],"potions_floor_usage":[4,6,12,22,28,31,33],"damage_taken":[{"damage":12,"enemies":"Cultist","floor":1,"turns":6},{"damage":3,"enemies":"Jaw Worm","floor":4,"turns":5},{"damage":25,"enemies":"3 Sentries","floor":6,"turns":8},{"damage":0,"enemies":"2 Louse","floor":11,"turns":1},{"damage":6,"enemies":"Exordium Wildlife","floor":12,"turns":4},{"damage":7,"enemies":"Large Slime","floor":14,"turns":5},{"damage":36,"enemies":"The Guardian","floor":16,"turns":10},{"damage":12,"enemies":"Chosen","floor":18,"turns":5},{"damage":24,"enemies":"2 Thieves","floor":22,"turns":4},{"damage":37,"enemies":"3 Cultists","floor":25,"turns":7},{"damage":10,"enemies":"Snecko","floor":28,"turns":4},{"damage":17,"enemies":"Centurion and Healer","floor":29,"turns":6},{"damage":9,"enemies":"Chosen and Byrds","floor":31,"turns":4},{"damage":53,"enemies":"Champ","floor":33,"turns":9}],"seed_played":"7036184446655186562","potions_obtained":[{"floor":1,"key":"Languid Potion"},{"floor":4,"key":"Swift Potion"},{"floor":6,"key":"Weak Potion"},{"floor":16,"key":"FearPotion"},{"floor":25,"key":"Strength Potion"},{"floor":29,"key":"LiquidMemories"},{"floor":31,"key":"Milkshake"},{"floor":33,"key":"GamblersBrew"},{"floor":34,"key":"Toxic Potion"}],"is_trial":false,"path_per_floor":["M","$","?","M","?","E","$","R","T","$","M","M","?","M","R","B",null,"M","T","?","?","M","R","$","M","T","R","M","M","R","M","R","B",null],"character_chosen":"THE_SILENT","items_purchased":["Replay:Wax Seal","Replay:Multitool","Caltrops","Counterbalance","Infinite Blades","ReplayTheSpireMod:Speed Training","BargainBundle","Swift Strike","Deadly Poison","Prepared","Sucker Punch","ReplayTheSpireMod:CursedCoin","Shuriken","Leg Sweep"],"campfire_rested":5,"item_purchase_floors":[0,0,0,0,0,0,2,2,2,2,2,24,24,24],"current_hp_per_floor":[19,19,19,21,21,1,1,22,22,22,22,21,21,14,35,24,59,47,47,50,50,34,56,59,22,22,45,43,29,29,25,50,30,82,82],"gold":258,"neow_bonus":"","is_daily":false,"chose_seed":false,"campfire_upgraded":0,"win_rate":0.0,"timestamp":1608088057,"path_taken":["M","?","?","?","?","E","$","R","T","?","M","M","?","M","R","BOSS","M","?","?","?","M","R","$","M","T","R","M","M","R","M","R","BOSS"],"items_purchased_type":["Relic","Relic","Card","Relic","Card","Card","Relic","Card","Card","Card","Card","Relic","Relic","Card"],"build_version":"2020-12-13","purchased_purges":2,"victory":false,"max_hp_per_floor":[70,70,70,70,70,70,70,70,70,70,70,70,70,70,70,70,70,70,70,73,73,76,76,79,79,79,79,82,85,85,85,85,88,96,96],"card_choices":[{"not_picked":["Reflex","ReplayTheSpireMod:Scrap Shanks"],"picked":"Backflip","floor":1},{"not_picked":["Escape Plan","Blur","Riddle With Holes"],"picked":"SKIP","floor":4},{"not_picked":["Dagger Throw","Prepared"],"picked":"Backstab","floor":6},{"not_picked":["Deflect","Predator"],"picked":"Cloak And Dagger","floor":11},{"not_picked":["PiercingWail","Bane"],"picked":"Backstab","floor":12},{"not_picked":["Deadly Poison","Flying Knee","Endless Agony"],"picked":"SKIP","floor":14},{"not_picked":["Phantasmal Killer","Die Die Die"],"picked":"Replay:Bag of Tricks","floor":16},{"not_picked":["Cloak And Dagger","Dagger Throw"],"picked":"Choke","floor":18},{"not_picked":["Sucker Punch","Underhanded Strike"],"picked":"Backflip+1","floor":22},{"not_picked":["Blur","Deflect","ReplayTheSpireMod:Tripwire"],"picked":"SKIP","floor":25},{"not_picked":["Bouncing Flask+1","Deflect"],"picked":"ReplayTheSpireMod:Speed Training","floor":28},{"not_picked":["Hidden Blade","Slice"],"picked":"Choke","floor":29},{"not_picked":["Outmaneuver","Bane","Poisoned Stab"],"picked":"SKIP","floor":31},{"not_picked":["Bullet Time","Unload"],"picked":"Storm of Steel","floor":33},{"not_picked":["Escape Plan","Dagger Throw"],"picked":"ReplayTheSpireMod:Shiv Toss","floor":34}],"player_experience":2068378,"relics_obtained":[{"floor":6,"key":"Letter Opener"},{"floor":9,"key":"Omamori"},{"floor":19,"key":"Replay:Ringing Soul"},{"floor":26,"key":"Frozen Egg 2"},{"floor":30,"key":"Gremlin Horn"}],"event_choices":[{"damage_healed":0,"gold_gain":0,"cards_transformed":["Strike_G"],"player_choice":"Transformed","damage_taken":0,"max_hp_gain":0,"max_hp_loss":0,"event_name":"Transmorgrifier","floor":3,"gold_loss":0,"cards_obtained":["Catalyst"]},{"cards_removed":["Strike_G"],"damage_healed":0,"gold_gain":0,"player_choice":"Forget","damage_taken":0,"max_hp_gain":0,"max_hp_loss":0,"event_name":"Living Wall","floor":5,"gold_loss":0},{"damage_healed":0,"gold_gain":0,"player_choice":"Paid Gold","damage_taken":0,"relics_obtained":["Pantograph"],"max_hp_gain":0,"max_hp_loss":0,"event_name":"WeMeetAgain","floor":13,"gold_loss":50},{"damage_healed":0,"gold_gain":0,"player_choice":"Read","damage_taken":0,"max_hp_gain":0,"max_hp_loss":0,"event_name":"The Library","floor":20,"gold_loss":0,"cards_obtained":["conspire:PoisonWeapons"]}],"is_beta":false,"boss_relics":[{"not_picked":["Replay:Bronze Core","Velvet Choker","Sozu"]},{"not_picked":["Calling Bell","Abe\u0027s Treasure"],"picked":"Tiny House"}],"items_purged_floors":[0,2],"is_endless":false,"potions_floor_spawned":[1,4,6,16,25,29,31,33],"ascension_level":13}}