{"host":"k4e6oxvdzzmkrew5","time":1608161412,"event":{"mods":["AchievementEnabler","BaseMod","BetterRewards","Clawfect","Colored Map","Custom Start","Highlight Path","Minty Spire (QoL Compilation)","Permanent Neow","Remove Card Discount Mod","Replay The Spire","Shop Mod","StSLib","Unceasing Turn Reminder"],"gold_per_floor":[116,65,80,91,91,91,117,117,168,168,183,214,17,27,27,125,125,143,153,167,178,30,30,30,30,30,30,30,55,55,65,65,166,166,185,204,219,230,247,275,275,303,303,303,68,68,68,117,117,117,117,117,1,31,31,31],"floor_reached":55,"playtime":5134,"items_purged":["Defend_G","Strike_G","Strike_G","Defend_G","Strike_G","Strike_G","Defend_G","Defend_G","Survivor","Defend_G","Flying Knee","Sucker Punch"],"score":805,"play_id":"7bd3df8f-c114-4ee3-9fa6-628eb3fed132","local_time":"20201216173012","is_ascension_mode":false,"campfire_choices":[{"data":"Catalyst","floor":6,"key":"SMITH"},{"data":"Neutralize","floor":8,"key":"SMITH"},{"floor":10,"key":"REST"},{"floor":15,"key":"RECALL"},{"data":"Poison Darts","floor":23,"key":"SMITH"},{"floor":25,"key":"REST"},{"data":"Corpse Explosion","floor":27,"key":"SMITH"},{"floor":30,"key":"REST"},{"floor":32,"key":"REST"},{"floor":44,"key":"REST"},{"floor":46,"key":"REST"},{"floor":49,"key":"DIG"},{"data":"Noxious Fumes","floor":52,"key":"SMITH"}],"circlet_count":0,"master_deck":["Neutralize+1","Cloak And Dagger+1","Backflip+1","Catalyst+1","Sucker Punch+1","Backstab","Poison Darts+1","Footwork","Bandage Up+1","Terror+1","Corpse Explosion+1","Dodge and Roll","Poisoned Stab+1","Deadly Poison","Bite+1","Bite","Bite","Bite+1","Bite","Adrenaline+1","Deadly Poison+1","Noxious Fumes+1","Replay:Bag of Tricks","Deflect+1","Deflect+1","Hidden Blade+1","Bane+1","Madness","Madness","Deflect+1","Master of Strategy","Well Laid Plans+1"],"relics":["Painkiller Herb","ReplayTheSpireMod:Lightbulb","Gremlin Food","The Specimen","BargainBundle","WristBlade","Chemical X","Prayer Wheel","ChewingGum","Matryoshka","HornCleat","Centennial Puzzle","ReplayTheSpireMod:Shallot","Frozen Eye","Replay:Multitool","Whetstone","Blue Doll","Strange Spoon","Bag of Preparation","Orichalcum"],"acts_visited":["Exordium","TheCity","TheBeyond","TheEnding"],"potions_floor_usage":[12,16,16,20,36,39,50,50,50,55,55,55],"damage_taken":[{"damage":0,"enemies":"Jaw Worm","floor":1,"turns":4},{"damage":0,"enemies":"Cultist","floor":3,"turns":3},{"damage":0,"enemies":"Small Slimes","floor":4,"turns":3},{"damage":3,"enemies":"Replay:BlueRogue","floor":7,"turns":8},{"damage":0,"enemies":"Blue Slaver","floor":11,"turns":3},{"damage":1,"enemies":"3 Sentries","floor":12,"turns":9},{"damage":0,"enemies":"2 Fungi Beasts","floor":14,"turns":3},{"damage":0,"enemies":"The Guardian","floor":16,"turns":6},{"damage":11,"enemies":"2 Thieves","floor":18,"turns":2},{"damage":3,"enemies":"Shell Parasite","floor":19,"turns":3},{"damage":12,"enemies":"Centurion and Healer","floor":20,"turns":4},{"damage":1,"enemies":"Chosen and Byrds","floor":21,"turns":2},{"damage":21,"enemies":"Replay:Snechameleon","floor":29,"turns":3},{"damage":0,"enemies":"Snake Plant","floor":31,"turns":2},{"damage":24,"enemies":"Pondfish","floor":33,"turns":8},{"damage":5,"enemies":"Orb Walker","floor":35,"turns":3},{"damage":0,"enemies":"3 Shapes","floor":36,"turns":2},{"damage":0,"enemies":"Sphere and 2 Shapes","floor":37,"turns":4},{"damage":24,"enemies":"Writhing Mass","floor":38,"turns":4},{"damage":0,"enemies":"Transient","floor":39,"turns":5},{"damage":32,"enemies":"Reptomancer","floor":40,"turns":5},{"damage":19,"enemies":"Giant Head","floor":42,"turns":6},{"damage":22,"enemies":"2 Orb Walkers","floor":48,"turns":2},{"damage":46,"enemies":"Replay:Hell Engine","floor":50,"turns":6},{"damage":7,"enemies":"Shield and Spear","floor":54,"turns":3},{"damage":68,"enemies":"The Heart","floor":55,"turns":3}],"seed_played":"4044633189265616108","potions_obtained":[{"floor":3,"key":"Elixir"},{"floor":11,"key":"Fire Potion"},{"floor":12,"key":"Dexterity Potion"},{"floor":14,"key":"SkillPotion"},{"floor":20,"key":"LiquidBronze"},{"floor":33,"key":"Energy Potion"},{"floor":37,"key":"Elixir"},{"floor":38,"key":"DistilledChaos"},{"floor":42,"key":"FearPotion"},{"floor":48,"key":"PowerPotion"}],"is_trial":false,"path_per_floor":["?","T","?","?","?","T","E","T","T","T","?","E","T","?","T","B",null,"?","?","?","?","T","T","?","T","T","T","?","E","T","?","T","B",null,"?","?","?","?","?","E","?","E","T","T","T","T","?","?","T","B",null,"T","T","E","B"],"character_chosen":"THE_SILENT","items_purchased":["Cloak And Dagger+1","BargainBundle","Footwork","Bandage Up","SpeedPotion","Regen Potion","Terror","Chemical X","Frozen Eye","Ancient Potion","DuplicationPotion","Sucker Punch","Blue Doll","Milkshake","SkillPotion","Strange Spoon","Bag of Preparation"],"campfire_rested":6,"item_purchase_floors":[2,13,13,13,13,13,13,22,45,45,53,53,53,53,53,53,53],"current_hp_per_floor":[70,70,70,70,70,70,67,67,67,70,70,69,69,70,70,70,70,63,64,70,70,70,70,57,75,75,75,52,37,52,52,52,48,52,50,52,52,42,52,32,25,22,22,37,37,52,52,34,34,3,52,52,52,51,0,0],"gold":31,"neow_bonus":"BOSS_RELIC","is_daily":false,"chose_seed":false,"campfire_upgraded":5,"win_rate":0.0,"timestamp":1608161412,"path_taken":["?","T","?","?","?","T","E","T","T","T","?","E","?","?","T","BOSS","?","?","?","?","T","T","?","T","T","T","?","E","T","?","T","BOSS","?","?","?","?","?","E","?","E","T","T","T","T","?","?","T","BOSS","T","T","E","BOSS"],"items_purchased_type":["Card","Relic","Card","Card","Potion","Potion","Card","Relic","Relic","Potion","Potion","Card","Relic","Potion","Potion","Relic","Relic"],"build_version":"2020-12-13","purchased_purges":12,"victory":false,"max_hp_per_floor":[70,70,70,70,70,70,70,70,70,70,70,70,70,70,70,70,70,70,70,70,70,70,70,75,75,75,75,52,52,52,52,52,52,52,52,52,52,52,52,52,52,52,52,52,52,52,52,52,52,52,52,52,52,52,52,52],"card_choices":[{"not_picked":["Dagger Throw","Outmaneuver"],"picked":"Flying Knee","floor":1},{"not_picked":["Acrobatics","Quick Slash"],"picked":"Backflip","floor":3},{"not_picked":["Backstab","Deflect"],"picked":"Catalyst","floor":4},{"not_picked":["Underhanded Strike","Outmaneuver"],"picked":"Sucker Punch","floor":7},{"not_picked":["Well Laid Plans","Tactician"],"picked":"Backstab","floor":11},{"not_picked":["Distraction","Dagger Spray"],"picked":"Poison Darts","floor":12},{"not_picked":["Riddle With Holes","Underhanded Strike","Terror"],"picked":"SKIP","floor":14},{"not_picked":["Night Terror","Venomology"],"picked":"Corpse Explosion","floor":16},{"not_picked":["PiercingWail+1","Flying Knee"],"picked":"Dodge and Roll","floor":18},{"not_picked":["Outmaneuver+1","ReplayTheSpireMod:Tripwire"],"picked":"Poisoned Stab+1","floor":19},{"not_picked":["Skewer","Setup","PiercingWail"],"picked":"SKIP","floor":20},{"not_picked":["Cloak And Dagger","Blade Dance+1"],"picked":"Deadly Poison","floor":21},{"not_picked":["Flying Knee","Acrobatics"],"picked":"Adrenaline","floor":29},{"not_picked":["Slice","Prepared"],"picked":"Deadly Poison+1","floor":31},{"not_picked":["Skewer","Flying Knee"],"picked":"Noxious Fumes","floor":31},{"not_picked":["Bullet Time","Grand Finale"],"picked":"Replay:Bag of Tricks","floor":33},{"not_picked":["Dagger Throw+1","Masterful Stab"],"picked":"Deflect+1","floor":35},{"not_picked":["Poisoned Stab","Eviscerate"],"picked":"Deflect+1","floor":35},{"not_picked":["Cloak And Dagger","Escape Plan"],"picked":"Hidden Blade+1","floor":36},{"not_picked":["Reflex+1","Cloak And Dagger+1","Dodge and Roll"],"picked":"SKIP","floor":36},{"not_picked":["Glass Knife","Leg Sweep"],"picked":"Bane+1","floor":37},{"not_picked":["Dodge and Roll+1","Flying Knee+1","Heel Hook+1"],"picked":"SKIP","floor":37},{"not_picked":["Skewer","Terror","Dagger Throw"],"picked":"SKIP","floor":38},{"not_picked":["Hidden Blade","Eviscerate+1","Sucker Punch"],"picked":"SKIP","floor":38},{"not_picked":["Terror","Flying Knee+1","Poisoned Stab+1"],"picked":"SKIP","floor":39},{"not_picked":["Deadly Poison","Glass Knife","Backflip"],"picked":"SKIP","floor":39},{"not_picked":["Dodge and Roll","ReplayTheSpireMod:Shiv Toss+1","Dagger Spray"],"picked":"SKIP","floor":40},{"not_picked":["Blade Dance+1","Prepared+1"],"picked":"Deflect+1","floor":42},{"not_picked":["Survey Options","Deep Breath"],"picked":"Master of Strategy","floor":47},{"not_picked":["Glass Knife","Crippling Poison"],"picked":"Well Laid Plans+1","floor":54}],"player_experience":139870,"relics_obtained":[{"floor":7,"key":"ReplayTheSpireMod:Lightbulb"},{"floor":9,"key":"Gremlin Food"},{"floor":12,"key":"The Specimen"},{"floor":29,"key":"Prayer Wheel"},{"floor":40,"key":"Matryoshka"},{"floor":42,"key":"HornCleat"},{"floor":43,"key":"Centennial Puzzle"},{"floor":43,"key":"ReplayTheSpireMod:Shallot"},{"floor":48,"key":"Replay:Multitool"},{"floor":49,"key":"Whetstone"},{"floor":54,"key":"Orichalcum"}],"event_choices":[{"cards_removed":["Doubt"],"damage_healed":0,"gold_gain":0,"player_choice":"Took Card","damage_taken":0,"max_hp_gain":0,"max_hp_loss":0,"event_name":"NoteForYourself","floor":5,"gold_loss":0,"cards_obtained":["Doubt"]},{"damage_healed":0,"gold_gain":0,"player_choice":"Shed Blood","damage_taken":18,"max_hp_gain":5,"max_hp_loss":0,"event_name":"Forgotten Altar","floor":24,"gold_loss":0},{"damage_healed":0,"gold_gain":0,"player_choice":"Became a vampire","damage_taken":0,"max_hp_gain":0,"max_hp_loss":23,"event_name":"Vampires","floor":28,"gold_loss":0,"cards_obtained":["Bite","Bite","Bite","Bite","Bite"]},{"damage_healed":0,"gold_gain":0,"player_choice":"Embrace Madness","damage_taken":7,"max_hp_gain":0,"max_hp_loss":0,"event_name":"Winding Halls","floor":41,"gold_loss":0,"cards_obtained":["Madness","Madness"]},{"damage_healed":0,"gold_gain":0,"player_choice":"Memory 1","damage_taken":0,"max_hp_gain":0,"max_hp_loss":0,"event_name":"SensoryStone","floor":47,"gold_loss":0},{"damage_healed":0,"gold_gain":0,"player_choice":"Fight","damage_taken":0,"max_hp_gain":0,"max_hp_loss":0,"event_name":"Mysterious Sphere","floor":48,"gold_loss":0}],"is_beta":false,"boss_relics":[{"not_picked":["Velvet Choker","Snecko Scales"],"picked":"WristBlade"},{"not_picked":["Ring of Chaos","Coffee Dripper"],"picked":"ChewingGum"}],"items_purged_floors":[2,2,2,2,2,2,13,13,22,45,45,53],"is_endless":false,"potions_floor_spawned":[3,11,12,14,20,33,37,38,42,48,54],"killed_by":"The Heart","ascension_level":0}}