{"host":"q5vpntglr38zhb0c","time":1608121791,"event":{"mods":["BaseMod","Colored Map","DeckTracker","Keyboard Shortcuts","Minty Spire (QoL Compilation)","Permanent Neow","StSLib","SuperFastMode","everything is the same but u backflip on backflip"],"gold_per_floor":[366,376,387,404,404,404,433,433,501,239,239,259,293,253,253,332,332,350,360,360,360],"floor_reached":20,"playtime":764,"items_purged":["Strike_P"],"score":368,"play_id":"201078f7-0fd1-4dac-bd61-c94c3201712d","local_time":"20201216212951","is_ascension_mode":true,"campfire_choices":[{"data":"Eruption","floor":6.0,"key":"SMITH"},{"data":"Apotheosis","floor":11.0,"key":"SMITH"},{"floor":15.0,"key":"REST"}],"circlet_count":0,"master_deck":["AscendersBane","Strike_P","Strike_P","Strike_P","Defend_P","Defend_P","Eruption+1","Vigilance","TalkToTheHand","FlurryOfBlows","TalkToTheHand","Study","Apotheosis+1","EmptyFist","FearNoEvil","MasterReality","Pray+1"],"relics":["PureWater","Turnip","Potion Belt","Black Star"],"acts_visited":["Exordium","TheCity"],"potions_floor_usage":[20],"damage_taken":[{"damage":0.0,"enemies":"2 Louse","floor":1.0,"turns":2.0},{"damage":0.0,"enemies":"Jaw Worm","floor":2.0,"turns":4.0},{"damage":1.0,"enemies":"Cultist","floor":3.0,"turns":4.0},{"damage":0.0,"enemies":"Gremlin Gang","floor":4.0,"turns":4.0},{"damage":15.0,"enemies":"Lagavulin","floor":7.0,"turns":10.0},{"damage":3.0,"enemies":"Exordium Wildlife","floor":12.0,"turns":4.0},{"damage":13.0,"enemies":"3 Sentries","floor":13.0,"turns":5.0},{"damage":6.0,"enemies":"Hexaghost","floor":16.0,"turns":8.0},{"damage":23,"enemies":"2 Thieves","floor":18,"turns":4},{"damage":17,"enemies":"Spheric Guardian","floor":19,"turns":4},{"damage":27,"enemies":"3 Cultists","floor":20,"turns":4}],"seed_played":"-7985298546386751393","potions_obtained":[{"floor":3.0,"key":"Dexterity Potion"},{"floor":7.0,"key":"Weak Potion"},{"floor":12.0,"key":"ColorlessPotion"},{"floor":16.0,"key":"GamblersBrew"}],"is_trial":false,"path_per_floor":["M","M","M","M","?","R","E","?","T","$","R","M","E","?","R","B",null,"M","M","M"],"character_chosen":"WATCHER","items_purchased":["Apotheosis"],"campfire_rested":1,"item_purchase_floors":[10],"current_hp_per_floor":[43,43,42,42,42,42,27,20,20,20,20,17,4,4,24,18,56,33,16,0,0],"gold":360,"neow_bonus":"TWO_FIFTY_GOLD","is_daily":false,"chose_seed":false,"campfire_upgraded":2,"win_rate":0.0,"timestamp":1608121791,"path_taken":["M","M","M","M","?","R","E","?","T","$","R","M","E","?","R","BOSS","M","M","M"],"items_purchased_type":["Card"],"build_version":"2020-12-13","purchased_purges":1,"victory":false,"max_hp_per_floor":[68,68,68,68,68,68,68,68,68,68,68,68,68,68,68,68,68,68,68,68,68],"card_choices":[{"not_picked":["JustLucky","Halt"],"picked":"TalkToTheHand","floor":1.0},{"not_picked":["EmptyBody","Meditate","Halt"],"picked":"SKIP","floor":2.0},{"not_picked":["BattleHymn","Wallop"],"picked":"FlurryOfBlows","floor":3.0},{"not_picked":["EmptyBody","ThirdEye"],"picked":"TalkToTheHand","floor":4.0},{"not_picked":["WaveOfTheHand","Nirvana"],"picked":"Study","floor":7.0},{"not_picked":["FlurryOfBlows","SashWhip"],"picked":"EmptyFist","floor":12.0},{"not_picked":["WindmillStrike","SignatureMove"],"picked":"FearNoEvil","floor":13.0},{"not_picked":["Establishment","LessonLearned"],"picked":"MasterReality","floor":16.0},{"not_picked":["EmptyMind","ThirdEye","Halt"],"picked":"SKIP","floor":18},{"not_picked":["Evaluate","Prostrate"],"picked":"Pray+1","floor":19}],"player_experience":1299850,"relics_obtained":[{"floor":7.0,"key":"Turnip"},{"floor":13.0,"key":"Potion Belt"}],"event_choices":[{"cards_removed":["Defend_P"],"damage_healed":0.0,"max_hp_gain":0.0,"max_hp_loss":0.0,"gold_gain":0.0,"event_name":"Living Wall","player_choice":"Forget","floor":5.0,"gold_loss":0.0,"damage_taken":0.0},{"cards_removed":["Defend_P"],"damage_healed":0.0,"max_hp_gain":0.0,"max_hp_loss":0.0,"gold_gain":0.0,"event_name":"Golden Wing","player_choice":"Card Removal","floor":8.0,"gold_loss":0.0,"damage_taken":7.0},{"damage_healed":0.0,"max_hp_gain":0.0,"max_hp_loss":0.0,"gold_gain":0.0,"event_name":"World of Goop","player_choice":"Left Gold","floor":14.0,"gold_loss":40.0,"damage_taken":0.0}],"is_beta":false,"boss_relics":[{"not_picked":["Ectoplasm","Cursed Key"],"picked":"Black Star"}],"items_purged_floors":[10],"is_endless":false,"potions_floor_spawned":[3,7,12,16],"killed_by":"3 Cultists","ascension_level":20}}