{"host":"md0dejzd6k70gl1f","time":1608125896,"event":{"mods":["BaseMod","Minty Spire (QoL Compilation)","Quick Restart"],"gold_per_floor":[112,262,276,46,46,71,91,102,126,126,157,157,81,100,100,174,174,174,94,94,94,94,94,94],"floor_reached":23,"playtime":811,"items_purged":["Doubt"],"score":456,"play_id":"73bd8eee-9dee-4f9a-807a-3e6ae794038a","local_time":"20201216143816","is_ascension_mode":true,"campfire_choices":[{"data":"Noxious Fumes","floor":12,"key":"SMITH"},{"data":"Malaise","floor":15,"key":"SMITH"}],"circlet_count":0,"master_deck":["AscendersBane","Strike_G","Strike_G","Strike_G","Strike_G","Strike_G","Defend_G+1","Defend_G","Defend_G","Defend_G","Defend_G","Survivor","Neutralize","Predator","Noxious Fumes+1","Crippling Poison","Noxious Fumes","Cloak And Dagger+1","PiercingWail","Malaise+1","Footwork","Glass Knife","Die Die Die","PiercingWail","Decay","Blur"],"relics":["Ring of the Snake","NeowsBlessing","Orichalcum","Potion Belt","War Paint","Ectoplasm"],"acts_visited":["Exordium","TheCity"],"potions_floor_usage":[11,16,23],"damage_taken":[{"damage":0,"enemies":"Jaw Worm","floor":1,"turns":1},{"damage":0,"enemies":"Small Slimes","floor":3,"turns":1},{"damage":0,"enemies":"3 Sentries","floor":6,"turns":2},{"damage":0,"enemies":"2 Louse","floor":7,"turns":3},{"damage":6,"enemies":"Exordium Thugs","floor":8,"turns":7},{"damage":20,"enemies":"Gremlin Nob","floor":11,"turns":4},{"damage":6,"enemies":"Red Slaver","floor":14,"turns":6},{"damage":26,"enemies":"Slime Boss","floor":16,"turns":9},{"damage":1,"enemies":"Chosen","floor":18,"turns":6},{"damage":0,"enemies":"2 Thieves","floor":19,"turns":4},{"damage":23,"enemies":"Sentry and Sphere","floor":21,"turns":7},{"damage":4,"enemies":"Centurion and Healer","floor":22,"turns":8},{"damage":13,"enemies":"Slavers","floor":23,"turns":2}],"seed_played":"-7319326381626873157","potions_obtained":[{"floor":1,"key":"FearPotion"},{"floor":3,"key":"Explosive Potion"},{"floor":8,"key":"Strength Potion"},{"floor":14,"key":"Poison Potion"},{"floor":21,"key":"LiquidBronze"},{"floor":22,"key":"AttackPotion"}],"is_trial":false,"path_per_floor":["M","?","M","$","?","E","M","M","T","?","E","R","$","M","R","B",null,"M","M","?","M","M","E"],"character_chosen":"THE_SILENT","items_purchased":["Crippling Poison","Noxious Fumes","Footwork"],"campfire_rested":0,"item_purchase_floors":[4,4,13],"current_hp_per_floor":[59,59,59,59,64,64,64,58,58,58,38,38,38,32,32,6,55,54,54,54,31,27,14,14],"gold":94,"neow_bonus":"THREE_ENEMY_KILL","is_daily":false,"chose_seed":false,"campfire_upgraded":2,"win_rate":0.0,"timestamp":1608125896,"path_taken":["M","?","M","$","?","E","M","M","T","?","E","R","$","M","R","BOSS","M","M","?","M","?","E"],"items_purchased_type":["Card","Card","Card"],"build_version":"2020-12-13","purchased_purges":1,"victory":false,"max_hp_per_floor":[66,66,66,66,71,71,71,71,71,71,71,71,71,71,71,71,71,71,71,71,71,71,71,71],"card_choices":[{"not_picked":["Flechettes","Caltrops"],"picked":"Predator","floor":1},{"not_picked":["Backflip","Infinite Blades"],"picked":"Noxious Fumes","floor":3},{"not_picked":["Doppelganger","Poisoned Stab"],"picked":"Cloak And Dagger","floor":6},{"not_picked":["Dagger Throw","Setup"],"picked":"PiercingWail","floor":7},{"not_picked":["Deadly Poison","Setup","Blade Dance"],"picked":"SKIP","floor":8},{"not_picked":["Deadly Poison","Blade Dance"],"picked":"Malaise","floor":11},{"not_picked":["Cloak And Dagger","Prepared"],"picked":"Glass Knife","floor":14},{"not_picked":["Glass Knife","Night Terror"],"picked":"Die Die Die","floor":16},{"not_picked":["Accuracy","Outmaneuver+1","Deadly Poison"],"picked":"SKIP","floor":18},{"not_picked":["Outmaneuver","Backstab"],"picked":"PiercingWail","floor":19},{"not_picked":["Blade Dance+1","Outmaneuver"],"picked":"Blur","floor":21},{"not_picked":["Skewer","PiercingWail","Deflect"],"picked":"SKIP","floor":22}],"player_experience":428487,"relics_obtained":[{"floor":6,"key":"Orichalcum"},{"floor":9,"key":"Potion Belt"},{"floor":11,"key":"War Paint"}],"event_choices":[{"damage_healed":0,"gold_gain":150,"player_choice":"AGREE","damage_taken":0,"max_hp_gain":0,"max_hp_loss":0,"event_name":"Liars Game","floor":2,"gold_loss":0,"cards_obtained":["Doubt"]},{"damage_healed":0,"gold_gain":0,"player_choice":"Donut","damage_taken":0,"max_hp_gain":5,"max_hp_loss":0,"event_name":"Big Fish","floor":5,"gold_loss":0},{"damage_healed":0,"gold_gain":0,"player_choice":"Leave","damage_taken":0,"max_hp_gain":0,"max_hp_loss":0,"event_name":"The Cleric","floor":10,"gold_loss":0},{"damage_healed":0,"gold_gain":0,"player_choice":"Cursed","damage_taken":0,"max_hp_gain":0,"max_hp_loss":0,"event_name":"Wheel of Change","floor":20,"gold_loss":0,"cards_obtained":["Decay"]}],"is_beta":false,"boss_relics":[{"not_picked":["Black Star","SacredBark"],"picked":"Ectoplasm"}],"items_purged_floors":[4],"is_endless":false,"potions_floor_spawned":[1,3,8,14,21,22],"killed_by":"Slavers","ascension_level":20}}