{"host":"sav7uxregyirlf69","time":1608124931,"event":{"mods":["AchievementEnabler","BaseMod","Colored Map","DeckTracker","Keyboard Shortcuts","Minty Spire (QoL Compilation)","READ ME - Guardian Mod","StSLib","SuperFastMode"],"gold_per_floor":[368,80,80,117,117,198,198,234,234,296,49,49,136,187,187,187,187],"floor_reached":16,"playtime":251,"items_purged":["Strike_R","Strike_R"],"score":110,"play_id":"6170267b-ad89-4b6f-9692-555e9f198b1e","local_time":"20201216222211","is_ascension_mode":false,"campfire_choices":[{"data":"Hemokinesis","floor":7.0,"key":"SMITH"},{"data":"Blood for Blood","floor":15,"key":"SMITH"}],"circlet_count":0,"master_deck":["Strike_R","Defend_R","Defend_R","Defend_R","Defend_R","Bash","Hemokinesis+1","HandOfGreed+1","Seeing Red","Ghostly Armor","Immolate","Blood for Blood+1","Seeing Red","Evolve","Burning Pact"],"relics":["Burning Blood","Prayer Wheel","Question Card","Orrery","Singing Bowl"],"acts_visited":["Exordium"],"potions_floor_usage":[13,14],"damage_taken":[{"damage":7.0,"enemies":"Small Slimes","floor":1.0,"turns":3.0},{"damage":2.0,"enemies":"2 Louse","floor":4.0,"turns":2.0},{"damage":21.0,"enemies":"3 Sentries","floor":6.0,"turns":9.0},{"damage":2.0,"enemies":"Cultist","floor":8.0,"turns":2.0},{"damage":16.0,"enemies":"Exordium Wildlife","floor":10.0,"turns":4.0},{"damage":2,"enemies":"Gremlin Gang","floor":13,"turns":6},{"damage":8,"enemies":"Gremlin Nob","floor":14,"turns":3},{"damage":38,"enemies":"The Guardian","floor":16,"turns":7}],"seed_played":"-1527930073052567902","potions_obtained":[{"floor":6.0,"key":"AttackPotion"},{"floor":10.0,"key":"BlessingOfTheForge"},{"floor":14,"key":"Dexterity Potion"}],"is_trial":false,"path_per_floor":["M","$","?","M","?","E","R","M","T","M","$","?","M","E","R","B"],"character_chosen":"IRONCLAD","items_purchased":["HandOfGreed","Energy Potion","Orrery"],"campfire_rested":0,"item_purchase_floors":[2,2,11],"current_hp_per_floor":[55,55,48,52,52,37,37,41,41,31,31,31,35,35,35,0,0],"gold":187,"neow_bonus":"TWO_FIFTY_GOLD","is_daily":false,"chose_seed":false,"campfire_upgraded":2,"win_rate":0.0,"timestamp":1608124931,"path_taken":["M","$","?","M","?","E","R","M","T","?","$","?","M","E","R","BOSS"],"items_purchased_type":["Card","Potion","Relic"],"build_version":"2020-12-13","purchased_purges":2,"victory":false,"max_hp_per_floor":[80,80,80,80,80,80,80,80,80,80,80,80,80,82,82,82,82],"card_choices":[{"not_picked":["Twin Strike","Second Wind"],"picked":"Hemokinesis","floor":1.0},{"not_picked":["Twin Strike","Iron Wave","Warcry"],"picked":"SKIP","floor":4.0},{"not_picked":["Metallicize","Flame Barrier","Havoc"],"picked":"SKIP","floor":6.0},{"not_picked":["Corruption","Havoc"],"picked":"Seeing Red","floor":8.0},{"not_picked":["Body Slam","Flex","Cleave"],"picked":"SKIP","floor":8.0},{"not_picked":["Twin Strike","Searing Blow","Hemokinesis"],"picked":"Ghostly Armor","floor":10.0},{"not_picked":["Metallicize","Wild Strike","Sword Boomerang","Armaments"],"picked":"SKIP","floor":10.0},{"not_picked":["Clash","Carnage","Reckless Charge"],"picked":"Immolate","floor":11},{"not_picked":["Immolate","Anger","Limit Break"],"picked":"Blood for Blood","floor":11},{"not_picked":["Infernal Blade","Sword Boomerang","Havoc"],"picked":"Seeing Red","floor":11},{"not_picked":["Metallicize","Feel No Pain","Spot Weakness"],"picked":"Evolve","floor":13},{"not_picked":["Metallicize","Intimidate","Flex"],"picked":"Burning Pact","floor":13},{"not_picked":["Demon Form","Inflame","Carnage","Dual Wield"],"picked":"Singing Bowl","floor":14}],"player_experience":922776,"relics_obtained":[{"floor":6.0,"key":"Prayer Wheel"},{"floor":9.0,"key":"Question Card"},{"floor":14,"key":"Singing Bowl"}],"event_choices":[{"cards_removed":["Strike_R"],"damage_healed":0.0,"max_hp_gain":0.0,"max_hp_loss":0.0,"gold_gain":0.0,"event_name":"Golden Wing","player_choice":"Card Removal","floor":3.0,"gold_loss":0.0,"damage_taken":7.0},{"damage_healed":0.0,"max_hp_gain":0.0,"max_hp_loss":0.0,"gold_gain":0.0,"event_name":"Upgrade Shrine","player_choice":"Upgraded","floor":5.0,"gold_loss":0.0,"damage_taken":0.0,"cards_upgraded":["HandOfGreed"]},{"cards_removed":["Strike_R"],"damage_healed":0,"gold_gain":0,"player_choice":"Purged","damage_taken":0,"max_hp_gain":0,"max_hp_loss":0,"event_name":"Purifier","floor":12,"gold_loss":0}],"is_beta":false,"boss_relics":[],"items_purged_floors":[2,11],"is_endless":false,"potions_floor_spawned":[6,10,14],"killed_by":"The Guardian","ascension_level":0}}