{"host":"y76clbnovzmw9ubx","time":1608128174,"event":{"mods":["AchievementEnabler","BaseMod","Minty Spire (QoL Compilation)","Permanent Neow","Relic Stats"],"gold_per_floor":[113,127,144,160,160,160,189,189,189,215,232,232,268,291,291,382,382,403,423,423,513,18,58,77,77,103,103,118,131,131,171,171,262,262,283,303,334,334,359,359,393,393,393,433,29,29,44,44,44,44,44,44],"floor_reached":51,"playtime":2455,"items_purged":["Writhe"],"score":1530,"play_id":"8fb15262-9b8a-4a0c-ba68-c23b7c84ca38","local_time":"20201216091614","is_ascension_mode":true,"campfire_choices":[{"data":"Pommel Strike","floor":6,"key":"SMITH"},{"floor":8,"key":"REST"},{"floor":15,"key":"REST"},{"floor":25,"key":"REST"},{"data":"Offering","floor":27,"key":"SMITH"},{"data":"True Grit","floor":30,"key":"SMITH"},{"floor":32,"key":"REST"},{"data":"Demon Form","floor":40,"key":"SMITH"},{"floor":42,"key":"RECALL"},{"data":"Fiend Fire","floor":46,"key":"SMITH"},{"floor":49,"key":"REST"}],"circlet_count":0,"master_deck":["AscendersBane","Strike_R","Strike_R","Strike_R","Strike_R","Strike_R","Defend_R","Defend_R","Defend_R","Defend_R","Bash+1","Exhume","Pommel Strike+1","Uppercut+1","Cleave","Offering+1","True Grit+1","Injury","Fiend Fire+1","Evolve+1","Master of Strategy","Reckless Charge","Heavy Blade","Demon Form+1","Offering","Feel No Pain"],"relics":["Burning Blood","Regal Pillow","Pear","Du-Vu Doll","Golden Idol","Strawberry","Philosopher\u0027s Stone","Blood Vial","Vajra","Bronze Scales","MealTicket","Busted Crown","Thread and Needle","Shuriken","Bag of Marbles","Kunai","Mummified Hand"],"acts_visited":["Exordium","TheCity","TheBeyond"],"potions_floor_usage":[13,16,18,23,29,31,33,39,44,50,50],"damage_taken":[{"damage":6,"enemies":"Cultist","floor":1,"turns":3},{"damage":1,"enemies":"2 Louse","floor":2,"turns":4},{"damage":16,"enemies":"Small Slimes","floor":3,"turns":4},{"damage":9,"enemies":"Exordium Wildlife","floor":4,"turns":4},{"damage":30,"enemies":"3 Sentries","floor":7,"turns":6},{"damage":32,"enemies":"Gremlin Nob","floor":10,"turns":4},{"damage":20,"enemies":"Lots of Slimes","floor":11,"turns":4},{"damage":3,"enemies":"3 Sentries","floor":13,"turns":5},{"damage":11,"enemies":"Looter","floor":14,"turns":3},{"damage":33,"enemies":"Slime Boss","floor":16,"turns":7},{"damage":0,"enemies":"Shell Parasite","floor":18,"turns":1},{"damage":20,"enemies":"2 Thieves","floor":19,"turns":3},{"damage":45,"enemies":"Book of Stabbing","floor":23,"turns":4},{"damage":20,"enemies":"Centurion and Healer","floor":24,"turns":4},{"damage":25,"enemies":"Shelled Parasite and Fungi","floor":28,"turns":2},{"damage":6,"enemies":"Snecko","floor":29,"turns":2},{"damage":27,"enemies":"Gremlin Leader","floor":31,"turns":3},{"damage":51,"enemies":"Champ","floor":33,"turns":8},{"damage":44,"enemies":"3 Darklings","floor":35,"turns":4},{"damage":10,"enemies":"Orb Walker","floor":36,"turns":3},{"damage":12,"enemies":"Mind Bloom Boss Battle","floor":37,"turns":1},{"damage":6,"enemies":"3 Darklings","floor":39,"turns":2},{"damage":12,"enemies":"Giant Head","floor":41,"turns":4},{"damage":75,"enemies":"Reptomancer","floor":44,"turns":4},{"damage":6,"enemies":"Spire Growth","floor":47,"turns":3},{"damage":90,"enemies":"Time Eater","floor":50,"turns":8},{"damage":12,"enemies":"Awakened One","floor":51,"turns":1}],"seed_played":"-2951568418624351363","potions_obtained":[{"floor":3,"key":"SmokeBomb"},{"floor":7,"key":"Dexterity Potion"},{"floor":10,"key":"LiquidMemories"},{"floor":14,"key":"BlessingOfTheForge"},{"floor":16,"key":"SneckoOil"},{"floor":23,"key":"Fire Potion"},{"floor":24,"key":"Swift Potion"},{"floor":28,"key":"FearPotion"},{"floor":31,"key":"Swift Potion"},{"floor":36,"key":"SteroidPotion"},{"floor":37,"key":"SneckoOil"}],"is_trial":false,"path_per_floor":["M","M","M","M","?","R","E","R","T","E","M","?","E","M","R","B",null,"M","M","?","?","$","E","M","R","T","R","M","M","R","E","R","B",null,"M","M","?","?","M","R","E","R","T","E","$","R","M","$","R","B","B"],"character_chosen":"IRONCLAD","items_purchased":["Vajra","Master of Strategy","BloodPotion","Mummified Hand","DistilledChaos","Weak Potion"],"campfire_rested":5,"item_purchase_floors":[22,22,22,45,45,45],"current_hp_per_floor":[68,73,63,60,37,37,13,50,60,34,20,20,30,25,67,40,79,85,71,71,59,59,40,28,70,70,70,53,55,55,36,78,35,78,42,40,36,92,92,92,86,86,86,19,34,34,36,51,92,8,0,0],"gold":44,"neow_bonus":"ONE_RANDOM_RARE_CARD","is_daily":false,"chose_seed":false,"campfire_upgraded":5,"win_rate":0.0,"timestamp":1608128174,"path_taken":["M","M","M","?","?","R","E","R","T","E","M","?","E","M","R","BOSS","M","M","?","?","$","E","M","R","T","R","M","M","R","E","R","BOSS","M","?","?","?","M","R","E","R","T","E","$","R","?","$","R","BOSS","BOSS"],"items_purchased_type":["Relic","Card","Potion","Relic","Potion","Potion"],"build_version":"2020-12-13","purchased_purges":1,"victory":false,"max_hp_per_floor":[75,75,75,75,75,75,75,75,85,85,85,85,92,92,92,92,92,92,92,92,92,92,92,92,92,92,92,92,92,92,92,92,92,92,92,92,92,92,92,92,92,92,92,92,92,92,92,92,92,92,92,92],"relic_stats":{"Blood Vial":24,"Regal Pillow":74,"Busted Crown":14,"counters":[27,101],"Golden Idol":139,"Shuriken":[9],"Mummified Hand":[6],"Bronze Scales":[102],"MealTicket":30,"Kunai":[7],"obtain_stats":[{"Regal Pillow":7,"Pear":9,"Golden Idol":12,"Vajra":22,"Thread and Needle":37,"Burning Blood":0,"Du-Vu Doll":10,"Blood Vial":20,"Busted Crown":34,"Shuriken":41,"Mummified Hand":45,"Strawberry":13,"Bronze Scales":23,"Philosopher\u0027s Stone":17,"MealTicket":31,"Bag of Marbles":43,"Kunai":44},{"Regal Pillow":5,"Pear":5,"Golden Idol":7,"Vajra":12,"Thread and Needle":21,"Burning Blood":0,"Du-Vu Doll":6,"Blood Vial":12,"Busted Crown":18,"Shuriken":23,"Mummified Hand":24,"Strawberry":8,"Bronze Scales":13,"Philosopher\u0027s Stone":10,"MealTicket":17,"Bag of Marbles":23,"Kunai":24},{"Regal Pillow":21,"Pear":21,"Golden Idol":29,"Vajra":48,"Thread and Needle":79,"Burning Blood":0,"Du-Vu Doll":25,"Blood Vial":48,"Busted Crown":71,"Shuriken":85,"Mummified Hand":89,"Strawberry":34,"Bronze Scales":52,"Philosopher\u0027s Stone":44,"MealTicket":63,"Bag of Marbles":85,"Kunai":89}],"Burning Blood":156},"card_choices":[{"not_picked":["Twin Strike","Havoc"],"picked":"Pommel Strike","floor":1},{"not_picked":["Warcry","Clash"],"picked":"Uppercut","floor":2},{"not_picked":["Second Wind","Sword Boomerang"],"picked":"Fire Breathing","floor":3},{"not_picked":["Body Slam","Armaments"],"picked":"Cleave","floor":4},{"not_picked":["Cleave","Blood for Blood","Intimidate"],"picked":"SKIP","floor":7},{"not_picked":["Ghostly Armor","Fire Breathing"],"picked":"Offering","floor":10},{"not_picked":["Dual Wield","Heavy Blade"],"picked":"True Grit","floor":11},{"not_picked":["Blood for Blood","True Grit","Cleave"],"picked":"SKIP","floor":13},{"not_picked":["Cleave","Headbutt","Intimidate"],"picked":"SKIP","floor":14},{"not_picked":["Corruption","Juggernaut"],"picked":"Fiend Fire","floor":16},{"not_picked":["Headbutt","Body Slam"],"picked":"Evolve+1","floor":18},{"not_picked":["Thunderclap","Cleave","Warcry"],"picked":"SKIP","floor":19},{"not_picked":["Whirlwind","Exhume"],"picked":"Reckless Charge","floor":23},{"not_picked":["Clothesline","Iron Wave","Intimidate"],"picked":"SKIP","floor":24},{"not_picked":["Havoc","Anger"],"picked":"Heavy Blade","floor":28},{"not_picked":["Intimidate","Pommel Strike","Perfected Strike"],"picked":"SKIP","floor":29},{"not_picked":["Intimidate","Pommel Strike","Perfected Strike"],"picked":"SKIP","floor":29},{"not_picked":["Cleave","Iron Wave"],"picked":"Demon Form","floor":31},{"not_picked":["Demon Form","Limit Break"],"picked":"Offering","floor":33},{"not_picked":[],"picked":"Feel No Pain","floor":35},{"not_picked":["Perfected Strike"],"picked":"SKIP","floor":36},{"not_picked":["Rampage"],"picked":"SKIP","floor":39},{"not_picked":["Combust"],"picked":"SKIP","floor":41},{"not_picked":["Flex"],"picked":"SKIP","floor":44},{"not_picked":["Headbutt"],"picked":"SKIP","floor":47}],"player_experience":2877004,"relics_obtained":[{"floor":7,"key":"Regal Pillow"},{"floor":9,"key":"Pear"},{"floor":10,"key":"Du-Vu Doll"},{"floor":13,"key":"Strawberry"},{"floor":23,"key":"Bronze Scales"},{"floor":31,"key":"MealTicket"},{"floor":37,"key":"Thread and Needle"},{"floor":41,"key":"Shuriken"},{"floor":43,"key":"Bag of Marbles"},{"floor":44,"key":"Kunai"}],"event_choices":[{"damage_healed":0,"gold_gain":0,"player_choice":"Entered Light","damage_taken":23,"max_hp_gain":0,"max_hp_loss":0,"event_name":"Shining Light","floor":5,"gold_loss":0,"cards_upgraded":["Uppercut","Bash"]},{"damage_healed":0,"gold_gain":0,"player_choice":"Take Wound","damage_taken":0,"relics_obtained":["Golden Idol"],"max_hp_gain":0,"max_hp_loss":0,"event_name":"Golden Idol","floor":12,"gold_loss":0,"cards_obtained":["Injury"]},{"damage_healed":0,"gold_gain":0,"player_choice":"Opened","damage_taken":0,"relics_obtained":["Blood Vial"],"max_hp_gain":0,"max_hp_loss":0,"event_name":"The Mausoleum","floor":20,"gold_loss":0,"cards_obtained":["Writhe"]},{"damage_healed":0,"gold_gain":90,"player_choice":"GOLD ","damage_taken":12,"max_hp_gain":0,"max_hp_loss":0,"event_name":"Knowing Skull","floor":21,"potions_obtained":[],"gold_loss":0,"cards_obtained":[]},{"damage_healed":0,"gold_gain":0,"player_choice":"Fight","damage_taken":0,"max_hp_gain":0,"max_hp_loss":0,"event_name":"MindBloom","floor":37,"gold_loss":0},{"cards_removed":["Fire Breathing"],"damage_healed":56,"gold_gain":0,"player_choice":"Offered Uncommon","damage_taken":0,"max_hp_gain":0,"max_hp_loss":0,"event_name":"Bonfire Elementals","floor":38,"gold_loss":0}],"is_beta":false,"boss_relics":[{"not_picked":["SlaversCollar","Astrolabe"],"picked":"Philosopher\u0027s Stone"},{"not_picked":["Runic Dome","Black Star"],"picked":"Busted Crown"}],"items_purged_floors":[22],"is_endless":false,"potions_floor_spawned":[3,7,10,14,16,23,24,28,31,36,37,47],"killed_by":"Awakened One","ascension_level":20}}