{"host":"8xp52u5o8fcssvzz","time":1608081880,"event":{"mods":["2.2 Compatiblity","AchievementEnabler","Act Like it!","Aspiration","BaseMod","Better Altar","Better Match","Better Note","Better Sensory Stone","Better Skull","Better Third Choice","BetterRewards","Colored Map","Conspire","Downfall","GifTheSpireLib","Googly Eyes","Halation","Hallownest","Highlight Path","Hubris","Infinite Spire","Jorbs\u0027s Wanderer Trilogy","Lobotomy","LobotomyExtend","Luminous","Marisa????????","Mimic Mod","Minty Spire (QoL Compilation)","Remilia_Scarlet Moed?????·?????3.3.5","Remilia??????","Replay The Spire","Shade Mod","Spicy Shops","StSLib","Stuff the Spire","The Administrix","The Alterego","The Blackbeard","The Bladedancer","The Cursed","The Gatherer","The Necromancer","The Runesmith","The Servant 0.9.4","TheFirefly","TheSwordswoman","Unceasing Turn Reminder","everything is the same but u backflip on backflip"],"gold_per_floor":[112,162,162,111,111,136,136,169,194,194,204,204,220,220,220,220,220],"floor_reached":16,"playtime":595,"items_purged":[],"score":106,"play_id":"0283b322-f1e8-4f8f-8870-1e0ed2954ab4","local_time":"20201215172439","is_ascension_mode":false,"campfire_choices":[{"floor":7,"key":"REST"},{"data":"alterego_mod:Impale","floor":10,"key":"SMITH"},{"data":"alterego_mod:BusterCard","floor":12,"key":"SMITH"},{"data":"alterego_mod:BrynhildrsRune","floor":15,"key":"SMITH"}],"circlet_count":0,"master_deck":["alterego_mod:Strike","alterego_mod:Strike","alterego_mod:Strike","alterego_mod:Strike","alterego_mod:Defend","alterego_mod:Defend","alterego_mod:Defend","alterego_mod:Defend","alterego_mod:Impale+1","alterego_mod:BigMeatyClaws","alterego_mod:BrynhildrsRune+1","MHz","alterego_mod:DiscoLights","alterego_mod:DiscoLights","alterego_mod:Stockings+1","Scorched","alterego_mod:Complex","Funeral","alterego_mod:Birthday","alterego_mod:BusterCard+1","alterego_mod:1TonWallop"],"relics":["alterego_mod:MasochisticConstitution","CogitoBucket","LetterFromLob","Shuriken","hubris:Icosahedron","halation:PinkSoulGem","PreservedInsect","hubris:SphereOfDissonance","StuffTheSpire:OldFever","MealTicket"],"acts_visited":["Exordium"],"potions_floor_usage":[8,13,16],"damage_taken":[{"damage":8,"enemies":"Jaw Worm","floor":1,"turns":4},{"damage":28,"enemies":"Gremlin Nob","floor":6,"turns":6},{"damage":10,"enemies":"3 Sentries","floor":8,"turns":3},{"damage":0,"enemies":"2 Louse","floor":11,"turns":2},{"damage":0,"enemies":"Cultist","floor":13,"turns":1},{"damage":48,"enemies":"The Guardian","floor":16,"turns":8}],"seed_played":"-2821589972914659180","potions_obtained":[{"floor":2,"key":"BlessingOfTheForge"},{"floor":8,"key":"Fire Potion"},{"floor":11,"key":"LifebloodPotion"}],"is_trial":false,"path_per_floor":["M","?","?","$","?","E","R","E","T","R","M","R","M","T","R","B"],"character_chosen":"The_Alterego","items_purchased":["alterego_mod:Stockings+1"],"campfire_rested":1,"item_purchase_floors":[4],"current_hp_per_floor":[63,46,46,46,46,26,47,38,38,38,39,39,40,40,40,0,0],"gold":220,"neow_bonus":"","is_daily":false,"chose_seed":false,"campfire_upgraded":3,"win_rate":0.0,"timestamp":1608081879,"path_taken":["M","?","?","$","?","E","R","E","T","R","M","R","M","?","R","BOSS"],"items_purchased_type":["Card"],"build_version":"2020-12-13","purchased_purges":0,"victory":false,"max_hp_per_floor":[71,71,71,71,71,72,72,73,73,73,73,73,73,73,73,73,73],"card_choices":[{"not_picked":["SingingMachine","BeautyBeast"],"picked":"MHz","floor":1},{"not_picked":["alterego_mod:PurpleHair","alterego_mod:Cycle"],"picked":"alterego_mod:DiscoLights","floor":1},{"not_picked":["alterego_mod:MagicResistance","alterego_mod:Cooking"],"picked":"alterego_mod:DiscoLights","floor":2},{"not_picked":["CrumblingArmor","Variant"],"picked":"Scorched","floor":6},{"not_picked":["alterego_mod:GoddessCore","alterego_mod:PurpleHair"],"picked":"alterego_mod:Complex","floor":6},{"not_picked":["Wellcheers","PunishingBird"],"picked":"Funeral","floor":8},{"not_picked":["alterego_mod:SakuraFive","alterego_mod:MagicResistance"],"picked":"alterego_mod:Birthday","floor":8},{"not_picked":["alterego_mod:GoddessCore","alterego_mod:DustData"],"picked":"alterego_mod:BusterCard","floor":11},{"not_picked":["alterego_mod:BiFurious","alterego_mod:Cycle"],"picked":"alterego_mod:1TonWallop","floor":13}],"player_experience":426763,"relics_obtained":[{"floor":1,"key":"LetterFromLob"},{"floor":2,"key":"Shuriken"},{"floor":6,"key":"PreservedInsect"},{"floor":8,"key":"hubris:SphereOfDissonance"},{"floor":9,"key":"StuffTheSpire:OldFever"},{"floor":14,"key":"MealTicket"}],"event_choices":[],"is_beta":false,"boss_relics":[],"items_purged_floors":[],"is_endless":false,"potions_floor_spawned":[8,11],"killed_by":"The Guardian","ascension_level":0}}