{"host":"6bsan6hkua32tfq7","time":1608110196,"event":{"mods":["BaseMod","Better Third Choice","Colored Map","Highlight Path","Minty Spire (QoL Compilation)","StSLib"],"gold_per_floor":[117,129,129,140,151,151,163,163,163,191,223,250,280,318,330,416,428,458,470,482,174,193,193,193,193],"floor_reached":24,"playtime":807,"items_purged":["Defend_G"],"score":420,"play_id":"d6b9bc88-eb48-48d8-baed-1b7fd50f3036","local_time":"20201216101636","is_ascension_mode":true,"campfire_choices":[{"data":"Quick Slash","floor":6,"key":"SMITH"},{"data":"Eviscerate","floor":8,"key":"SMITH"},{"data":"Terror","floor":15,"key":"SMITH"},{"floor":23,"key":"REST"}],"circlet_count":0,"master_deck":["AscendersBane","Strike_G","Defend_G","Defend_G","Survivor","Neutralize","Bane","Flying Knee","Footwork","Quick Slash+1","Reflex","Eviscerate+1","Terror+1","All Out Attack","Dagger Throw","Corpse Explosion","Venomology","Quick Slash+1","A Thousand Cuts+1","Venomology+1","Glass Knife","Leg Sweep","Well Laid Plans","Prepared+1"],"relics":["Ring of the Snake","Oddly Smooth Stone","PreservedInsect","MawBank","Matryoshka","Astrolabe","Enchiridion","Anchor"],"acts_visited":["Exordium","TheCity"],"potions_floor_usage":[10,12,13,16,18,18,18,22,22,24],"damage_taken":[{"damage":1,"enemies":"Cultist","floor":1,"turns":5},{"damage":0,"enemies":"Jaw Worm","floor":2,"turns":6},{"damage":0,"enemies":"2 Louse","floor":4,"turns":3},{"damage":11,"enemies":"Exordium Wildlife","floor":5,"turns":5},{"damage":1,"enemies":"3 Louse","floor":7,"turns":5},{"damage":10,"enemies":"Lagavulin","floor":10,"turns":7},{"damage":0,"enemies":"Looter","floor":11,"turns":3},{"damage":4,"enemies":"Exordium Thugs","floor":12,"turns":4},{"damage":5,"enemies":"2 Fungi Beasts","floor":13,"turns":3},{"damage":15,"enemies":"3 Sentries","floor":14,"turns":6},{"damage":8,"enemies":"Hexaghost","floor":16,"turns":9},{"damage":33,"enemies":"3 Byrds","floor":18,"turns":3},{"damage":5,"enemies":"Shell Parasite","floor":22,"turns":2},{"damage":23,"enemies":"Sentry and Sphere","floor":24,"turns":3}],"seed_played":"1884687833493675523","potions_obtained":[{"floor":7,"key":"Dexterity Potion"},{"floor":10,"key":"SteroidPotion"},{"floor":11,"key":"Ancient Potion"},{"floor":12,"key":"Ancient Potion"},{"floor":14,"key":"Weak Potion"},{"floor":16,"key":"Dexterity Potion"}],"is_trial":false,"path_per_floor":["M","M","?","M","M","R","M","R","T","E","M","M","M","E","R","B",null,"M","?","?","$","M","R","M"],"character_chosen":"THE_SILENT","items_purchased":["Anchor","Well Laid Plans"],"campfire_rested":1,"item_purchase_floors":[21,21],"current_hp_per_floor":[58,58,58,58,47,47,46,46,46,36,36,32,27,12,12,4,51,27,27,6,6,1,20,0,0],"gold":193,"neow_bonus":"RANDOM_COMMON_RELIC","is_daily":false,"chose_seed":false,"campfire_upgraded":3,"win_rate":0.0,"timestamp":1608110196,"path_taken":["M","?","?","?","M","R","?","R","T","E","M","M","M","E","R","BOSS","M","?","?","$","M","R","M"],"items_purchased_type":["Relic","Card"],"build_version":"2020-12-13","purchased_purges":1,"victory":false,"max_hp_per_floor":[66,66,66,66,66,66,66,66,66,66,66,66,66,66,66,66,66,66,66,66,66,66,66,66,66],"card_choices":[{"not_picked":["PiercingWail","Catalyst"],"picked":"Bane","floor":1},{"not_picked":["Prepared","Bane"],"picked":"Flying Knee","floor":2},{"not_picked":["Riddle With Holes","Endless Agony"],"picked":"Quick Slash","floor":4},{"not_picked":["Skewer","Catalyst"],"picked":"Reflex","floor":5},{"not_picked":["Heel Hook","Riddle With Holes"],"picked":"Eviscerate","floor":7},{"not_picked":["Dagger Spray","Flying Knee"],"picked":"Terror","floor":10},{"not_picked":["Prepared","Catalyst"],"picked":"All Out Attack","floor":11},{"not_picked":["Poisoned Stab","Distraction","Sucker Punch"],"picked":"SKIP","floor":12},{"not_picked":["Bullet Time","Outmaneuver"],"picked":"Dagger Throw","floor":13},{"not_picked":["Prepared","Infinite Blades"],"picked":"Corpse Explosion","floor":14},{"not_picked":["Unload","Night Terror"],"picked":"Venomology","floor":16},{"not_picked":["Choke","Flying Knee","Masterful Stab+1"],"picked":"SKIP","floor":18},{"not_picked":["Deadly Poison","Dagger Throw"],"picked":"Prepared+1","floor":22}],"player_experience":5178293,"relics_obtained":[{"floor":9,"key":"PreservedInsect"},{"floor":10,"key":"MawBank"},{"floor":14,"key":"Matryoshka"},{"floor":20,"key":"Enchiridion"}],"event_choices":[{"damage_healed":0,"gold_gain":0,"cards_transformed":["Defend_G"],"player_choice":"Transformed","damage_taken":0,"max_hp_gain":0,"max_hp_loss":0,"event_name":"Transmorgrifier","floor":3,"gold_loss":0,"cards_obtained":["Footwork"]},{"damage_healed":0,"gold_gain":0,"cards_transformed":["Strike_G","Strike_G"],"player_choice":"Became Test Subject","damage_taken":0,"max_hp_gain":0,"max_hp_loss":0,"event_name":"Drug Dealer","floor":19,"gold_loss":0,"cards_obtained":["Glass Knife","Leg Sweep"]},{"damage_healed":0,"gold_gain":0,"player_choice":"Obtained Book","damage_taken":21,"max_hp_gain":0,"max_hp_loss":0,"event_name":"Cursed Tome","floor":20,"gold_loss":0}],"is_beta":false,"boss_relics":[{"not_picked":["Empty Cage","Tiny House"],"picked":"Astrolabe"}],"items_purged_floors":[21],"is_endless":false,"potions_floor_spawned":[7,10,11,12,14,16],"killed_by":"Sentry and Sphere","ascension_level":20}}