{"host":"cr9rpoy6dx9riis3","time":1608154324,"event":{"mods":["AchievementEnabler","BaseMod","Better Altar","Better Note","Better Sensory Stone","Better Skull","Better Third Choice","Better-Laid Plans","BetterRewards","Block Reminder","Curses Come First","Displayed Cursed Tome","Emptier Cage","Marked Mod","Minty Spire (QoL Compilation)","Permanent Neow","Relic Sorter","StSLib","The Blue Laboratory","Transform Curses"],"gold_per_floor":[151,185,85,35,72,72,168,168,222,234,234,234,13,66,66,66,66],"floor_reached":16,"playtime":531,"items_purged":["Bash","Strike_R","Strike_R"],"score":208,"play_id":"bb37121f-51b4-4d55-8ddc-4861cc31e008","local_time":"20201216223204","is_ascension_mode":true,"campfire_choices":[{"data":"HandOfGreed","floor":6,"key":"SMITH"},{"data":"Trip","floor":8,"key":"SMITH"},{"data":"Seeing Red","floor":12,"key":"SMITH"},{"data":"Swift Strike","floor":15,"key":"SMITH"}],"circlet_count":0,"master_deck":["Strike_R","Strike_R","Strike_R","Defend_R","Defend_R","Defend_R","HandOfGreed+1","Flash of Steel","Trip+1","Finesse","Seeing Red+1","Offering","Swift Strike+1"],"relics":["Burning Blood","Odd Mushroom","Torii","Mercury Hourglass"],"acts_visited":["Exordium"],"potions_floor_usage":[14,14,16],"damage_taken":[{"damage":6,"enemies":"2 Louse","floor":1,"turns":3},{"damage":2,"enemies":"Jaw Worm","floor":2,"turns":3},{"damage":0,"enemies":"Small Slimes","floor":5,"turns":2},{"damage":42,"enemies":"The Mushroom Lair","floor":7,"turns":6},{"damage":2,"enemies":"Red Slaver","floor":10,"turns":3},{"damage":6,"enemies":"Lagavulin","floor":14,"turns":6},{"damage":22,"enemies":"The Guardian","floor":16,"turns":6}],"seed_played":"-7215113414804758420","potions_obtained":[{"floor":2,"key":"Dexterity Potion"},{"floor":5,"key":"blueLaboratory:ImpenetrablePotion"}],"is_trial":false,"path_per_floor":["M","M","$","?","M","R","?","R","T","M","?","R","$","E","R","B"],"character_chosen":"IRONCLAD","items_purchased":["HandOfGreed","Flash of Steel","Torii","Trip","Finesse","Explosive Potion","Swift Strike"],"campfire_rested":0,"item_purchase_floors":[0,0,0,0,0,0,13],"current_hp_per_floor":[41,45,45,45,51,51,15,15,15,19,19,19,19,19,19,0,0],"gold":66,"neow_bonus":"","is_daily":false,"chose_seed":false,"campfire_upgraded":4,"win_rate":0.0,"timestamp":1608154324,"path_taken":["M","M","$","?","M","R","?","R","T","M","?","R","?","E","R","BOSS"],"items_purchased_type":["Card","Card","Relic","Card","Card","Potion","Card"],"build_version":"2020-12-13","purchased_purges":3,"victory":false,"max_hp_per_floor":[80,80,80,80,80,80,80,80,80,80,80,80,80,80,80,80,80],"card_choices":[{"not_picked":["Twin Strike","Rupture"],"picked":"Seeing Red","floor":1},{"not_picked":["Flex","Iron Wave","Twin Strike"],"picked":"SKIP","floor":2},{"not_picked":["Sword Boomerang","Disarm","Rupture"],"picked":"SKIP","floor":5},{"not_picked":["Intimidate","Havoc"],"picked":"Offering","floor":10},{"not_picked":["Clash","Anger","Seeing Red"],"picked":"SKIP","floor":14}],"player_experience":724580,"relics_obtained":[{"floor":7,"key":"Odd Mushroom"},{"floor":14,"key":"Mercury Hourglass"}],"event_choices":[{"cards_removed":["Defend_R"],"damage_healed":0,"gold_gain":0,"player_choice":"Card Removal","damage_taken":0,"max_hp_gain":0,"max_hp_loss":0,"event_name":"The Cleric","floor":4,"gold_loss":50},{"damage_healed":0,"gold_gain":0,"player_choice":"Fought Mushrooms","damage_taken":0,"max_hp_gain":0,"max_hp_loss":0,"event_name":"Mushrooms","floor":7,"gold_loss":0},{"damage_healed":0,"gold_gain":0,"player_choice":"Ignored","damage_taken":0,"max_hp_gain":0,"max_hp_loss":0,"event_name":"Golden Idol","floor":11,"gold_loss":0}],"is_beta":false,"boss_relics":[],"items_purged_floors":[0,3,13],"is_endless":false,"potions_floor_spawned":[2,5],"killed_by":"The Guardian","ascension_level":4}}