{"host":"h4390p13uu6iw1q5","time":1608113343,"event":{"mods":["BaseMod","Colored Map","Minty Spire (QoL Compilation)","StSLib"],"gold_per_floor":[115,115,132,82,98,98,127,152,200,200,218,236,252,270,270,369,369,383,363,373,135,135,135],"floor_reached":22,"playtime":1162,"items_purged":["Defend_B"],"score":345,"play_id":"97a6fedd-dcd4-45bd-850e-642f634abd17","local_time":"20201216050903","is_ascension_mode":true,"campfire_choices":[{"data":"Stack","floor":6,"key":"SMITH"},{"floor":10,"key":"REST"},{"data":"Hologram","floor":15,"key":"SMITH"}],"circlet_count":0,"master_deck":["Strike_B","Strike_B","Strike_B","Strike_B","Defend_B","Defend_B","Defend_B","Zap","Dualcast","Sweeping Beam","Hologram+1","Stack+1","Capacitor","Hologram","Coolheaded","White Noise","Rip and Tear","Biased Cognition","Genetic Algorithm+1","Sunder","Dramatic Entrance","Static Discharge"],"relics":["Cracked Core","Tiny Chest","WarpedTongs","Vajra","Blood Vial","Happy Flower","Inserter"],"acts_visited":["Exordium","TheCity"],"potions_floor_usage":[11,16,20],"damage_taken":[{"damage":0,"enemies":"2 Louse","floor":1,"turns":3},{"damage":6,"enemies":"Cultist","floor":3,"turns":3},{"damage":0,"enemies":"Jaw Worm","floor":5,"turns":4},{"damage":34,"enemies":"Gremlin Nob","floor":7,"turns":4},{"damage":9,"enemies":"Large Slime","floor":11,"turns":4},{"damage":1,"enemies":"3 Louse","floor":12,"turns":3},{"damage":18,"enemies":"Exordium Thugs","floor":13,"turns":4},{"damage":0,"enemies":"Blue Slaver","floor":14,"turns":3},{"damage":0,"enemies":"Hexaghost","floor":16,"turns":11},{"damage":12,"enemies":"Chosen","floor":18,"turns":5},{"damage":22,"enemies":"Shell Parasite","floor":20,"turns":10},{"damage":37,"enemies":"Sentry and Sphere","floor":22,"turns":4}],"seed_played":"-3063520318159819333","potions_obtained":[{"floor":7,"key":"AttackPotion"},{"floor":11,"key":"Strength Potion"},{"floor":14,"key":"FearPotion"},{"floor":18,"key":"PowerPotion"},{"floor":19,"key":"GamblersBrew"}],"is_trial":false,"path_per_floor":["M","?","M","?","M","R","E","T","T","R","M","M","M","M","R","B",null,"M","?","M","$","M"],"character_chosen":"DEFECT","items_purchased":["Dramatic Entrance","Static Discharge"],"campfire_rested":1,"item_purchase_floors":[21,21],"current_hp_per_floor":[68,68,62,62,62,62,28,28,28,50,43,44,28,30,30,32,64,54,54,34,34,0,0],"gold":135,"neow_bonus":"RANDOM_COMMON_RELIC","is_daily":false,"chose_seed":false,"campfire_upgraded":2,"win_rate":0.0,"timestamp":1608113343,"path_taken":["M","?","?","?","M","R","E","?","T","R","M","M","M","M","R","BOSS","M","?","M","?","M"],"items_purchased_type":["Card","Card"],"build_version":"2020-12-13","purchased_purges":1,"victory":false,"max_hp_per_floor":[75,75,75,75,75,75,75,75,75,75,75,75,75,75,75,75,75,75,75,75,75,75,75],"card_choices":[{"not_picked":["Beam Cell","Skim"],"picked":"Sweeping Beam","floor":1},{"not_picked":["Steam","Leap"],"picked":"Hologram","floor":3},{"not_picked":["Darkness","Chaos"],"picked":"Stack","floor":5},{"not_picked":["Steam Power","Redo"],"picked":"Capacitor","floor":7},{"not_picked":["Sweeping Beam","Streamline"],"picked":"Hologram","floor":11},{"not_picked":["Leap","BootSequence"],"picked":"Coolheaded","floor":12},{"not_picked":["Steam Power","Skim"],"picked":"White Noise","floor":13},{"not_picked":["Force Field","Gash"],"picked":"Rip and Tear","floor":14},{"not_picked":["Amplify","All For One"],"picked":"Biased Cognition","floor":16},{"not_picked":["Beam Cell+1","Gash"],"picked":"Genetic Algorithm+1","floor":18},{"not_picked":["Tempest","Steam"],"picked":"Sunder","floor":20}],"player_experience":2377886,"relics_obtained":[{"floor":7,"key":"Vajra"},{"floor":8,"key":"Blood Vial"},{"floor":9,"key":"Happy Flower"}],"event_choices":[{"damage_healed":0,"gold_gain":0,"player_choice":"Rummage","damage_taken":0,"relics_obtained":["WarpedTongs"],"max_hp_gain":0,"max_hp_loss":0,"event_name":"Accursed Blacksmith","floor":2,"gold_loss":0,"cards_obtained":["Pain"]},{"cards_removed":["Pain"],"damage_healed":0,"gold_gain":0,"player_choice":"Card Removal","damage_taken":0,"max_hp_gain":0,"max_hp_loss":0,"event_name":"The Cleric","floor":4,"gold_loss":50},{"damage_healed":0,"gold_gain":0,"player_choice":"Bought 1 Potion","damage_taken":0,"max_hp_gain":0,"max_hp_loss":0,"event_name":"The Woman in Blue","floor":19,"gold_loss":0}],"is_beta":false,"boss_relics":[{"not_picked":["Coffee Dripper","SlaversCollar"],"picked":"Inserter"}],"items_purged_floors":[21],"is_endless":false,"potions_floor_spawned":[7,11,14,18],"killed_by":"Sentry and Sphere","ascension_level":9}}