{"host":"wonp23fsqqcu31ie","time":1608108288,"event":{"mods":["2.2 Compatiblity","AchievementEnabler","Aspiration","BaseMod","Bestiary","Better Altar","Better Match","Better Sensory Stone","Better Skull","Better Third Choice","BetterRewards","Block Reminder","Colored Map","Colored Powertips","Conspire","DeckTracker","Displayed Cursed Tome","Downfall","Hermit","Highlight Path","Hubris","Minty Spire (QoL Compilation)","Permanent Neow","Quick Restart","Rare Cards Sparkle","Relic Stats","Replay The Spire","Shade Mod","Shop Mod","StSLib","SuperFastMode","The Animator","The Cursed","The Gatherer","The Necromancer","The Runesmith","The Servant 0.9.4"],"gold_per_floor":[119,119,119,138,138,138,138],"floor_reached":6,"playtime":120,"items_purged":[],"score":36,"play_id":"f7feefd9-b23b-4dfd-aba2-6b4238e029f9","local_time":"20201216194448","is_ascension_mode":true,"campfire_choices":[],"circlet_count":0,"master_deck":["Sadistic Nature","Runesmith:Strike_RS","Runesmith:Strike_RS","Runesmith:Strike_RS","Runesmith:Strike_RS","Runesmith:Defend_RS","Runesmith:Defend_RS+1","Runesmith:Defend_RS","Runesmith:Defend_RS","Runesmith:CraftFirestone","Runesmith:Fortify","Runesmith:CraftMagma+1","Runesmith:HammerTime"],"relics":["Philosopher\u0027s Stone","Art of War","Iron Hammer","Bronze Scales","hubris:FruitBowl"],"acts_visited":["Exordium"],"potions_floor_usage":[6],"damage_taken":[{"damage":0,"enemies":"2 Louse","floor":1,"turns":3},{"damage":2,"enemies":"Jaw Worm","floor":4,"turns":4},{"damage":12,"enemies":"Lagavulin","floor":6,"turns":3}],"seed_played":"-3424399057732260660","potions_obtained":[{"floor":1,"key":"Toxic Potion"}],"is_trial":false,"path_per_floor":["M","?","?","M","$","E"],"character_chosen":"RUNESMITH_CLASS","items_purchased":["Iron Hammer","Bronze Scales","hubris:FruitBowl"],"campfire_rested":0,"item_purchase_floors":[5,5,5],"current_hp_per_floor":[70,63,49,47,3,0,0],"gold":138,"neow_bonus":"BOSS_RELIC","is_daily":false,"chose_seed":false,"campfire_upgraded":0,"win_rate":0.0,"timestamp":1608108288,"path_taken":["M","?","?","M","?","E"],"items_purchased_type":["Relic","Relic","Relic"],"build_version":"2020-12-13","purchased_purges":0,"victory":false,"max_hp_per_floor":[70,70,70,70,70,70,70],"relic_stats":{"counters":[3,10],"Bronze Scales":[3],"Art of War":[0],"obtain_stats":[{"Runesmith:BrokenRuby":0,"Bronze Scales":5,"Philosopher\u0027s Stone":0,"hubris:FruitBowl":5,"Iron Hammer":5,"Art of War":2},{"Runesmith:BrokenRuby":0,"Bronze Scales":2,"Philosopher\u0027s Stone":0,"hubris:FruitBowl":2,"Iron Hammer":2,"Art of War":1},{"Runesmith:BrokenRuby":0,"Bronze Scales":7,"Philosopher\u0027s Stone":0,"hubris:FruitBowl":7,"Iron Hammer":7,"Art of War":3}]},"card_choices":[{"not_picked":["Runesmith:NanitesCloud","Runesmith:CraftProtectio"],"picked":"Runesmith:CraftMagma","floor":1},{"not_picked":["Runesmith:ShiftingStrike","Runesmith:Accelerate"],"picked":"Runesmith:HammerTime","floor":4}],"player_experience":618913,"relics_obtained":[],"event_choices":[{"damage_healed":0,"gold_gain":0,"player_choice":"Relic ","damage_taken":7,"max_hp_gain":0,"max_hp_loss":0,"event_name":"betterThird:BetterScrap","floor":2,"gold_loss":0,"cards_obtained":["Eviscerate"]},{"damage_healed":63,"gold_gain":0,"player_choice":"Upgrade","damage_taken":14,"max_hp_gain":0,"max_hp_loss":70,"event_name":"betterThird:BetterShining","floor":3,"gold_loss":0,"cards_upgraded":["Runesmith:CraftMagma","Runesmith:Defend_RS"]}],"is_beta":false,"boss_relics":[],"items_purged_floors":[],"is_endless":false,"potions_floor_spawned":[1],"killed_by":"Lagavulin","ascension_level":1}}