{"host":"y89x8uui45kcjy42","time":1608121408,"event":{"mods":["2.2 Compatiblity","BaseMod","CapriCore","Colored Map","Colored Powertips","Custom Start","Friendly Minions","Highlight Path","Keyboard Shortcuts","Minty Spire (QoL Compilation)","Relic Stats","Slay the Relics Exporter","StSLib","SuperFastMode","The Gatherer","Waifu the Spire"],"gold_per_floor":[114,114,127,202,215,215,228,228,228,254,254,254,254,26,26,155,155,176,176,162,180,218,218,218,218,270,290,305,18,117,151,151,151,151,151],"floor_reached":33,"playtime":1142,"items_purged":["Gatherer:Strike_Gatherer"],"score":302,"play_id":"ef86cabb-3d63-4f26-a093-82f16690455b","local_time":"20201216212328","is_ascension_mode":true,"metric_token":1053,"campfire_choices":[{"data":"Gatherer:Centralize","floor":6.0,"key":"SMITH"},{"data":"Gatherer:FragileHammer","floor":8.0,"key":"SMITH"},{"data":"Gatherer:VenomBarrier","floor":13.0,"key":"SMITH"},{"data":"Gatherer:FlowerWhip","floor":15.0,"key":"SMITH"},{"data":"Gatherer:UpgradeBag","floor":23,"key":"SMITH"},{"data":"Gatherer:Photoscythe","floor":25,"key":"SMITH"},{"data":"Gatherer:AlchemyTrial","floor":32,"key":"SMITH"}],"circlet_count":0,"master_deck":["Gatherer:Strike_Gatherer","Gatherer:Strike_Gatherer+1","Gatherer:Strike_Gatherer","Gatherer:Strike_Gatherer","Gatherer:Defend_Gatherer","Gatherer:Defend_Gatherer","Gatherer:Defend_Gatherer","Gatherer:Defend_Gatherer","Gatherer:Defend_Gatherer","Gatherer:Centralize+1","Gatherer:FlowerWhip+1","Gatherer:VenomBarrier+1","Gatherer:FragileHammer+1","Gatherer:FlowerFalling+1","Gatherer:Photoscythe+1","Gatherer:TreeGrowth+1","Gatherer:UpgradeBag+1","Gatherer:EnergyBasket+1","Gatherer:AlchemyTrial+1","Gatherer:FlowerShield"],"relics":["Gatherer:AlchemyBag","Question Card","Golden Idol","Lee\u0027s Waffle","SacredBark","Nloth\u0027s Gift","Red Mask","Omamori","Calipers","Dream Catcher"],"acts_visited":["Exordium","TheCity"],"potions_floor_usage":[22,27,28,31],"damage_taken":[{"damage":6.0,"enemies":"Jaw Worm","floor":1.0,"turns":5.0},{"damage":5.0,"enemies":"2 Louse","floor":3.0,"turns":2.0},{"damage":0.0,"enemies":"Small Slimes","floor":5.0,"turns":2.0},{"damage":0.0,"enemies":"2 Fungi Beasts","floor":7.0,"turns":2.0},{"damage":9.0,"enemies":"Lagavulin","floor":10.0,"turns":7.0},{"damage":35.0,"enemies":"The Guardian","floor":16.0,"turns":13.0},{"damage":9.0,"enemies":"Shell Parasite","floor":18.0,"turns":7.0},{"damage":4.0,"enemies":"2 Thieves","floor":20.0,"turns":4.0},{"damage":21,"enemies":"Snake Plant","floor":21,"turns":7},{"damage":0,"enemies":"Masked Bandits","floor":22,"turns":1},{"damage":19,"enemies":"Shelled Parasite and Fungi","floor":27,"turns":8},{"damage":9,"enemies":"Centurion and Healer","floor":28,"turns":7},{"damage":0,"enemies":"Book of Stabbing","floor":31,"turns":5},{"damage":42,"enemies":"Automaton","floor":33,"turns":6}],"seed_played":"-3676331914250289674","potions_obtained":[{"floor":3.0,"key":"Weak Potion"},{"floor":5.0,"key":"DuplicationPotion"},{"floor":10.0,"key":"Fire Potion"},{"floor":16.0,"key":"Poison Potion"},{"floor":18.0,"key":"Dexterity Potion"},{"floor":20.0,"key":"BottledMiracle"},{"floor":21,"key":"AttackPotion"},{"floor":28,"key":"AttackPotion"}],"is_trial":false,"path_per_floor":["M","?","M","?","M","R","M","R","T","E","?","?","R","$","R","B",null,"M","?","M","M","?","R","?","R","T","M","M","$","?","E","R","B"],"character_chosen":"THE_GATHERER","items_purchased":["Lee\u0027s Waffle","Calipers"],"campfire_rested":0,"item_purchase_floors":[14,29],"current_hp_per_floor":[66,71,66,55,55,55,55,55,55,46,46,32,32,78,78,43,78,69,69,65,44,48,48,48,48,48,29,20,20,20,20,20,0,0,0],"gold":151,"neow_bonus":"THREE_CARDS","is_daily":false,"chose_seed":false,"campfire_upgraded":7,"win_rate":0.0,"timestamp":1608121408,"path_taken":["M","?","M","?","M","R","M","R","T","E","?","?","R","$","R","BOSS","M","?","M","?","?","R","?","R","T","?","M","$","?","E","R","BOSS"],"items_purchased_type":["Relic","Relic"],"build_version":"2020-12-13","purchased_purges":1,"victory":false,"max_hp_per_floor":[72,77,77,77,77,77,77,77,77,77,71,71,71,78,78,78,78,78,78,78,78,78,78,78,78,78,78,78,78,78,78,78,78,78,78],"relic_stats":{"Lee\u0027s Waffle":46,"Dream Catcher":0,"counters":[14,76],"Golden Idol":59,"Nloth\u0027s Gift":2,"Question Card":9,"obtain_stats":[{"Lee\u0027s Waffle":14,"Dream Catcher":31,"Calipers":29,"Golden Idol":11,"SacredBark":17,"Nloth\u0027s Gift":19,"Red Mask":22,"Omamori":24,"Question Card":9,"Gatherer:AlchemyBag":0,"InkBottle":10},{"Lee\u0027s Waffle":5,"Dream Catcher":13,"Calipers":12,"Golden Idol":5,"SacredBark":6,"Nloth\u0027s Gift":7,"Red Mask":10,"Omamori":10,"Question Card":4,"Gatherer:AlchemyBag":0,"InkBottle":5},{"Lee\u0027s Waffle":18,"Dream Catcher":70,"Calipers":65,"Golden Idol":18,"SacredBark":31,"Nloth\u0027s Gift":38,"Red Mask":50,"Omamori":50,"Question Card":11,"Gatherer:AlchemyBag":0,"InkBottle":18}]},"card_choices":[{"not_picked":["Gatherer:WoolGloves","Gatherer:CollectorsShot"],"picked":"Gatherer:VenomBarrier","floor":0.0},{"not_picked":["Gatherer:Duality","Gatherer:CarefulStrike"],"picked":"Gatherer:FragileHammer","floor":1.0},{"not_picked":["Gatherer:CollectorsShot","Gatherer:SealedBomb","Gatherer:Misfortune"],"picked":"SKIP","floor":3.0},{"not_picked":["Gatherer:Snatch","Gatherer:CarefulStrike"],"picked":"Gatherer:FlowerFalling","floor":5.0},{"not_picked":["Gatherer:Overflowing","Gatherer:EnergyBasket","Gatherer:Transmute"],"picked":"SKIP","floor":7.0},{"not_picked":["Gatherer:RecoveryHerb","Gatherer:Duplicator","Gatherer:Convert","Gatherer:WitheringStrike"],"picked":"SKIP","floor":10.0},{"not_picked":["Gatherer:ScrollOfPurity","Gatherer:FinishingStrike","Gatherer:Bulldoze"],"picked":"Gatherer:Photoscythe","floor":16.0},{"not_picked":["Gatherer:Duplicator","Gatherer:BigPouch","Gatherer:BalancedGrowth"],"picked":"Gatherer:TreeGrowth+1","floor":18.0},{"not_picked":["Gatherer:CollectorsShot","Gatherer:Herbalism+1","Gatherer:HeartToFruit","Gatherer:DrugPower"],"picked":"SKIP","floor":20.0},{"not_picked":["Gatherer:Transmute","Gatherer:CollectorsShot","Gatherer:BambuSword"],"picked":"Gatherer:UpgradeBag","floor":21},{"not_picked":["Gatherer:Duplicator","Gatherer:GatherMaterial","Gatherer:TacticalStrike"],"picked":"Gatherer:EnergyBasket+1","floor":27},{"not_picked":["Gatherer:CollectorsShot","Gatherer:UpgradeBag","Gatherer:SmartManeuver"],"picked":"Gatherer:AlchemyTrial","floor":28},{"not_picked":["Gatherer:SealedBomb","Gatherer:ScrollOfPurity","Gatherer:Enchant+1"],"picked":"Gatherer:FlowerShield","floor":31}],"player_experience":503429,"relics_obtained":[{"floor":9.0,"key":"Question Card"},{"floor":10.0,"key":"InkBottle"},{"floor":22,"key":"Red Mask"},{"floor":31,"key":"Dream Catcher"}],"event_choices":[{"damage_healed":0.0,"max_hp_gain":5.0,"max_hp_loss":0.0,"gold_gain":0.0,"event_name":"Big Fish","player_choice":"Donut","floor":2.0,"gold_loss":0.0,"damage_taken":0.0},{"damage_healed":0.0,"max_hp_gain":0.0,"max_hp_loss":0.0,"gold_gain":75.0,"event_name":"World of Goop","player_choice":"Gather Gold","floor":4.0,"gold_loss":0.0,"damage_taken":11.0},{"damage_healed":0.0,"max_hp_gain":0.0,"max_hp_loss":6.0,"gold_gain":0.0,"event_name":"Golden Idol","player_choice":"Lose Max HP","floor":11.0,"gold_loss":0.0,"damage_taken":0.0,"relics_obtained":["Golden Idol"]},{"damage_healed":0.0,"max_hp_gain":0.0,"max_hp_loss":0.0,"gold_gain":0.0,"event_name":"Shining Light","player_choice":"Entered Light","floor":12.0,"gold_loss":0.0,"damage_taken":14.0,"cards_upgraded":["Gatherer:Strike_Gatherer","Gatherer:FlowerFalling"]},{"damage_healed":0.0,"max_hp_gain":0.0,"max_hp_loss":0.0,"gold_gain":0.0,"event_name":"N\u0027loth","player_choice":"Traded Relic","floor":19.0,"relics_lost":["InkBottle"],"gold_loss":0.0,"damage_taken":0.0,"relics_obtained":["Nloth\u0027s Gift"]},{"damage_healed":0,"gold_gain":0,"player_choice":"Fought Bandits","damage_taken":0,"max_hp_gain":0,"max_hp_loss":0,"event_name":"Masked Bandits","floor":22,"gold_loss":0},{"damage_healed":0,"gold_gain":0,"player_choice":"Cursed","damage_taken":0,"max_hp_gain":0,"max_hp_loss":0,"event_name":"Wheel of Change","floor":24,"gold_loss":0,"cards_obtained":["Decay"]},{"damage_healed":0,"gold_gain":99,"player_choice":"Stole From Cult","damage_taken":0,"max_hp_gain":0,"max_hp_loss":0,"event_name":"Nest","floor":30,"gold_loss":0}],"is_beta":false,"boss_relics":[{"not_picked":["Astrolabe","Empty Cage"],"picked":"SacredBark"}],"items_purged_floors":[14],"is_endless":false,"potions_floor_spawned":[3,5,10,16,18,20,21,28],"killed_by":"Automaton","ascension_level":1}}