{"host":"f0gpob8hq9vgebej","time":1608133267,"event":{"mods":["AchievementEnabler","BaseMod","Googly Eyes","Minty Spire (QoL Compilation)","Quick Restart","SuperFastMode"],"gold_per_floor":[111,123,137,153,78,78,90,90,115,115,115,141,167,180,180,180,180],"floor_reached":16,"playtime":605,"items_purged":["Strike_G"],"score":148,"play_id":"2a69d129-edfe-4b37-86fc-157a69bd619b","local_time":"20201217004107","is_ascension_mode":true,"campfire_choices":[{"data":"Tactician","floor":6,"key":"SMITH"},{"data":"Poisoned Stab","floor":11,"key":"SMITH"},{"floor":15,"key":"REST"}],"circlet_count":0,"master_deck":["Strike_G","Strike_G","Strike_G","Strike_G","Defend_G","Defend_G","Defend_G","Defend_G","Survivor","Neutralize","Backflip","Tactician+1","Poisoned Stab+1","Acrobatics","Cloak And Dagger"],"relics":["Ring of the Snake","NeowsBlessing","Blood Vial","Happy Flower","Oddly Smooth Stone"],"acts_visited":["Exordium"],"potions_floor_usage":[12,12,12],"damage_taken":[{"damage":0,"enemies":"Cultist","floor":1,"turns":1},{"damage":0,"enemies":"Small Slimes","floor":2,"turns":1},{"damage":0,"enemies":"Jaw Worm","floor":3,"turns":1},{"damage":18,"enemies":"Lots of Slimes","floor":4,"turns":7},{"damage":5,"enemies":"Large Slime","floor":7,"turns":8},{"damage":12,"enemies":"Lagavulin","floor":12,"turns":6},{"damage":3,"enemies":"Exordium Wildlife","floor":14,"turns":3},{"damage":0,"enemies":"The Guardian","floor":16,"turns":5}],"seed_played":"5435214096838311407","potions_obtained":[{"floor":3,"key":"Energy Potion"},{"floor":4,"key":"CunningPotion"},{"floor":7,"key":"AttackPotion"}],"is_trial":false,"path_per_floor":["M","M","M","M","$","R","M","?","T","?","R","E","T","M","R","B"],"character_chosen":"THE_SILENT","items_purchased":[],"campfire_rested":1,"item_purchase_floors":[],"current_hp_per_floor":[63,63,63,45,45,45,40,40,40,40,40,30,30,29,50,52,52],"gold":180,"neow_bonus":"THREE_ENEMY_KILL","is_daily":false,"chose_seed":false,"campfire_upgraded":2,"win_rate":0.0,"timestamp":1608133267,"path_taken":["M","M","M","M","$","R","?","?","T","?","R","E","?","?","R","BOSS"],"items_purchased_type":[],"build_version":"2020-12-13","purchased_purges":1,"victory":false,"max_hp_per_floor":[70,70,70,70,70,70,70,70,70,70,70,70,70,70,70,70,70],"card_choices":[{"not_picked":["Bane","Heel Hook"],"picked":"Backflip","floor":1},{"not_picked":["Choke","Bouncing Flask"],"picked":"Tactician","floor":2},{"not_picked":["Quick Slash","Dodge and Roll"],"picked":"Poisoned Stab","floor":3},{"not_picked":["Poisoned Stab","Flying Knee","Dodge and Roll"],"picked":"SKIP","floor":4},{"not_picked":["Outmaneuver","Dagger Throw"],"picked":"Acrobatics","floor":7},{"not_picked":["Acrobatics","Concentrate"],"picked":"Cloak And Dagger","floor":12},{"not_picked":["Dodge and Roll","Poisoned Stab","Blur"],"picked":"SKIP","floor":14}],"player_experience":157544,"relics_obtained":[{"floor":9,"key":"Blood Vial"},{"floor":12,"key":"Happy Flower"},{"floor":13,"key":"Oddly Smooth Stone"}],"event_choices":[{"damage_healed":0,"gold_gain":0,"player_choice":"Ignored","damage_taken":0,"max_hp_gain":0,"max_hp_loss":0,"event_name":"Liars Game","floor":8,"gold_loss":0},{"cards_removed":["Defend_G"],"damage_healed":0,"gold_gain":0,"player_choice":"Forget","damage_taken":0,"max_hp_gain":0,"max_hp_loss":0,"event_name":"Living Wall","floor":10,"gold_loss":0}],"is_beta":false,"boss_relics":[],"items_purged_floors":[5],"is_endless":false,"potions_floor_spawned":[3,4,7],"killed_by":"The Guardian","ascension_level":9}}