{"host":"91n1pc4te07j54gv","time":1608131119,"event":{"mods":["BaseMod","BetterRewards","Colored Powertips","Downfall","Highlight Path","Infinite Spire","Minty Spire (QoL Compilation)","Quick Restart","Relic Filter","Relic Stats","Replay The Spire","Spicy Shops","StSLib"],"gold_per_floor":[114,114,114,264,264,264,299,299,350,391,12,12,44,44,44,118,118,98,98,116,128,139,170,35,63,134,153,180,180,193,193,193],"floor_reached":31,"playtime":2570,"items_purged":["Strike_B"],"score":768,"play_id":"7b81ab1b-6ea6-4084-89a7-b82f1e9766c2","local_time":"20201216230519","is_ascension_mode":true,"campfire_choices":[{"data":"Apotheosis","floor":6.0,"key":"SMITH"},{"data":"Midas Touch","floor":6.0,"key":"SMITH"},{"floor":8.0,"key":"RECALL"},{"data":"Crystallizer","floor":12.0,"key":"SMITH"},{"floor":15,"key":"DIG"}],"circlet_count":0,"master_deck":["AscendersBane","Defend_B","Defend_B","Defend_B","Defend_B","Zap","Dualcast","Apotheosis+1","Midas Touch+1","expansioncontent:Corrupt","Replay:SS_forest_6","Crystallizer+1","Hologram","Doubt","Spreading Infection","Blizzard","Coolheaded","Magnetism","Heatsinks","Defragment","ReplayTheSpireMod:Omega Cannon","Capacitor","Buffer","Defragment","Creative AI","ReplayTheSpireMod:Omega Cannon","Hologram","Core Surge","Seek","Ball Lightning","Barrage+1","ReplayTheSpireMod:Omega Cannon"],"relics":["PureWater","Replay:PocketPolymizer","infinitespire:BottledMercury","Nilry\u0027s Codex","infinitespire:Lychee Nut","hexamod:SpiritBrand","Strange Spoon","Orichalcum","Chameleon Ring","infinitespire:PuzzleCube","OrangePellets","sneckomod:SuperSneckoSoul","Sling","Replay:Blank Codex","CultistMask","champ:ChampionCrownUpgraded","Singing Bowl","Tiny Chest","Slimebound:AbsorbEndCombat","Ring of Fury","infinitespire:Chaos","Calipers","Replay:Bottled Steam","Cables","Black Star","Meat on the Bone","Replay:Accelerometer","Frozen Egg 2","Prayer Wheel","Replay:Multitool","ReplayTheSpireMod:Lightbulb","White Beast Statue","Prayer Wheel","Pet Ghost","Prayer Wheel"],"acts_visited":["Exordium","TheCity"],"potions_floor_usage":[27,28,31],"damage_taken":[{"damage":5.0,"enemies":"Small Slimes","floor":1.0,"turns":2.0},{"damage":1.0,"enemies":"3 Sentries","floor":7.0,"turns":6.0},{"damage":5.0,"enemies":"Gremlin Nob","floor":10.0,"turns":4.0},{"damage":0,"enemies":"3 Sentries","floor":13,"turns":2},{"damage":0,"enemies":"Fading Forest","floor":16,"turns":2},{"damage":29,"enemies":"2 Thieves","floor":18,"turns":4},{"damage":9,"enemies":"Spheric Guardian","floor":20,"turns":7},{"damage":11,"enemies":"Snake Plant","floor":21,"turns":5},{"damage":0,"enemies":"Sentry and Sphere","floor":22,"turns":6},{"damage":33,"enemies":"Replay:Snechameleon","floor":23,"turns":6},{"damage":29,"enemies":"Nightmare","floor":25,"turns":9},{"damage":0,"enemies":"Cultist and Chosen","floor":27,"turns":3},{"damage":37,"enemies":"Slavers","floor":28,"turns":7},{"damage":31,"enemies":"Snake Plant","floor":30,"turns":3},{"damage":48,"enemies":"Gremlin Leader","floor":31,"turns":5}],"seed_played":"3350976065695815679","potions_obtained":[{"floor":13,"key":"FocusPotion"},{"floor":16,"key":"EssenceOfSteel"},{"floor":18,"key":"LiquidMemories"},{"floor":19,"key":"Slimebound:ThreeZeroPotion"},{"floor":22,"key":"ColorlessPotion"},{"floor":27,"key":"SneckoOil"},{"floor":28,"key":"Milkshake"}],"is_trial":false,"path_per_floor":["M","?","?","?","?","R","E","R","T","E","$","R","E","$","R","B",null,"M","?","M","M","M","E","$","NM","T","M","E","R","M","E"],"character_chosen":"DEFECT","items_purchased":["Blue Candle","Replay:Arrowhead","Membership Card","Apotheosis","Midas Touch","Replay:WaspNest","BargainBundle","expansioncontent:Corrupt","Replay:SS_forest_6","Crystallizer","Hologram","infinitespire:Freezer","Strength Potion","ColorlessPotion","hexamod:EctoCoolerPotion","Akabeko","infinitespire:Chaos","Calipers","Magnetism","Heatsinks","Frozen Egg 2"],"campfire_rested":0,"item_purchase_floors":[0,0,0,0,0,0,0,0,0,0,0,0,0,0,0,0,11,11,11,11,24],"current_hp_per_floor":[22,22,22,25,28,28,47,47,47,62,60,60,60,60,60,60,60,34,34,62,56,62,45,45,34,34,51,44,44,38,4,4],"gold":193,"neow_bonus":"","is_daily":false,"chose_seed":false,"campfire_upgraded":3,"win_rate":0.0,"timestamp":1608131119,"path_taken":["M","?","?","?","?","R","E","R","T","E","?","R","E","$","R","BOSS","M","?","?","M","M","E","$","NM","T","M","E","R","M","E"],"items_purchased_type":["Relic","Relic","Relic","Card","Card","Relic","Relic","Card","Card","Card","Card","Relic","Potion","Potion","Potion","Relic","Relic","Relic","Card","Card","Relic"],"build_version":"2020-12-13","purchased_purges":1,"victory":false,"max_hp_per_floor":[76,69,69,72,75,75,78,78,78,81,60,60,60,60,60,60,60,60,60,62,64,64,66,66,66,66,70,70,70,72,72,72],"relic_stats":{"Strange Spoon":[49],"OrangePellets":[15],"Singing Bowl":12,"counters":[558,2492],"Tiny Chest":0,"Prayer Wheel":2,"Black Star":3,"Orichalcum":[174],"obtain_stats":[{"Replay:Accelerometer":31,"infinitespire:Cubic Diamond":2,"Sling":11,"Blood Vial":43,"infinitespire:ShieldingShard":13,"Replay:Bronze Core":34,"Fusion Hammer":17,"HandDrill":0,"Replay:Bottled Flurry":6,"Replay:Bottled Steam":45,"Blue Candle":0,"Eternal Feather":19,"Pen Nib":23,"ReplayTheSpireMod:SealedPack":17,"infinitespire:Magic Flask":49,"Akabeko":55,"Cables":44,"infinitespire:EvilPickle":33,"infinitespire:Lychee Nut":21,"infinitespire:Broken Mirror":10,"Bird Faced Urn":0,"Snecko Eye":34,"CultistMask":3,"StrikeDummy":34,"Unceasing Top":0,"Solar Panel":6,"Regal Pillow":14,"Carrot":31,"Singing Bowl":26,"Torii":53,"Smiling Mask":12,"Ancient Tea Set":40,"Pet Ghost":46,"infinitespire:Bottled Soul":23,"Toolbox":54,"Replay:Bottled Eggs":40,"Guardian:BottledAnomaly":21,"infinitespire:Eraser":43,"InkBottle":23,"Potion Belt":23,"Lee\u0027s Waffle":14,"Golden Idol":2,"Guardian:GemstoneGun":0,"PreservedInsect":0,"infinitespire:Lucky Rock":48,"Ring of Greed":20,"Replay:Arrowhead":0,"Nuclear Battery":17,"Ring of Misfortune":20,"Garlic":8,"Art of War":53,"Durian":10,"Slimebound:AbsorbEndCombat":11,"infinitespire:Midas Blood":55,"Ice Cream":21,"Divine Protection":17,"Calipers":7,"Gremlin Horn":49,"Nilry\u0027s Codex":11,"Runic Capacitor":0,"Sozu":17,"Centennial Puzzle":48,"infinitespire:SolderingIron":0,"Prayer Wheel":34,"Philosopher\u0027s Stone":34,"Iron Hammer":12,"hexamod:SpiritBrand":11,"Girya":0,"ReplayTheSpireMod:CursedCoin":0,"Replay:Grab Bag":17,"Ring of Chaos":17,"Du-Vu Doll":53,"OrangePellets":0,"Onion Ring":42,"infinitespire:EmpoweringShard":28,"Symbiotic Virus":3,"Mirror":52,"Pocketwatch":38,"Juzu Bracelet":41,"Replay:Mystery Machine":47,"Empty Cage":17,"Nunchaku":23,"Dream Catcher":23,"Emotion Chip":0,"Chameleon Ring":10,"TheAbacus":54,"Red Mask":22,"Replay:Bottled Snecko":6,"Replay:Antivirus Software":53,"Guide Book":47,"Replay:WaspNest":42,"infinitespire:FocusingShard":48,"Odd Mushroom":11,"Medical Kit":44,"Mercury Hourglass":14,"Calling Bell":34,"Strange Spoon":6,"DataDisk":29,"Pondfish Scales":9,"infinitespire:Satchel":34,"Bag of Marbles":13,"Membership Card":53,"FossilizedHelix":21,"ReplayTheSpireMod:ShopPack":53,"infinitespire:BottledMercury":54,"Golden Egg":31,"Ginger":0,"Whetstone":49,"Bottled Tornado":53,"Boot":8,"FrozenCore":17,"Old Coin":34,"Replay:Ringing Soul":9,"sneckomod:SuperSneckoSoul":11,"Sundial":40,"MealTicket":26,"infinitespire:Golems Mask":13,"Kunai":27,"Replay:Wax Seal":53,"Counterbalance":25,"ReplayTheSpireMod:Ring of Addiction":5,"Guardian:PocketSentry":10,"SlaversCollar":17,"Pandora\u0027s Box":0,"Abe\u0027s Treasure":34,"infinitespire:PuzzleCube":48,"Lantern":11,"Blue Doll":13,"StoneCalendar":0,"Bag of Preparation":30,"Replay:Multitool":40,"Cursed Key":34,"Replay:Rubber Ducky":17,"Matryoshka":12,"Shovel":0,"WingedGreaves":7,"Replay:Lucky Slots":54,"Inserter":17,"Thread and Needle":0,"infinitespire:Joker Card":0,"The Courier":12,"Geode":7,"Omamori":41,"infinitespire:CheckeredPen":40,"Frozen Egg 2":0,"MawBank":43,"Orrery":0,"Turnip":0,"Bottled Lightning":54,"ReplayTheSpireMod:Lightbulb":30,"Toy Ornithopter":42,"infinitespire:Freezer":43,"CeramicFish":25,"Vajra":10,"Lizard Tail":24,"Replay:Frozen Program":19,"HornCleat":14,"FaceOfCleric":14,"DollysMirror":11,"Strawberry":9,"Toxic Egg 2":0,"Replay:Blank Codex":11,"Happy Flower":40,"Dead Branch":0,"Oddly Smooth Stone":54,"infinitespire:Beetle Shell":10,"Letter Opener":32,"War Paint":54,"Question Card":42,"Replay:Baseball":28,"Bottled Flame":14,"ReplayTheSpireMod:Shallot":25,"Bronze Scales":10,"Molten Egg 2":4,"Simple Rune":8,"ReplayTheSpireMod:TigerMarble":2,"Black Star":34,"Grinning Jar":43,"Meat on the Bone":0,"ReplayFunnel":27,"Darkstone Periapt":26,"ReplayTheSpireMod:Ring of Exchange":5,"Snecko Heart":34,"Replay:PocketPolymizer":0,"SacredBark":17,"Mango":40,"Incense Burner":24,"ClockworkSouvenir":0,"Frozen Eye":53,"SsserpentHead":3,"Replay:Bandana":25,"Mummified Hand":9,"Pantograph":17,"Gambling Chip":0,"Tiny Chest":21,"Cracked Core":0,"infinitespire:Chaos":11,"Gremlin Food":53,"BargainBundle":0,"ReplayTheSpireMod:Ninjato":44,"Replay:Towering Pillar of Hats":0,"infinitespire:CursedDice":54,"Quantum Egg":4,"infinitespire:EmptyRelic":11,"champ:ChampionCrownUpgraded":11,"Orichalcum":44,"White Beast Statue":28,"Peace Pipe":37,"CaptainsWheel":0,"Anchor":6,"infinitespire:WardingShard":44,"ChewingGum":17,"Ring of Fury":11,"Coffee Dripper":17,"Snack Pack":45,"PureWater":11,"TungstenRod":0},{"Replay:Accelerometer":282,"infinitespire:Cubic Diamond":1,"Sling":546,"Blood Vial":379,"infinitespire:ShieldingShard":36,"Replay:Bronze Core":161,"Fusion Hammer":48,"HandDrill":29,"Replay:Bottled Flurry":393,"Replay:Bottled Steam":258,"Blue Candle":128,"Eternal Feather":366,"Pen Nib":140,"ReplayTheSpireMod:SealedPack":151,"infinitespire:Magic Flask":96,"Akabeko":231,"Cables":290,"infinitespire:EvilPickle":57,"infinitespire:Lychee Nut":12,"infinitespire:Broken Mirror":270,"Bird Faced Urn":29,"Snecko Eye":222,"CultistMask":299,"StrikeDummy":57,"Unceasing Top":232,"Solar Panel":131,"Regal Pillow":9,"Carrot":160,"Singing Bowl":53,"Torii":68,"Smiling Mask":47,"Ancient Tea Set":120,"Pet Ghost":94,"infinitespire:Bottled Soul":155,"Toolbox":510,"Replay:Bottled Eggs":120,"Guardian:BottledAnomaly":154,"infinitespire:Eraser":225,"InkBottle":13,"Potion Belt":27,"Lee\u0027s Waffle":22,"Golden Idol":265,"Guardian:GemstoneGun":202,"PreservedInsect":297,"infinitespire:Lucky Rock":447,"Ring of Greed":521,"Replay:Arrowhead":128,"Nuclear Battery":106,"Ring of Misfortune":521,"Garlic":19,"Art of War":126,"Durian":238,"Slimebound:AbsorbEndCombat":546,"infinitespire:Midas Blood":387,"Ice Cream":12,"Divine Protection":184,"Calipers":32,"Gremlin Horn":323,"Nilry\u0027s Codex":546,"Runic Capacitor":70,"Sozu":23,"Centennial Puzzle":96,"infinitespire:SolderingIron":99,"Prayer Wheel":57,"Philosopher\u0027s Stone":87,"Iron Hammer":76,"hexamod:SpiritBrand":546,"Girya":99,"ReplayTheSpireMod:CursedCoin":202,"Replay:Grab Bag":48,"Ring of Chaos":519,"Du-Vu Doll":97,"OrangePellets":70,"Onion Ring":196,"infinitespire:EmpoweringShard":54,"Symbiotic Virus":30,"Mirror":97,"Pocketwatch":319,"Juzu Bracelet":90,"Replay:Mystery Machine":292,"Empty Cage":48,"Nunchaku":82,"Dream Catcher":187,"Emotion Chip":232,"Chameleon Ring":182,"TheAbacus":479,"Red Mask":51,"Replay:Bottled Snecko":43,"Replay:Antivirus Software":126,"Guide Book":197,"Replay:WaspNest":64,"infinitespire:FocusingShard":198,"Odd Mushroom":517,"Medical Kit":505,"Mercury Hourglass":78,"Calling Bell":57,"Strange Spoon":17,"DataDisk":28,"Pondfish Scales":132,"infinitespire:Satchel":57,"Bag of Marbles":105,"Membership Card":97,"FossilizedHelix":80,"ReplayTheSpireMod:ShopPack":126,"infinitespire:BottledMercury":69,"Golden Egg":250,"Ginger":70,"Whetstone":384,"Bottled Tornado":68,"Boot":132,"FrozenCore":48,"Old Coin":375,"Replay:Ringing Soul":33,"sneckomod:SuperSneckoSoul":546,"Sundial":166,"MealTicket":14,"infinitespire:Golems Mask":134,"Kunai":157,"Replay:Wax Seal":126,"Counterbalance":83,"ReplayTheSpireMod:Ring of Addiction":544,"Guardian:PocketSentry":34,"SlaversCollar":79,"Pandora\u0027s Box":0,"Abe\u0027s Treasure":344,"infinitespire:PuzzleCube":353,"Lantern":6,"Blue Doll":36,"StoneCalendar":202,"Bag of Preparation":55,"Replay:Multitool":224,"Cursed Key":222,"Replay:Rubber Ducky":151,"Matryoshka":36,"Shovel":70,"WingedGreaves":76,"Replay:Lucky Slots":295,"Inserter":306,"Thread and Needle":175,"infinitespire:Joker Card":15,"The Courier":209,"Geode":4,"Omamori":289,"infinitespire:CheckeredPen":224,"Frozen Egg 2":70,"MawBank":91,"Orrery":15,"Turnip":175,"Bottled Lightning":355,"ReplayTheSpireMod:Lightbulb":85,"Toy Ornithopter":121,"infinitespire:Freezer":64,"CeramicFish":247,"Vajra":4,"Lizard Tail":53,"Replay:Frozen Program":137,"HornCleat":150,"FaceOfCleric":332,"DollysMirror":76,"Strawberry":394,"Toxic Egg 2":99,"Replay:Blank Codex":546,"Happy Flower":62,"Dead Branch":142,"Oddly Smooth Stone":127,"infinitespire:Beetle Shell":20,"Letter Opener":86,"War Paint":173,"Question Card":225,"Replay:Baseball":27,"Bottled Flame":47,"ReplayTheSpireMod:Shallot":436,"Bronze Scales":45,"Molten Egg 2":16,"Simple Rune":302,"ReplayTheSpireMod:TigerMarble":30,"Black Star":116,"Grinning Jar":505,"Meat on the Bone":128,"ReplayFunnel":466,"Darkstone Periapt":524,"ReplayTheSpireMod:Ring of Exchange":544,"Snecko Heart":222,"Replay:PocketPolymizer":264,"SacredBark":10,"Mango":195,"Incense Burner":82,"ClockworkSouvenir":128,"Frozen Eye":97,"SsserpentHead":233,"Replay:Bandana":311,"Mummified Hand":76,"Pantograph":151,"Gambling Chip":202,"Tiny Chest":25,"Cracked Core":0,"infinitespire:Chaos":546,"Gremlin Food":97,"BargainBundle":543,"ReplayTheSpireMod:Ninjato":65,"Replay:Towering Pillar of Hats":232,"infinitespire:CursedDice":295,"Quantum Egg":2,"infinitespire:EmptyRelic":546,"champ:ChampionCrownUpgraded":546,"Orichalcum":322,"White Beast Statue":84,"Peace Pipe":346,"CaptainsWheel":70,"Anchor":103,"infinitespire:WardingShard":475,"ChewingGum":151,"Ring of Fury":546,"Coffee Dripper":48,"Snack Pack":475,"PureWater":546,"TungstenRod":99},{"Replay:Accelerometer":1246,"infinitespire:Cubic Diamond":2,"Sling":2433,"Blood Vial":1655,"infinitespire:ShieldingShard":158,"Replay:Bronze Core":684,"Fusion Hammer":218,"HandDrill":137,"Replay:Bottled Flurry":1723,"Replay:Bottled Steam":1092,"Blue Candle":550,"Eternal Feather":1596,"Pen Nib":600,"ReplayTheSpireMod:SealedPack":650,"infinitespire:Magic Flask":412,"Akabeko":976,"Cables":1280,"infinitespire:EvilPickle":276,"infinitespire:Lychee Nut":50,"infinitespire:Broken Mirror":1178,"Bird Faced Urn":137,"Snecko Eye":952,"CultistMask":1316,"StrikeDummy":276,"Unceasing Top":981,"Solar Panel":563,"Regal Pillow":32,"Carrot":680,"Singing Bowl":246,"Torii":332,"Smiling Mask":207,"Ancient Tea Set":516,"Pet Ghost":409,"infinitespire:Bottled Soul":662,"Toolbox":2251,"Replay:Bottled Eggs":516,"Guardian:BottledAnomaly":659,"infinitespire:Eraser":960,"InkBottle":56,"Potion Belt":124,"Lee\u0027s Waffle":97,"Golden Idol":1134,"Guardian:GemstoneGun":891,"PreservedInsect":1307,"infinitespire:Lucky Rock":1969,"Ring of Greed":2305,"Replay:Arrowhead":550,"Nuclear Battery":460,"Ring of Misfortune":2305,"Garlic":81,"Art of War":541,"Durian":1002,"Slimebound:AbsorbEndCombat":2433,"infinitespire:Midas Blood":1700,"Ice Cream":50,"Divine Protection":811,"Calipers":145,"Gremlin Horn":1422,"Nilry\u0027s Codex":2433,"Runic Capacitor":342,"Sozu":108,"Centennial Puzzle":412,"infinitespire:SolderingIron":421,"Prayer Wheel":276,"Philosopher\u0027s Stone":394,"Iron Hammer":364,"hexamod:SpiritBrand":2433,"Girya":421,"ReplayTheSpireMod:CursedCoin":891,"Replay:Grab Bag":218,"Ring of Chaos":2296,"Du-Vu Doll":416,"OrangePellets":342,"Onion Ring":866,"infinitespire:EmpoweringShard":252,"Symbiotic Virus":139,"Mirror":416,"Pocketwatch":1408,"Juzu Bracelet":401,"Replay:Mystery Machine":1289,"Empty Cage":218,"Nunchaku":379,"Dream Catcher":822,"Emotion Chip":981,"Chameleon Ring":800,"TheAbacus":2119,"Red Mask":235,"Replay:Bottled Snecko":187,"Replay:Antivirus Software":541,"Guide Book":869,"Replay:WaspNest":312,"infinitespire:FocusingShard":874,"Odd Mushroom":2280,"Medical Kit":2224,"Mercury Hourglass":369,"Calling Bell":276,"Strange Spoon":76,"DataDisk":136,"Pondfish Scales":568,"infinitespire:Satchel":276,"Bag of Marbles":449,"Membership Card":416,"FossilizedHelix":375,"ReplayTheSpireMod:ShopPack":541,"infinitespire:BottledMercury":336,"Golden Egg":1051,"Ginger":342,"Whetstone":1682,"Bottled Tornado":332,"Boot":568,"FrozenCore":218,"Old Coin":1639,"Replay:Ringing Soul":147,"sneckomod:SuperSneckoSoul":2433,"Sundial":709,"MealTicket":63,"infinitespire:Golems Mask":577,"Kunai":670,"Replay:Wax Seal":541,"Counterbalance":384,"ReplayTheSpireMod:Ring of Addiction":2423,"Guardian:PocketSentry":152,"SlaversCollar":373,"Pandora\u0027s Box":0,"Abe\u0027s Treasure":1503,"infinitespire:PuzzleCube":1529,"Lantern":23,"Blue Doll":158,"StoneCalendar":891,"Bag of Preparation":256,"Replay:Multitool":958,"Cursed Key":952,"Replay:Rubber Ducky":650,"Matryoshka":158,"Shovel":342,"WingedGreaves":364,"Replay:Lucky Slots":1299,"Inserter":1354,"Thread and Needle":771,"infinitespire:Joker Card":70,"The Courier":909,"Geode":14,"Omamori":1278,"infinitespire:CheckeredPen":958,"Frozen Egg 2":342,"MawBank":403,"Orrery":70,"Turnip":771,"Bottled Lightning":1539,"ReplayTheSpireMod:Lightbulb":388,"Toy Ornithopter":520,"infinitespire:Freezer":312,"CeramicFish":1040,"Vajra":14,"Lizard Tail":246,"Replay:Frozen Program":591,"HornCleat":642,"FaceOfCleric":1453,"DollysMirror":364,"Strawberry":1725,"Toxic Egg 2":421,"Replay:Blank Codex":2433,"Happy Flower":299,"Dead Branch":608,"Oddly Smooth Stone":544,"infinitespire:Beetle Shell":87,"Letter Opener":390,"War Paint":756,"Question Card":960,"Replay:Baseball":124,"Bottled Flame":207,"ReplayTheSpireMod:Shallot":1925,"Bronze Scales":197,"Molten Egg 2":73,"Simple Rune":1325,"ReplayTheSpireMod:TigerMarble":139,"Black Star":499,"Grinning Jar":2224,"Meat on the Bone":550,"ReplayFunnel":2066,"Darkstone Periapt":2324,"ReplayTheSpireMod:Ring of Exchange":2423,"Snecko Heart":952,"Replay:PocketPolymizer":1125,"SacredBark":41,"Mango":862,"Incense Burner":379,"ClockworkSouvenir":550,"Frozen Eye":416,"SsserpentHead":984,"Replay:Bandana":1383,"Mummified Hand":364,"Pantograph":650,"Gambling Chip":891,"Tiny Chest":114,"Cracked Core":0,"infinitespire:Chaos":2433,"Gremlin Food":416,"BargainBundle":2421,"ReplayTheSpireMod:Ninjato":317,"Replay:Towering Pillar of Hats":981,"infinitespire:CursedDice":1299,"Quantum Egg":4,"infinitespire:EmptyRelic":2433,"champ:ChampionCrownUpgraded":2433,"Orichalcum":1418,"White Beast Statue":386,"Peace Pipe":1509,"CaptainsWheel":342,"Anchor":438,"infinitespire:WardingShard":2099,"ChewingGum":650,"Ring of Fury":2433,"Coffee Dripper":218,"Snack Pack":2099,"PureWater":2433,"TungstenRod":421}],"Cables":[22,10,7,0,5],"Meat on the Bone":24},"card_choices":[{"not_picked":["Compile Driver","Chaos","Doom and Gloom"],"picked":"SKIP","floor":1.0},{"not_picked":["Leap","Doom and Gloom"],"picked":"Blizzard","floor":7.0},{"not_picked":["Conserve Battery","ReplaySolidLightProjector"],"picked":"Coolheaded","floor":10.0},{"not_picked":["Conserve Battery","Time Bomb"],"picked":"ReplayTheSpireMod:Omega Cannon","floor":13},{"not_picked":["Fission","Seek"],"picked":"Buffer","floor":16},{"not_picked":["Heatsinks","Reinforced Body"],"picked":"Defragment","floor":18},{"not_picked":["ReplaySolidLightProjector","Panic Button","BasicCrystalCard"],"picked":"Singing Bowl","floor":20},{"not_picked":["Force Field","Stack","ReplayGash+1"],"picked":"Singing Bowl","floor":21},{"not_picked":["FIFO Queue","Beam Cell"],"picked":"Creative AI","floor":22},{"not_picked":["Force Field","Panic Button","Cold Snap"],"picked":"Singing Bowl","floor":23},{"not_picked":["Core Surge","Redo"],"picked":"Hologram","floor":25},{"not_picked":["Panic Button","ReplayTheSpireMod:Reroute Power","Sweeping Beam"],"picked":"Singing Bowl","floor":27},{"not_picked":["Cold Snap","ReplaySort+1","Static Discharge+1"],"picked":"Singing Bowl","floor":27},{"not_picked":["Streamline","Cold Snap+1"],"picked":"Core Surge","floor":28},{"not_picked":["ReplayTheSpireMod:Calculation Training","Beam Cell"],"picked":"Ball Lightning","floor":30},{"not_picked":["Darkness","Melter"],"picked":"Barrage+1","floor":30},{"not_picked":["ReplaySolidLightProjector","Compile Driver","Stack"],"picked":"Singing Bowl","floor":30}],"player_experience":1019919,"relics_obtained":[{"floor":3.0,"key":"Replay:Ringing Soul"},{"floor":5.0,"key":"ReplayTheSpireMod:Ring of Addiction"},{"floor":5.0,"key":"ReplayTheSpireMod:Ring of Exchange"},{"floor":5.0,"key":"Toy Ornithopter"},{"floor":5.0,"key":"Chameleon Ring"},{"floor":7.0,"key":"Boot"},{"floor":10.0,"key":"Sundial"},{"floor":13,"key":"Replay:Bottled Steam"},{"floor":15,"key":"Cables"},{"floor":23,"key":"Meat on the Bone"},{"floor":23,"key":"Replay:Accelerometer"},{"floor":25,"key":"Replay:Multitool"},{"floor":25,"key":"ReplayTheSpireMod:Lightbulb"},{"floor":26,"key":"White Beast Statue"},{"floor":28,"key":"Pet Ghost"}],"event_choices":[{"damage_healed":0.0,"max_hp_gain":0.0,"max_hp_loss":7.0,"gold_gain":0.0,"event_name":"Golden Idol","player_choice":"Lose Max HP","floor":2.0,"gold_loss":0.0,"damage_taken":0.0,"relics_obtained":["Golden Idol"]},{"damage_healed":0.0,"max_hp_gain":0.0,"max_hp_loss":0.0,"gold_gain":150.0,"event_name":"Liars Game","player_choice":"AGREE","floor":4.0,"gold_loss":0.0,"damage_taken":0.0,"cards_obtained":["Doubt"]},{"damage_healed":0,"gold_gain":0,"player_choice":"Got Potions","damage_taken":0,"max_hp_gain":0,"max_hp_loss":0,"event_name":"Lab","floor":19,"gold_loss":0},{"damage_healed":0,"gold_gain":0,"player_choice":"0 cards matched","damage_taken":0,"max_hp_gain":0,"max_hp_loss":0,"event_name":"Match and Keep!","floor":29,"gold_loss":0,"cards_obtained":[]}],"is_beta":false,"boss_relics":[{"not_picked":["Astrolabe","SacredBark"],"picked":"Black Star"}],"items_purged_floors":[0],"is_endless":false,"potions_floor_spawned":[13,16,18,21,22,27,28,30],"killed_by":"Gremlin Leader","ascension_level":20}}