{"host":"q0qnzbgdx8oqogg9","time":1608110331,"event":{"mods":["BaseMod","Minty Spire (QoL Compilation)","Slay-I","StSLib"],"gold_per_floor":[164,184,203,222,172,201,201,218,272,283,16,56,131,185,185,185,185],"floor_reached":16,"playtime":525,"items_purged":["Strike_G"],"score":143,"play_id":"5fc6ef7e-3001-4099-abcd-556e87a578f4","local_time":"20201216041851","is_ascension_mode":true,"campfire_choices":[{"data":"Neutralize","floor":7,"key":"SMITH"},{"floor":15,"key":"REST"}],"circlet_count":0,"master_deck":["Strike_G","Strike_G","Strike_G","Defend_G","Defend_G+1","Defend_G","Defend_G","Defend_G","Survivor","Neutralize+1","Predator","Quick Slash","Endless Agony","Well Laid Plans","Skewer","All Out Attack","Cloak And Dagger","Leg Sweep","HandOfGreed","PiercingWail"],"relics":["Tiny House","Boot","Vajra"],"acts_visited":["Exordium"],"potions_floor_usage":[6,16],"damage_taken":[{"damage":0,"enemies":"Jaw Worm","floor":1,"turns":5},{"damage":0,"enemies":"Small Slimes","floor":2,"turns":3},{"damage":0,"enemies":"2 Louse","floor":3,"turns":3},{"damage":3,"enemies":"2 Fungi Beasts","floor":4,"turns":4},{"damage":28,"enemies":"Gremlin Nob","floor":6,"turns":5},{"damage":4,"enemies":"Exordium Thugs","floor":8,"turns":4},{"damage":3,"enemies":"3 Louse","floor":10,"turns":2},{"damage":5,"enemies":"Blue Slaver","floor":12,"turns":2},{"damage":3,"enemies":"2 Fungi Beasts","floor":14,"turns":5},{"damage":36,"enemies":"Hexaghost","floor":16,"turns":15}],"seed_played":"-5506743057296962108","potions_obtained":[{"floor":0,"key":"SmokeBomb"},{"floor":1,"key":"SmokeBomb"},{"floor":3,"key":"PowerPotion"},{"floor":10,"key":"Energy Potion"}],"is_trial":false,"path_per_floor":["M","M","M","M","?","E","R","M","T","M","$","M","?","M","R","B"],"character_chosen":"THE_SILENT","items_purchased":["HandOfGreed"],"campfire_rested":1,"item_purchase_floors":[11],"current_hp_per_floor":[68,68,68,65,65,37,37,33,33,30,30,25,14,11,33,0,0],"gold":185,"neow_bonus":"BOSS_RELIC","is_daily":false,"chose_seed":false,"campfire_upgraded":1,"win_rate":0.0,"timestamp":1608110331,"path_taken":["M","M","M","M","?","E","R","M","T","M","$","M","?","M","R","BOSS"],"items_purchased_type":["Card"],"build_version":"2020-12-13","purchased_purges":1,"victory":false,"max_hp_per_floor":[75,75,75,75,75,75,75,75,75,75,75,75,75,75,75,75,75],"card_choices":[{"not_picked":["Dagger Throw","Blur"],"picked":"Predator","floor":0},{"not_picked":["Choke","Bane"],"picked":"Quick Slash","floor":1},{"not_picked":["Quick Slash","Flechettes"],"picked":"Endless Agony","floor":2},{"not_picked":["Deflect","Prepared"],"picked":"Well Laid Plans","floor":3},{"not_picked":["Blade Dance","Sucker Punch"],"picked":"Skewer","floor":4},{"not_picked":["Slice","Underhanded Strike"],"picked":"All Out Attack","floor":6},{"not_picked":["Flechettes","Prepared"],"picked":"Cloak And Dagger","floor":8},{"not_picked":["Prepared","Reflex"],"picked":"Leg Sweep","floor":10},{"not_picked":["Unload","Acrobatics","Endless Agony"],"picked":"SKIP","floor":12},{"not_picked":["Caltrops","Deflect"],"picked":"PiercingWail","floor":14}],"player_experience":182078,"relics_obtained":[{"floor":6,"key":"Boot"},{"floor":9,"key":"Vajra"}],"event_choices":[{"cards_removed":["Strike_G"],"damage_healed":0,"gold_gain":0,"player_choice":"Card Removal","damage_taken":0,"max_hp_gain":0,"max_hp_loss":0,"event_name":"The Cleric","floor":5,"gold_loss":50},{"damage_healed":0,"gold_gain":75,"player_choice":"Gather Gold","damage_taken":11,"max_hp_gain":0,"max_hp_loss":0,"event_name":"World of Goop","floor":13,"gold_loss":0}],"is_beta":false,"boss_relics":[],"items_purged_floors":[11],"is_endless":false,"potions_floor_spawned":[1,3,10],"killed_by":"Hexaghost","ascension_level":7}}