{"host":"kdxx03a4p3nl7qnm","time":1608079984,"event":{"mods":["AchievementEnabler","Act Like it!","BaseMod","Better Altar","Better Third Choice","Better Vampires","Conspire","Defuse TimeMaze Blight","Downfall","Elementarium","Hallownest","Infinite Spire","Luminous","Mimic Mod","Minty Spire (QoL Compilation)","Quick Restart","StSLib","The Alterego","The Jungle","The Kombatant","TheBandit","TheSwordswoman","TheVacant","Waifu the Spire"],"gold_per_floor":[113,113,127,127,127,127,140,169,169,188,188,188,188,262,262,359,359,371,78,178,188,103,103,135,135,161,161,177,177,177],"floor_reached":29,"playtime":1229,"items_purged":["Bash"],"score":289,"play_id":"5de50421-e512-48e0-bd64-002e4f6557d0","local_time":"20201215185304","is_ascension_mode":false,"campfire_choices":[{"data":"infinitespire:Gouge","floor":6,"key":"SMITH"},{"data":"Madness","floor":11,"key":"SMITH"},{"floor":13,"key":"REST"},{"floor":15,"key":"REST"},{"data":"Berserk","floor":23,"key":"SMITH"},{"data":"Panache","floor":25,"key":"SMITH"}],"circlet_count":0,"master_deck":["Strike_R","Strike_R","Strike_R","Strike_R","Strike_R","Madness+1","Hallownest:skillSlugHide","Hallownest:skillSlugHide","Hallownest:skillSlugHide","Hallownest:skillSlugHide","Hallownest:skillSlugHide","Perfected Strike","infinitespire:Gouge+1","Pommel Strike","Flex","conspire:Charge","Berserk+1","Panache+1","Metallicize","Armaments+1"],"relics":["Burning Blood","Hallownest:DreamNailRelic","Du-Vu Doll","Magic Flower","Pantograph","infinitespire:Burning Sword","Gambling Chip","TungstenRod","Smiling Mask"],"acts_visited":["Hallownest:Greenpath","TheCity"],"potions_floor_usage":[29,29,29],"damage_taken":[{"damage":0,"enemies":"Hallownest:2_MossCreeps","floor":1,"turns":7},{"damage":10,"enemies":"Hallownest:monsterHuskGuard","floor":3,"turns":5},{"damage":6,"enemies":"2_ Uuma","floor":7,"turns":4},{"damage":0,"enemies":"Hallownest:eliteMossKnight","floor":8,"turns":5},{"damage":20,"enemies":"Hallownest:1_Ooma_and_2_Uuma","floor":10,"turns":6},{"damage":37,"enemies":"Hallownest:BossHornet","floor":16,"turns":9},{"damage":13,"enemies":"2 Thieves","floor":18,"turns":3},{"damage":4,"enemies":"Chosen","floor":21,"turns":3},{"damage":24,"enemies":"Gremlin Leader","floor":24,"turns":6},{"damage":5,"enemies":"conspire:HollyBat","floor":28,"turns":6},{"damage":73,"enemies":"conspire:SneckoGhost","floor":29,"turns":9}],"seed_played":"8412093634111957613","potions_obtained":[{"floor":7,"key":"EssenceOfSteel"},{"floor":10,"key":"SpeedPotion"},{"floor":21,"key":"champ:CounterPotion"},{"floor":24,"key":"SneckoOil"}],"is_trial":false,"path_per_floor":["M","?","M","?","?","R","M","E","T","M","R","?","R","T","R","B",null,"M","$","?","M","?","R","E","R","T","?","M","E"],"character_chosen":"IRONCLAD","items_purchased":["Panache","Metallicize"],"campfire_rested":2,"item_purchase_floors":[19,19],"current_hp_per_floor":[80,80,76,56,56,56,56,62,62,51,51,2,26,26,50,52,80,76,76,76,80,80,80,65,65,65,65,69,0,0],"gold":177,"neow_bonus":"RANDOM_COLORLESS","is_daily":false,"chose_seed":false,"campfire_upgraded":4,"win_rate":0.0,"timestamp":1608079984,"path_taken":["M","?","M","?","?","R","?","E","T","M","R","?","R","?","R","BOSS","M","$","?","?","?","R","E","R","T","?","M","E"],"items_purchased_type":["Card","Card"],"build_version":"2020-12-13","purchased_purges":1,"victory":false,"max_hp_per_floor":[80,80,80,80,80,80,80,80,80,80,80,80,80,80,80,80,80,80,80,80,80,80,80,80,80,80,80,80,80,80],"card_choices":[{"not_picked":["expansioncontent:FaceSlap","Deep Breath"],"picked":"Madness","floor":0},{"not_picked":["Cleave","Power Through","Blood for Blood"],"picked":"SKIP","floor":1},{"not_picked":["Pommel Strike","True Grit"],"picked":"Perfected Strike","floor":3},{"not_picked":["infinitespire:Punishment","infinitespire:Menacing"],"picked":"infinitespire:Gouge","floor":4},{"not_picked":["Clash","Thunderclap"],"picked":"Pommel Strike","floor":7},{"not_picked":["Clash","Corruption"],"picked":"Flex","floor":8},{"not_picked":["Spot Weakness","Pommel Strike"],"picked":"conspire:Charge","floor":10},{"not_picked":["conspire:Purge","Exhume"],"picked":"Berserk","floor":16},{"not_picked":["Wild Strike+1","Dual Wield","Clash"],"picked":"SKIP","floor":18},{"not_picked":["Shrug It Off","Dropkick","Iron Wave+1"],"picked":"SKIP","floor":21},{"not_picked":["Rupture+1","Rage","Offering"],"picked":"SKIP","floor":24},{"not_picked":["Sentinel","True Grit"],"picked":"Armaments+1","floor":28}],"player_experience":66580,"relics_obtained":[{"floor":8,"key":"Du-Vu Doll"},{"floor":9,"key":"Magic Flower"},{"floor":14,"key":"Pantograph"},{"floor":24,"key":"TungstenRod"},{"floor":26,"key":"Smiling Mask"}],"event_choices":[{"damage_healed":0,"gold_gain":100,"player_choice":"Pray","damage_taken":0,"max_hp_gain":0,"max_hp_loss":0,"event_name":"Golden Shrine","floor":20,"gold_loss":0},{"damage_healed":0,"gold_gain":0,"player_choice":"Obtained Relic","damage_taken":0,"relics_obtained":["Gambling Chip"],"max_hp_gain":0,"max_hp_loss":0,"event_name":"Addict","floor":22,"gold_loss":85},{"damage_healed":0,"gold_gain":0,"player_choice":"Leave","damage_taken":0,"max_hp_gain":0,"max_hp_loss":0,"event_name":"conspire:Investor","floor":27,"gold_loss":0}],"is_beta":false,"boss_relics":[{"not_picked":["Philosopher\u0027s Stone","conspire:SlowCooker"],"picked":"infinitespire:Burning Sword"}],"items_purged_floors":[19],"is_endless":false,"potions_floor_spawned":[7,10,21,24],"killed_by":"conspire:SneckoGhost","ascension_level":0}}