{"host":"5mo0809oo9tcrmpl","time":1608083105,"event":{"mods":["BaseMod","Highlight Path","Minty Spire (QoL Compilation)","Relic Stats","Slay the Relics Exporter"],"gold_per_floor":[369,85,105,105,4,32,47,47,47,82,82,82,101,141,141,234,234,258,258,308,228,228],"floor_reached":21,"playtime":825,"items_purged":[],"score":390,"play_id":"3955b955-46b1-42f2-a346-8c5f022220ad","local_time":"20201215194505","is_ascension_mode":true,"campfire_choices":[{"data":"Body Slam","floor":8,"key":"SMITH"},{"data":"Shockwave","floor":11,"key":"SMITH"},{"floor":15,"key":"REST"}],"circlet_count":0,"master_deck":["AscendersBane","Strike_R","Strike_R","Strike_R","Strike_R","Strike_R","Defend_R","Defend_R","Defend_R","Defend_R","Bash+1","Clothesline","Shockwave+1","Armaments","Body Slam+1","Dropkick","Dual Wield","Injury","Cleave","Barricade","True Grit"],"relics":["Burning Blood","Akabeko","WingedGreaves","MealTicket","Charon\u0027s Ashes","Paper Frog","Golden Idol","Dream Catcher","Busted Crown"],"acts_visited":["Exordium","TheCity"],"potions_floor_usage":[6,14,14,16],"damage_taken":[{"damage":2,"enemies":"2 Louse","floor":1,"turns":4},{"damage":3,"enemies":"Small Slimes","floor":3,"turns":3},{"damage":24,"enemies":"Gremlin Nob","floor":6,"turns":4},{"damage":4,"enemies":"Cultist","floor":7,"turns":3},{"damage":22,"enemies":"3 Sentries","floor":10,"turns":7},{"damage":3,"enemies":"Looter","floor":13,"turns":3},{"damage":17,"enemies":"Gremlin Nob","floor":14,"turns":4},{"damage":42,"enemies":"The Guardian","floor":16,"turns":11},{"damage":25,"enemies":"Shell Parasite","floor":18,"turns":8},{"damage":39,"enemies":"2 Thieves","floor":21,"turns":2}],"seed_played":"-4058809708212983966","potions_obtained":[{"floor":3,"key":"EssenceOfSteel"},{"floor":6,"key":"Block Potion"},{"floor":7,"key":"AttackPotion"},{"floor":14,"key":"DistilledChaos"},{"floor":18,"key":"ElixirPotion"}],"is_trial":false,"path_per_floor":["M","$","M","?","?","E","M","R","T","E","R","?","M","E","R","B",null,"M","?","?","M"],"character_chosen":"IRONCLAD","items_purchased":["Akabeko","DuplicationPotion","Shockwave"],"campfire_rested":1,"item_purchase_floors":[2,2,2],"current_hp_per_floor":[68,68,68,68,68,50,52,52,52,36,36,36,39,28,48,12,54,35,35,35,0,0],"gold":228,"neow_bonus":"TWO_FIFTY_GOLD","is_daily":false,"chose_seed":false,"campfire_upgraded":2,"win_rate":0.0,"timestamp":1608083105,"path_taken":["M","$","M","?","?","E","?","R","T","E","R","?","M","E","R","BOSS","M","?","?","?"],"items_purchased_type":["Relic","Potion","Card"],"build_version":"2020-12-13","purchased_purges":0,"victory":false,"max_hp_per_floor":[68,68,68,68,68,68,68,68,68,68,68,68,68,68,68,68,68,68,68,68,68,68],"relic_stats":{"Dream Catcher":1,"Busted Crown":2,"counters":[10,49],"Golden Idol":36,"MealTicket":0,"Charon\u0027s Ashes":[60],"obtain_stats":[{"Dream Catcher":14,"Busted Crown":17,"Golden Idol":12,"MealTicket":6,"WingedGreaves":5,"Charon\u0027s Ashes":9,"Burning Blood":0,"Akabeko":2,"Paper Frog":10},{"Dream Catcher":7,"Busted Crown":8,"Golden Idol":5,"MealTicket":3,"WingedGreaves":2,"Charon\u0027s Ashes":4,"Burning Blood":0,"Akabeko":1,"Paper Frog":5},{"Dream Catcher":28,"Busted Crown":39,"Golden Idol":21,"MealTicket":11,"WingedGreaves":7,"Charon\u0027s Ashes":14,"Burning Blood":0,"Akabeko":4,"Paper Frog":21}],"Burning Blood":47},"card_choices":[{"not_picked":["Warcry","Armaments"],"picked":"Clothesline","floor":1},{"not_picked":["Havoc","Body Slam"],"picked":"Armaments","floor":3},{"not_picked":["Rage","Sword Boomerang"],"picked":"Body Slam","floor":6},{"not_picked":["Wild Strike","Clash"],"picked":"Dropkick","floor":7},{"not_picked":["Wild Strike","Feel No Pain"],"picked":"Dual Wield","floor":10},{"not_picked":["Feel No Pain","Sword Boomerang","Exhume"],"picked":"SKIP","floor":13},{"not_picked":["Headbutt","Wild Strike","Sentinel"],"picked":"SKIP","floor":14},{"not_picked":["Flex","Immolate"],"picked":"Cleave","floor":15},{"not_picked":["Brutality","Offering"],"picked":"Barricade","floor":16},{"not_picked":[],"picked":"True Grit","floor":18}],"player_experience":1269948,"relics_obtained":[{"floor":6,"key":"MealTicket"},{"floor":9,"key":"Charon\u0027s Ashes"},{"floor":10,"key":"Paper Frog"},{"floor":14,"key":"Dream Catcher"}],"event_choices":[{"damage_healed":0,"gold_gain":0,"player_choice":"Grow","damage_taken":0,"max_hp_gain":0,"max_hp_loss":0,"event_name":"Living Wall","floor":4,"gold_loss":0,"cards_upgraded":["Bash"]},{"damage_healed":0,"gold_gain":0,"player_choice":"Paid Gold","damage_taken":0,"relics_obtained":["WingedGreaves"],"max_hp_gain":0,"max_hp_loss":0,"event_name":"WeMeetAgain","floor":5,"gold_loss":101},{"damage_healed":0,"gold_gain":0,"player_choice":"Take Wound","damage_taken":0,"relics_obtained":["Golden Idol"],"max_hp_gain":0,"max_hp_loss":0,"event_name":"Golden Idol","floor":12,"gold_loss":0,"cards_obtained":["Injury"]},{"damage_healed":0,"gold_gain":0,"player_choice":"Ignored","damage_taken":0,"max_hp_gain":0,"max_hp_loss":0,"event_name":"Cursed Tome","floor":19,"gold_loss":0},{"damage_healed":0,"gold_gain":100,"player_choice":"Bet on Murderer","damage_taken":0,"max_hp_gain":0,"max_hp_loss":0,"event_name":"The Joust","floor":20,"gold_loss":50}],"is_beta":false,"boss_relics":[{"not_picked":["Coffee Dripper","Empty Cage"],"picked":"Busted Crown"}],"items_purged_floors":[],"is_endless":false,"potions_floor_spawned":[3,6,7,14,18],"killed_by":"2 Thieves","ascension_level":20}}