{"host":"l1ihaotq1cxp1b6b","time":1608114233,"event":{"mods":["AchievementEnabler","BaseMod","Colored Map","Custom Start","DeckTracker","Minty Spire (QoL Compilation)","StSLib","SuperFastMode","everything is the same but u backflip on backflip"],"gold_per_floor":[115,3,3,3,3,39,39,55,55,69,69,93,134,158,158,158,158],"floor_reached":16,"playtime":329,"items_purged":[],"score":110,"play_id":"8a9d83ec-2cc5-4f21-8f64-b7aede0ca00c","local_time":"20201216192353","is_ascension_mode":false,"campfire_choices":[{"floor":7,"key":"REST"},{"floor":15,"key":"REST"}],"circlet_count":0,"master_deck":["Strike_P","Strike_P","Strike_P","Strike_P","Defend_P","Defend_P","Defend_P","Eruption","Vigilance","Adaptation","MentalFortress","Swivel","EmptyFist","Evaluate","Worship","FearNoEvil","FollowUp+1"],"relics":["PureWater","Regal Pillow","Golden Idol","Pen Nib","MealTicket","Molten Egg 2"],"acts_visited":["Exordium"],"potions_floor_usage":[6,13,13,13,16],"damage_taken":[{"damage":0,"enemies":"2 Louse","floor":1,"turns":3},{"damage":51,"enemies":"Lagavulin","floor":6,"turns":7},{"damage":7,"enemies":"Small Slimes","floor":8,"turns":4},{"damage":7,"enemies":"Jaw Worm","floor":10,"turns":3},{"damage":12,"enemies":"Large Slime","floor":12,"turns":8},{"damage":19,"enemies":"3 Sentries","floor":13,"turns":10},{"damage":23,"enemies":"Lots of Slimes","floor":14,"turns":6},{"damage":43,"enemies":"The Guardian","floor":16,"turns":8}],"seed_played":"-7160993962174757593","potions_obtained":[{"floor":1,"key":"Block Potion"},{"floor":6,"key":"Block Potion"},{"floor":8,"key":"BottledMiracle"},{"floor":10,"key":"BlessingOfTheForge"},{"floor":14,"key":"Fire Potion"}],"is_trial":false,"path_per_floor":["M","$","?","?","?","E","R","M","T","M","$","M","E","M","R","B"],"character_chosen":"WATCHER","items_purchased":["MentalFortress","Swivel"],"campfire_rested":2,"item_purchase_floors":[2,2],"current_hp_per_floor":[72,72,69,74,71,20,56,49,49,42,57,45,26,3,39,0,0],"gold":158,"neow_bonus":"REMOVE_CARD","is_daily":false,"chose_seed":false,"campfire_upgraded":0,"win_rate":0.0,"timestamp":1608114233,"path_taken":["M","$","?","?","?","E","R","M","T","?","$","M","E","M","R","BOSS"],"items_purchased_type":["Card","Card"],"build_version":"2020-12-13","purchased_purges":0,"victory":false,"max_hp_per_floor":[72,72,72,77,71,71,71,71,71,71,71,71,71,71,71,71,71],"card_choices":[{"not_picked":["ThirdEye","Halt"],"picked":"Adaptation","floor":1},{"not_picked":["Crescendo","Protect"],"picked":"EmptyFist","floor":6},{"not_picked":["Wireheading","FlyingSleeves"],"picked":"Evaluate","floor":8},{"not_picked":["TalkToTheHand","Weave"],"picked":"Worship","floor":10},{"not_picked":["MentalFortress","DeceiveReality"],"picked":"FearNoEvil","floor":12},{"not_picked":["Pray","CrushJoints+1","ThirdEye"],"picked":"SKIP","floor":13},{"not_picked":["Blasphemy","BattleHymn"],"picked":"FollowUp+1","floor":14}],"player_experience":528726,"relics_obtained":[{"floor":6,"key":"Pen Nib"},{"floor":9,"key":"MealTicket"},{"floor":13,"key":"Molten Egg 2"}],"event_choices":[{"damage_healed":0,"gold_gain":0,"player_choice":"Success","damage_taken":3,"relics_obtained":["Regal Pillow"],"max_hp_gain":0,"max_hp_loss":0,"event_name":"Scrap Ooze","floor":3,"gold_loss":0},{"damage_healed":0,"gold_gain":0,"player_choice":"Donut","damage_taken":0,"max_hp_gain":5,"max_hp_loss":0,"event_name":"Big Fish","floor":4,"gold_loss":0},{"damage_healed":0,"gold_gain":0,"player_choice":"Lose Max HP","damage_taken":0,"relics_obtained":["Golden Idol"],"max_hp_gain":0,"max_hp_loss":6,"event_name":"Golden Idol","floor":5,"gold_loss":0}],"is_beta":false,"boss_relics":[],"items_purged_floors":[],"is_endless":false,"potions_floor_spawned":[1,6,8,10,14],"killed_by":"The Guardian","ascension_level":0}}