{"host":"ko0mgl3op33mqgxv","time":1608089658,"event":{"mods":["BaseMod","Filter the Spire","Minty Spire (QoL Compilation)"],"gold_per_floor":[109,109,109,126,126,165,185,185,185,211,211,254,329,338,338,478,478,506,143,143,137,49,49,97,113,113,113,113,143,143,165,165,299,299,328,391,424,5,83,83,92,425,425,469,469,503,503,532,532,532],"floor_reached":51,"playtime":3676,"items_purged":[],"score":939,"play_id":"1d09ace8-f473-44c6-b7d2-770baef9389a","local_time":"20201215193418","is_ascension_mode":true,"campfire_choices":[{"floor":8,"key":"REST"},{"data":"Sweeping Beam","floor":11,"key":"SMITH"},{"data":"Ball Lightning","floor":15,"key":"SMITH"},{"data":"Barrage","floor":23,"key":"SMITH"},{"floor":28,"key":"REST"},{"floor":32,"key":"REST"},{"floor":40,"key":"REST"},{"data":"Glacier","floor":45,"key":"SMITH"},{"floor":47,"key":"REST"},{"floor":49,"key":"REST"}],"circlet_count":0,"master_deck":["Strike_B+1","Strike_B+1","Strike_B+1","Strike_B+1","Defend_B+1","Defend_B+1","Defend_B+1","Defend_B+1","Zap+1","Auto Shields","Sweeping Beam+1","Sweeping Beam","Cold Snap","Ball Lightning+1","Leap","Biased Cognition+1","Sweeping Beam+1","Glacier","Genetic Algorithm+1","Defragment+1","Barrage+1","Cold Snap+1","Conserve Battery+1","Glacier+1","Thunder Strike","Hologram+1","Hologram+1","Loop+1","Conserve Battery+1","Trip","Defragment+1","Consume+1"],"relics":["Inserter","Frozen Egg 2","CeramicFish","Happy Flower","Golden Idol","Empty Cage","Emotion Chip","Turnip","Gremlin Horn","Philosopher\u0027s Stone","TungstenRod","Cables","Strawberry","Gambling Chip","Old Coin","Pantograph","Lantern"],"acts_visited":["Exordium","TheCity","TheBeyond"],"potions_floor_usage":[12,16,24,24,24,24,25,33,37,39,50],"damage_taken":[{"damage":9,"enemies":"2 Louse","floor":1,"turns":3},{"damage":8,"enemies":"Jaw Worm","floor":4,"turns":4},{"damage":16,"enemies":"3 Sentries","floor":6,"turns":8},{"damage":0,"enemies":"Small Slimes","floor":7,"turns":2},{"damage":2,"enemies":"Looter","floor":10,"turns":4},{"damage":6,"enemies":"Gremlin Nob","floor":12,"turns":3},{"damage":20,"enemies":"Slime Boss","floor":16,"turns":11},{"damage":12,"enemies":"Shell Parasite","floor":18,"turns":7},{"damage":1,"enemies":"2 Thieves","floor":21,"turns":4},{"damage":28,"enemies":"Slavers","floor":24,"turns":9},{"damage":14,"enemies":"Centurion and Healer","floor":25,"turns":7},{"damage":5,"enemies":"Snake Plant","floor":29,"turns":6},{"damage":0,"enemies":"Snecko","floor":31,"turns":4},{"damage":0,"enemies":"Automaton","floor":33,"turns":13},{"damage":4,"enemies":"Orb Walker","floor":35,"turns":5},{"damage":23,"enemies":"Mind Bloom Boss Battle","floor":36,"turns":8},{"damage":4,"enemies":"3 Darklings","floor":37,"turns":3},{"damage":27,"enemies":"2 Orb Walkers","floor":39,"turns":4},{"damage":7,"enemies":"Giant Head","floor":42,"turns":8},{"damage":10,"enemies":"Reptomancer","floor":44,"turns":6},{"damage":17,"enemies":"Transient","floor":46,"turns":5},{"damage":0,"enemies":"Sphere and 2 Shapes","floor":48,"turns":7},{"damage":17,"enemies":"Awakened One","floor":50,"turns":13}],"seed_played":"4791276992791718586","potions_obtained":[{"floor":1,"key":"PotionOfCapacity"},{"floor":6,"key":"SteroidPotion"},{"floor":10,"key":"EssenceOfSteel"},{"floor":12,"key":"EntropicBrew"},{"floor":21,"key":"SkillPotion"},{"floor":31,"key":"FearPotion"},{"floor":33,"key":"FearPotion"},{"floor":35,"key":"FairyPotion"},{"floor":36,"key":"Energy Potion"},{"floor":44,"key":"SteroidPotion"},{"floor":46,"key":"Energy Potion"}],"is_trial":false,"path_per_floor":["M","?","?","M","?","E","M","R","T","M","R","E","?","?","R","B",null,"M","$","?","M","$","R","E","M","T","?","R","M","?","M","R","B",null,"M","?","M","$","?","R","?","E","T","E","R","M","R","M","R","B",null],"character_chosen":"DEFECT","items_purchased":["Emotion Chip","Glacier","Defragment+1","Barrage","Loop+1","Cables","Strawberry"],"campfire_rested":6,"item_purchase_floors":[19,19,22,22,38,38,38],"current_hp_per_floor":[66,54,75,67,52,36,36,58,58,56,56,50,39,39,39,19,61,49,49,49,48,48,48,20,6,6,6,28,23,23,23,45,45,68,64,41,37,44,17,41,41,34,34,24,24,7,31,31,55,63],"gold":532,"neow_bonus":"BOSS_RELIC","is_daily":false,"chose_seed":false,"campfire_upgraded":4,"win_rate":0.0,"timestamp":1608089658,"path_taken":["M","?","?","M","?","E","?","R","T","M","R","E","?","?","R","BOSS","M","$","?","M","$","R","E","M","T","?","R","?","?","M","R","BOSS","M","?","M","$","?","R","?","E","T","E","R","M","R","M","R","BOSS"],"items_purchased_type":["Relic","Card","Card","Card","Card","Relic","Relic"],"build_version":"2020-12-13","purchased_purges":0,"victory":true,"max_hp_per_floor":[75,75,75,75,75,75,75,75,75,75,75,75,75,75,75,75,75,75,75,75,75,75,75,75,75,75,75,75,75,75,75,75,75,75,75,75,75,82,82,82,82,82,82,82,82,82,82,82,82,82],"card_choices":[{"not_picked":["Stack","Capacitor"],"picked":"Auto Shields","floor":1},{"not_picked":["Go for the Eyes","Beam Cell"],"picked":"Sweeping Beam","floor":4},{"not_picked":["Doom and Gloom","Recycle"],"picked":"Sweeping Beam","floor":6},{"not_picked":["Melter","Reboot"],"picked":"Cold Snap","floor":7},{"not_picked":["Rebound","Conserve Battery"],"picked":"Ball Lightning","floor":10},{"not_picked":["Sweeping Beam","Darkness"],"picked":"Leap","floor":12},{"not_picked":["Core Surge","Hyperbeam"],"picked":"Biased Cognition+1","floor":16},{"not_picked":["Tempest","Conserve Battery"],"picked":"Sweeping Beam+1","floor":18},{"not_picked":["Conserve Battery","Leap"],"picked":"Genetic Algorithm+1","floor":21},{"not_picked":["Coolheaded","Rebound"],"picked":"Cold Snap+1","floor":24},{"not_picked":["Cold Snap","Gash","Turbo"],"picked":"SKIP","floor":25},{"not_picked":["Ball Lightning","Stack+1"],"picked":"Conserve Battery+1","floor":29},{"not_picked":["Chill","Beam Cell+1"],"picked":"Glacier","floor":31},{"not_picked":["Fission","Amplify"],"picked":"Thunder Strike","floor":33},{"not_picked":["Reinforced Body","Sunder+1"],"picked":"Hologram+1","floor":35},{"not_picked":["Streamline","Rebound"],"picked":"Hologram+1","floor":37},{"not_picked":["Compile Driver+1","Genetic Algorithm+1"],"picked":"Conserve Battery+1","floor":39},{"not_picked":["Chrysalis","Enlightenment"],"picked":"Trip","floor":41},{"not_picked":["Stack","Conserve Battery","Beam Cell+1"],"picked":"SKIP","floor":42},{"not_picked":["Compile Driver+1","Melter","Turbo+1"],"picked":"SKIP","floor":44},{"not_picked":["Electrodynamics+1","Melter"],"picked":"Defragment+1","floor":46},{"not_picked":["Go for the Eyes+1","Redo+1"],"picked":"Consume+1","floor":48}],"player_experience":563753,"relics_obtained":[{"floor":6,"key":"CeramicFish"},{"floor":12,"key":"Happy Flower"},{"floor":24,"key":"Turnip"},{"floor":26,"key":"Gremlin Horn"},{"floor":36,"key":"TungstenRod"},{"floor":39,"key":"Gambling Chip"},{"floor":42,"key":"Old Coin"},{"floor":43,"key":"Pantograph"},{"floor":44,"key":"Lantern"}],"event_choices":[{"damage_healed":0,"gold_gain":0,"player_choice":"Success","damage_taken":12,"relics_obtained":["Frozen Egg 2"],"max_hp_gain":0,"max_hp_loss":0,"event_name":"Scrap Ooze","floor":2,"gold_loss":0},{"damage_healed":25,"gold_gain":0,"player_choice":"Banana","damage_taken":0,"max_hp_gain":0,"max_hp_loss":0,"event_name":"Big Fish","floor":3,"gold_loss":0},{"damage_healed":0,"gold_gain":0,"player_choice":"Entered Light","damage_taken":15,"max_hp_gain":0,"max_hp_loss":0,"event_name":"Shining Light","floor":5,"gold_loss":0,"cards_upgraded":["Defend_B","Zap"]},{"damage_healed":0,"gold_gain":75,"player_choice":"Gather Gold","damage_taken":11,"max_hp_gain":0,"max_hp_loss":0,"event_name":"World of Goop","floor":13,"gold_loss":0},{"damage_healed":0,"gold_gain":0,"player_choice":"Take Wound","damage_taken":0,"relics_obtained":["Golden Idol"],"max_hp_gain":0,"max_hp_loss":0,"event_name":"Golden Idol","floor":14,"gold_loss":0,"cards_obtained":["Injury"]},{"damage_healed":0,"gold_gain":0,"player_choice":"Simplicity","damage_taken":0,"max_hp_gain":0,"max_hp_loss":0,"event_name":"Back to Basics","floor":20,"gold_loss":0,"cards_upgraded":["Strike_B","Strike_B","Strike_B","Strike_B","Defend_B","Defend_B","Defend_B"]},{"damage_healed":0,"gold_gain":0,"player_choice":"Ignored","damage_taken":0,"max_hp_gain":0,"max_hp_loss":0,"event_name":"N\u0027loth","floor":27,"gold_loss":0},{"damage_healed":0,"gold_gain":0,"player_choice":"Ignored","damage_taken":0,"max_hp_gain":0,"max_hp_loss":0,"event_name":"Ghosts","floor":30,"gold_loss":0},{"damage_healed":0,"gold_gain":0,"player_choice":"Fight","damage_taken":0,"max_hp_gain":0,"max_hp_loss":0,"event_name":"MindBloom","floor":36,"gold_loss":0},{"damage_healed":0,"gold_gain":0,"player_choice":"Fight","damage_taken":0,"max_hp_gain":0,"max_hp_loss":0,"event_name":"Mysterious Sphere","floor":39,"gold_loss":0},{"damage_healed":0,"gold_gain":0,"player_choice":"Memory 1","damage_taken":0,"max_hp_gain":0,"max_hp_loss":0,"event_name":"SensoryStone","floor":41,"gold_loss":0}],"is_beta":false,"boss_relics":[{"not_picked":["Snecko Eye","Runic Pyramid"],"picked":"Empty Cage"},{"not_picked":["Runic Dome","Fusion Hammer"],"picked":"Philosopher\u0027s Stone"}],"items_purged_floors":[],"is_endless":false,"potions_floor_spawned":[1,6,10,12,21,31,33,35,36,44,46],"ascension_level":5}}