{"host":"e1nidjoehlv47txx","time":1608124699,"event":{"mods":["BaseMod","Downfall","Hermit","Koishi","Marisa（F雨　魔理沙）","Minty Spire (QoL Compilation)","StSLib","[功能]功能增强和修复MOD"],"gold_per_floor":[112,130,95,105,105,132,150,168,168,186,216,211,223,247,247,350,350,357,370,386,403,403,403,423,723,723,723,732,752,761,770,770,853,853,867,907,907,916,920,920,920,937,962,968,985,985,985,1009,1009,989],"floor_reached":51,"playtime":2527,"items_purged":["Koishi:BasicDefend","Koishi:BasicDefend","Koishi:BasicDefend","Koishi:BasicStrike","Koishi:BasicStrike","Koishi:BasicStrike","Koishi:BasicStrike","Koishi:BasicDefend","Writhe"],"score":999,"play_id":"43bbad10-0929-41b2-9b8e-3599901efb97","local_time":"20201216211819","is_ascension_mode":true,"campfire_choices":[{"data":"Koishi:HauntingSlash","floor":15,"key":"SMITH"},{"data":"Koishi:JumpScare","floor":23,"key":"SMITH"},{"data":"Koishi:PredatoryInstincts","floor":27,"key":"SMITH"},{"data":"Sadistic Nature","floor":32,"key":"SMITH"},{"floor":40,"key":"RECALL"},{"floor":49,"key":"REST"}],"circlet_count":0,"master_deck":["Koishi:Provoke","Koishi:HauntingSlash+1","Koishi:PhantomStrike+1","Koishi:PhantomBarrier","Koishi:Untouchable","Koishi:TremblingHands+1","Koishi:RacingHeart+1","Koishi:MindNumbingTerror","Koishi:PredatoryInstincts+1","Koishi:JumpScare+1","Koishi:Untouchable","Koishi:RollingInRichesHeart","CurseOfTheBell","Koishi:FidgetySnatcher","Koishi:DreadfulBlow","Sadistic Nature+1","Koishi:JumpScare+1","Sadistic Nature"],"relics":["Koishi:ImaginaryFriend","Tiny Chest","Chemical X","Akabeko","Mango","Gremlin Horn","Singing Bowl","Thread and Needle","Orrery","Vajra","HornCleat","Odd Mushroom","Calling Bell","Incense Burner","Mummified Hand","CeramicFish","Bag of Marbles","Happy Flower","TheAbacus","Whetstone","Old Coin","Juzu Bracelet","PreservedInsect","Oddly Smooth Stone","Sling","Torii","Letter Opener","Fusion Hammer","WingedGreaves","MealTicket","Nunchaku","Calipers","Lee\u0027s Waffle","Centennial Puzzle","Bag of Preparation","Blue Candle","Koishi:LettersToReimu"],"acts_visited":["Exordium","TheCity","TheBeyond"],"potions_floor_usage":[4,6,7,8,10,24,33,33,33,50,50,50],"damage_taken":[{"damage":4,"enemies":"Cultist","floor":1,"turns":5},{"damage":0,"enemies":"Small Slimes","floor":2,"turns":3},{"damage":0,"enemies":"Jaw Worm","floor":4,"turns":2},{"damage":13,"enemies":"Gremlin Nob","floor":6,"turns":4},{"damage":10,"enemies":"Exordium Wildlife","floor":7,"turns":4},{"damage":0,"enemies":"Gremlin Gang","floor":8,"turns":5},{"damage":5,"enemies":"Large Slime","floor":10,"turns":4},{"damage":5,"enemies":"Lagavulin","floor":11,"turns":5},{"damage":0,"enemies":"2 Fungi Beasts","floor":13,"turns":3},{"damage":0,"enemies":"The Mushroom Lair","floor":14,"turns":3},{"damage":0,"enemies":"Hexaghost","floor":16,"turns":8},{"damage":0,"enemies":"Chosen","floor":18,"turns":5},{"damage":0,"enemies":"Shell Parasite","floor":19,"turns":6},{"damage":0,"enemies":"Centurion and Healer","floor":20,"turns":9},{"damage":0,"enemies":"Snecko","floor":21,"turns":5},{"damage":1,"enemies":"Slavers","floor":24,"turns":7},{"damage":0,"enemies":"3 Cultists","floor":29,"turns":4},{"damage":8,"enemies":"Automaton","floor":33,"turns":7},{"damage":0,"enemies":"Orb Walker","floor":35,"turns":3},{"damage":0,"enemies":"Mind Bloom Boss Battle","floor":36,"turns":6},{"damage":0,"enemies":"Reptomancer","floor":42,"turns":4},{"damage":0,"enemies":"3 Shapes","floor":44,"turns":3},{"damage":0,"enemies":"Sphere and 2 Shapes","floor":45,"turns":3},{"damage":0,"enemies":"Giant Head","floor":48,"turns":6},{"damage":5,"enemies":"Time Eater","floor":50,"turns":10}],"seed_played":"-209129244290250859","potions_obtained":[{"floor":1,"key":"SpeedPotion"},{"floor":1,"key":"FearPotion"},{"floor":2,"key":"hexamod:EctoCoolerPotion"},{"floor":4,"key":"PowerPotion"},{"floor":6,"key":"Regen Potion"},{"floor":7,"key":"SkillPotion"},{"floor":8,"key":"FairyPotion"},{"floor":10,"key":"Block Potion"},{"floor":11,"key":"EssenceOfSteel"},{"floor":19,"key":"PowerPotion"},{"floor":24,"key":"Fire Potion"},{"floor":33,"key":"FearPotion"},{"floor":35,"key":"Dexterity Potion"},{"floor":35,"key":"BlessingOfTheForge"},{"floor":44,"key":"Block Potion"}],"is_trial":false,"path_per_floor":["M","M","$","M","?","E","M","M","T","M","E","$","M","?","R","B",null,"M","M","M","M","$","R","E","T","T","R","$","M","?","$","R","B",null,"M","?","T","?","$","R","?","E","T","M","M","?","T","E","R","B",null],"character_chosen":"KOISHI","items_purchased":["Chemical X","Akabeko","Mango","Slimebound:ThreeZeroPotion","BlessingOfTheForge","Koishi:PhantomBarrier","Koishi:Untouchable","Koishi:TremblingHands","Koishi:RacingHeart","Orrery","Vajra","HornCleat","Bag of Marbles","Happy Flower","TheAbacus","PreservedInsect","Oddly Smooth Stone","Sling","Koishi:FidgetySnatcher","Torii","Letter Opener","Sadistic Nature","Sadistic Nature","Nunchaku","Calipers","Lee\u0027s Waffle"],"campfire_rested":1,"item_purchase_floors":[3,3,3,3,3,3,3,3,3,12,12,12,22,22,22,28,28,28,28,31,31,31,39,39,39,39],"current_hp_per_floor":[59,60,74,74,74,63,69,71,71,68,78,84,86,88,88,88,88,90,92,94,96,96,96,98,98,98,98,98,100,100,100,100,102,102,102,104,104,104,111,111,111,113,113,115,117,117,117,119,119,119],"gold":989,"neow_bonus":"RANDOM_COMMON_RELIC","is_daily":false,"chose_seed":false,"campfire_upgraded":4,"win_rate":0.0,"timestamp":1608124699,"path_taken":["M","M","$","M","?","E","M","M","T","M","E","$","?","?","R","BOSS","M","M","M","M","$","R","E","?","T","R","$","M","?","?","R","BOSS","M","?","?","?","$","R","?","E","T","M","M","?","?","E","R","BOSS"],"items_purchased_type":["Relic","Relic","Relic","Potion","Potion","Card","Card","Card","Card","Relic","Relic","Relic","Relic","Relic","Relic","Relic","Relic","Relic","Card","Relic","Relic","Card","Card","Relic","Relic","Relic"],"build_version":"2020-12-13","purchased_purges":9,"victory":true,"max_hp_per_floor":[60,60,74,74,74,74,74,74,74,76,78,84,86,88,88,88,88,90,92,94,96,96,96,98,98,98,98,98,100,100,100,100,102,102,102,104,104,104,111,111,111,113,113,115,117,117,117,119,119,119],"card_choices":[{"not_picked":["Koishi:Whimsy","Koishi:Prune","Koishi:BramblyRoseGarden"],"picked":"SKIP","floor":1},{"not_picked":["Koishi:Catatonia","Koishi:UnseenTerror"],"picked":"Koishi:PhantomStrike","floor":2},{"not_picked":["Koishi:EmbryosDream","Koishi:Untouchable"],"picked":"Koishi:MindNumbingTerror","floor":4},{"not_picked":["Koishi:BramblyRoseGarden","Koishi:FourthEye","Koishi:StrangeCloudFist"],"picked":"SKIP","floor":6},{"not_picked":["Koishi:Prune","Koishi:FleetingPhantom","Koishi:ReflexRadar"],"picked":"SKIP","floor":7},{"not_picked":["Koishi:Catatonia","Koishi:IdleWhim"],"picked":"Koishi:PredatoryInstincts","floor":8},{"not_picked":["Koishi:ReflexRadar","Koishi:EmbryosDream","Koishi:Prune"],"picked":"Singing Bowl","floor":10},{"not_picked":["Koishi:HeartStoppingHorror","Koishi:GhostParty","Koishi:Jaunt"],"picked":"Singing Bowl","floor":11},{"not_picked":["Koishi:GeneticsOfTheUnconscious","Koishi:StrangeCloudFist","Koishi:SprinkleStarAndHeart"],"picked":"Singing Bowl","floor":12},{"not_picked":["Koishi:SubterraneanRose","Koishi:GeneticsOfTheUnconscious","Koishi:UnansweredLove"],"picked":"Singing Bowl","floor":12},{"not_picked":["Koishi:BramblyRoseGarden","Koishi:RacingHeart","Koishi:FourthEye"],"picked":"Singing Bowl","floor":12},{"not_picked":["Koishi:CatchAndRose","Koishi:EmbryosDream"],"picked":"Koishi:JumpScare","floor":12},{"not_picked":["Koishi:SuperEgo","Koishi:SpiritedAway"],"picked":"Koishi:Untouchable","floor":12},{"not_picked":["Koishi:PhantomStrike","Koishi:JumpScare","Koishi:EmbryosDream"],"picked":"Singing Bowl","floor":13},{"not_picked":["Koishi:MassHysteria","Koishi:StrangeCloudFist","Koishi:TerrifyingSpectre"],"picked":"Singing Bowl","floor":14},{"not_picked":["Koishi:FormlessExistence","Koishi:HeartStoppingHorror"],"picked":"Koishi:RollingInRichesHeart","floor":16},{"not_picked":["Koishi:SpiritedAway+1","Koishi:Prune","Koishi:HeartfeltFancy"],"picked":"Singing Bowl","floor":18},{"not_picked":["Koishi:PhilosophyOfTheDespised","Koishi:TraumaticStroke+1","Koishi:GhostParty"],"picked":"Singing Bowl","floor":19},{"not_picked":["Koishi:YoukaiPolygraph","Koishi:Bloodlust","Koishi:FreudianInstinct"],"picked":"Singing Bowl","floor":20},{"not_picked":["Koishi:TraumaticStroke","Koishi:UnconsciousUrges","Koishi:RacingHeart+1"],"picked":"Singing Bowl","floor":21},{"not_picked":["Koishi:HeartfeltFancy+1","Koishi:RacingHeart","Koishi:EmbersOfLove"],"picked":"Singing Bowl","floor":24},{"not_picked":["Koishi:SpiritedAway+1","Koishi:MassHysteria+1","Koishi:StingingMind"],"picked":"Singing Bowl","floor":29},{"not_picked":["Koishi:Heartbroken","Koishi:MentalBreakdown","Koishi:GrowingPain"],"picked":"Singing Bowl","floor":33},{"not_picked":["Koishi:BloodcurdlingScream","Koishi:PhantomStrike"],"picked":"Koishi:JumpScare+1","floor":35},{"not_picked":["Koishi:UnansweredLove","Koishi:Prune","Koishi:GeneticsOfTheUnconscious"],"picked":"Singing Bowl","floor":36},{"not_picked":["Koishi:SubterraneanRose+1","Koishi:PerfectMindControl","Koishi:ParalyzingFear"],"picked":"Singing Bowl","floor":42},{"not_picked":["Koishi:PhilosophyOfTheDespised+1","Koishi:PhantomStrike+1","Koishi:Prune+1"],"picked":"Singing Bowl","floor":44},{"not_picked":["Koishi:MindNumbingTerror+1","Koishi:UnansweredLove","Koishi:FidgetySnatcher+1"],"picked":"Singing Bowl","floor":45},{"not_picked":["Koishi:Jaunt+1","Koishi:HeartfeltFancy","Koishi:CatchAndRose"],"picked":"Singing Bowl","floor":48}],"player_experience":91156,"relics_obtained":[{"floor":6,"key":"Gremlin Horn"},{"floor":9,"key":"Singing Bowl"},{"floor":11,"key":"Thread and Needle"},{"floor":14,"key":"Odd Mushroom"},{"floor":17,"key":"Incense Burner"},{"floor":17,"key":"Mummified Hand"},{"floor":17,"key":"CeramicFish"},{"floor":24,"key":"Whetstone"},{"floor":25,"key":"Old Coin"},{"floor":26,"key":"Juzu Bracelet"},{"floor":36,"key":"WingedGreaves"},{"floor":37,"key":"MealTicket"},{"floor":42,"key":"Centennial Puzzle"},{"floor":43,"key":"Bag of Preparation"},{"floor":47,"key":"Blue Candle"},{"floor":48,"key":"Koishi:LettersToReimu"}],"event_choices":[{"damage_healed":0,"gold_gain":0,"player_choice":"Forge","damage_taken":0,"max_hp_gain":0,"max_hp_loss":0,"event_name":"Accursed Blacksmith","floor":5,"gold_loss":0,"cards_upgraded":["Koishi:RacingHeart"]},{"damage_healed":0,"gold_gain":0,"player_choice":"Fought Mushrooms","damage_taken":0,"max_hp_gain":0,"max_hp_loss":0,"event_name":"Mushrooms","floor":14,"gold_loss":0},{"damage_healed":0,"gold_gain":0,"player_choice":"Read","damage_taken":0,"max_hp_gain":0,"max_hp_loss":0,"event_name":"The Library","floor":30,"gold_loss":0,"cards_obtained":["Koishi:DreadfulBlow"]},{"damage_healed":0,"gold_gain":0,"player_choice":"Fight","damage_taken":0,"max_hp_gain":0,"max_hp_loss":0,"event_name":"MindBloom","floor":36,"gold_loss":0},{"damage_healed":26,"gold_gain":0,"player_choice":"Writhe","damage_taken":0,"max_hp_gain":0,"max_hp_loss":0,"event_name":"Winding Halls","floor":38,"gold_loss":0,"cards_obtained":["Writhe"]},{"damage_healed":0,"gold_gain":0,"player_choice":"Ignored","damage_taken":0,"max_hp_gain":0,"max_hp_loss":0,"event_name":"Tomb of Lord Red Mask","floor":41,"gold_loss":0},{"damage_healed":0,"gold_gain":0,"player_choice":"Ignored","damage_taken":0,"max_hp_gain":0,"max_hp_loss":0,"event_name":"WeMeetAgain","floor":46,"gold_loss":0}],"is_beta":false,"boss_relics":[{"not_picked":["Coffee Dripper","Velvet Choker"],"picked":"Calling Bell"},{"not_picked":["Busted Crown","Philosopher\u0027s Stone"],"picked":"Fusion Hammer"}],"items_purged_floors":[3,3,3,3,3,3,3,12,39],"is_endless":false,"potions_floor_spawned":[1,1,2,4,6,6,7,8,10,11,13,13,16,18,18,19,19,21,24,29,33,35,35,42,42,44,45,45,48,48],"ascension_level":1}}