{"host":"9ndbo4kgsfoemf7y","time":1608119415,"event":{"mods":["AchievementEnabler","BaseMod","Colored Map","DeckTracker","Keyboard Shortcuts","Minty Spire (QoL Compilation)","Permanent Neow","Quick Restart","Relic Stats","StSLib","SuperFastMode"],"gold_per_floor":[110,120,139,64,74,100,100,112,135,135,135],"floor_reached":10,"playtime":278,"items_purged":[],"score":133,"play_id":"b1f0df89-3b11-42e4-a636-7d1fc539ab78","local_time":"20201216205015","is_ascension_mode":true,"campfire_choices":[{"floor":7.0,"key":"REST"}],"circlet_count":0,"master_deck":["AscendersBane","Strike_R","Strike_R","Strike_R","Strike_R","Defend_R","Defend_R","Defend_R","Defend_R","Bash","Double Tap","Dropkick","Flame Barrier","Battle Trance","Rampage","Rage","Dropkick"],"relics":["Burning Blood","Girya","Ancient Tea Set"],"acts_visited":["Exordium"],"potions_floor_usage":[10],"damage_taken":[{"damage":14.0,"enemies":"Small Slimes","floor":1.0,"turns":4.0},{"damage":13.0,"enemies":"2 Louse","floor":2.0,"turns":3.0},{"damage":19.0,"enemies":"Jaw Worm","floor":3.0,"turns":4.0},{"damage":1.0,"enemies":"2 Fungi Beasts","floor":5.0,"turns":3.0},{"damage":23.0,"enemies":"Lagavulin","floor":6.0,"turns":6.0},{"damage":9.0,"enemies":"3 Louse","floor":8.0,"turns":4.0},{"damage":49,"enemies":"Gremlin Nob","floor":10,"turns":3}],"seed_played":"-2181739001988160314","potions_obtained":[{"floor":1.0,"key":"AttackPotion"},{"floor":3.0,"key":"BlessingOfTheForge"}],"is_trial":false,"path_per_floor":["M","M","M","?","M","E","R","M","T","E"],"character_chosen":"IRONCLAD","items_purchased":[],"campfire_rested":1,"item_purchase_floors":[],"current_hp_per_floor":[60,53,40,40,45,28,50,47,47,0,0],"gold":135,"neow_bonus":"ONE_RANDOM_RARE_CARD","is_daily":false,"chose_seed":false,"campfire_upgraded":0,"win_rate":0.0,"timestamp":1608119415,"path_taken":["M","M","M","?","M","E","R","M","T","E"],"items_purchased_type":[],"build_version":"2020-12-13","purchased_purges":0,"victory":false,"max_hp_per_floor":[75,75,75,75,75,75,75,75,75,75,75],"relic_stats":{"counters":[7,27],"obtain_stats":[{"Girya":6,"Ancient Tea Set":9,"Burning Blood":0},{"Girya":5,"Ancient Tea Set":6,"Burning Blood":0},{"Girya":20,"Ancient Tea Set":24,"Burning Blood":0}],"Burning Blood":36},"card_choices":[{"not_picked":["Flex","Pommel Strike"],"picked":"Dropkick","floor":1.0},{"not_picked":["Disarm","Havoc"],"picked":"Flame Barrier","floor":2.0},{"not_picked":["Twin Strike","Burning Pact"],"picked":"Battle Trance","floor":3.0},{"not_picked":["Blood for Blood","Clothesline"],"picked":"Rampage","floor":5.0},{"not_picked":["Rampage","Feel No Pain"],"picked":"Rage","floor":6.0},{"not_picked":["Thunderclap","Burning Pact"],"picked":"Dropkick","floor":8.0}],"player_experience":686208,"relics_obtained":[{"floor":6.0,"key":"Girya"},{"floor":9.0,"key":"Ancient Tea Set"}],"event_choices":[{"cards_removed":["Strike_R"],"damage_healed":0.0,"max_hp_gain":0.0,"max_hp_loss":0.0,"gold_gain":0.0,"event_name":"The Cleric","player_choice":"Card Removal","floor":4.0,"gold_loss":75.0,"damage_taken":0.0}],"is_beta":false,"boss_relics":[],"items_purged_floors":[],"is_endless":false,"potions_floor_spawned":[1,3],"killed_by":"Gremlin Nob","ascension_level":18}}