{"host":"Sumable","time":1608103290,"event":{"mods":["AchievementEnabler","BaseMod","Better Note","BetterRewards","Googly Eyes","Hermit","Minty Spire (QoL Compilation)","Quick Restart","Shop Mod","StSLib","The Cursed","everything is the same but u backflip on backflip","slay the spire mod where everything is the same but ironclad has a cowboy hat"],"gold_per_floor":[118,118,7,18,29,60,60,90,116,116,131,157,167,183,183,183,183],"floor_reached":16,"playtime":4392,"items_purged":[],"score":275,"play_id":"52096ae5-a1c7-48ba-a7ca-1e7e9557c393","local_time":"20201216002130","is_ascension_mode":true,"campfire_choices":[{"floor":7,"key":"REST"},{"floor":10,"key":"REST"},{"floor":15,"key":"REST"}],"circlet_count":0,"master_deck":["AscendersBane","Strike_R","Strike_R","Strike_R","Strike_R","Strike_R","Defend_R","Defend_R","Defend_R","Defend_R","Burning Pact+1","Combust","Seeing Red+1","Hemokinesis","Feel No Pain","Cleave","Metallicize","Feed","Twin Strike","Feed","Hemokinesis"],"relics":["Burning Blood","Unceasing Top","FossilizedHelix","War Paint","Tiny Chest","Toy Ornithopter","Frozen Egg 2"],"acts_visited":["Exordium"],"potions_floor_usage":[5,6,6,12,13,14],"damage_taken":[{"damage":0.0,"enemies":"2 Louse","floor":1.0,"turns":3.0},{"damage":2.0,"enemies":"Cultist","floor":4.0,"turns":3.0},{"damage":0,"enemies":"Small Slimes","floor":5,"turns":3},{"damage":38,"enemies":"Lagavulin","floor":6,"turns":5},{"damage":15,"enemies":"3 Sentries","floor":8,"turns":5},{"damage":9,"enemies":"3 Louse","floor":11,"turns":2},{"damage":39,"enemies":"Lagavulin","floor":12,"turns":7},{"damage":5,"enemies":"Large Slime","floor":13,"turns":5},{"damage":5,"enemies":"Red Slaver","floor":14,"turns":5},{"damage":81,"enemies":"The Guardian","floor":16,"turns":10}],"seed_played":"4139385045789228643","potions_obtained":[{"floor":4.0,"key":"DistilledChaos"},{"floor":5,"key":"GamblersBrew"},{"floor":11,"key":"EssenceOfSteel"},{"floor":12,"key":"PowerPotion"},{"floor":13,"key":"Strength Potion"}],"is_trial":false,"path_per_floor":["M","?","$","M","M","E","R","E","T","R","M","E","M","M","R","B"],"character_chosen":"IRONCLAD","items_purchased":["Burning Pact","Hemokinesis","DuplicationPotion"],"campfire_rested":3,"item_purchase_floors":[0,3,3],"current_hp_per_floor":[48,48,48,52,58,26,50,41,41,65,65,40,46,55,81,0,0],"gold":183,"neow_bonus":"","is_daily":false,"chose_seed":false,"campfire_upgraded":0,"win_rate":0.0,"timestamp":1608103290,"path_taken":["M","?","$","M","M","E","R","E","T","R","M","E","M","M","R","BOSS"],"items_purchased_type":["Card","Card","Potion"],"build_version":"2020-12-07","purchased_purges":0,"victory":false,"max_hp_per_floor":[80,80,80,80,80,80,80,80,80,80,83,86,86,89,89,89,89],"card_choices":[{"not_picked":["Thunderclap","Searing Blow"],"picked":"Combust","floor":1.0},{"not_picked":["Thunderclap","Warcry"],"picked":"Feel No Pain","floor":4.0},{"not_picked":["Entrench","Twin Strike"],"picked":"Cleave","floor":5},{"not_picked":["Second Wind","Warcry"],"picked":"Metallicize","floor":6},{"not_picked":["Warcry","Headbutt"],"picked":"Feed","floor":8},{"not_picked":["Dropkick","Infernal Blade","Heavy Blade"],"picked":"SKIP","floor":11},{"not_picked":["True Grit","Clothesline"],"picked":"Twin Strike","floor":12},{"not_picked":["Cleave","Infernal Blade"],"picked":"Feed","floor":13},{"not_picked":["Second Wind","Heavy Blade"],"picked":"Hemokinesis","floor":14}],"player_experience":986013,"relics_obtained":[{"floor":6,"key":"War Paint"},{"floor":8,"key":"Tiny Chest"},{"floor":9,"key":"Toy Ornithopter"},{"floor":12,"key":"Frozen Egg 2"}],"event_choices":[{"damage_healed":0.0,"max_hp_gain":0.0,"max_hp_loss":0.0,"gold_gain":0.0,"cards_transformed":["Bash"],"event_name":"Transmorgrifier","player_choice":"Transformed","floor":2.0,"gold_loss":0.0,"damage_taken":0.0,"cards_obtained":["Seeing Red"]}],"is_beta":true,"boss_relics":[],"items_purged_floors":[],"is_endless":false,"potions_floor_spawned":[4,5,11,12,13],"killed_by":"The Guardian","ascension_level":12}}