{"host":"gx04ak8ofzo346nl","time":1608135176,"event":{"mods":["BaseMod","Colored Map","Downfall","Googly Eyes","Minty Spire (QoL Compilation)","Replay The Spire","StSLib"],"gold_per_floor":[99,115,129,141,141,169,169,19,19,50,67,77,5,18,34,130,130,55,65,65,85,99,130,155,175,175,191,191,191,191],"floor_reached":29,"playtime":1980,"items_purged":[],"score":307,"play_id":"b5009773-809b-4b6c-be21-eb3a1d268037","local_time":"20201216081256","is_ascension_mode":false,"campfire_choices":[{"data":"Slimebound:CorrosiveSpit","floor":1,"key":"SMITH"},{"floor":5,"key":"RECALL"},{"data":"Slimebound:Split","floor":8,"key":"SMITH"},{"data":"Slimebound:SlimeSlap","floor":18,"key":"SMITH"},{"data":"Slimebound:FormOfPuddle","floor":26,"key":"SMITH"}],"circlet_count":0,"master_deck":["Slimebound:Strike_Slimebound","Slimebound:Strike_Slimebound","Slimebound:Strike_Slimebound","Slimebound:Tackle","Slimebound:Defend_Slimebound","Slimebound:Defend_Slimebound","Slimebound:Defend_Slimebound","Slimebound:Defend_Slimebound","Slimebound:Split+1","Slimebound:CorrosiveSpit+1","Slimebound:SplitBruiser+1","Slimebound:GoopSpray","Slimebound:SplitMire","Slimebound:SplitMire","Slimebound:SpikyOuterGoop","Slimebound:LeadByExample","Slimebound:RejuvenatingLick","Slimebound:FormOfPuddle","Slimebound:AcidTongue+1","Slimebound:LeechingTouch","Slimebound:FormOfPuddle+1","Slimebound:SlimeSlap+1","Slimebound:ViciousTackle","Slimebound:ServeAndProtect","Slimebound:PressTheAttack+1","Slimebound:ItLooksTasty","Slimebound:LeechingTouch","Slimebound:MinionMaster","Slimebound:Nibble+1"],"relics":["Slimebound:AbsorbEndCombat","Divine Protection","downfall:HeartBlessingRed","downfall:HeartBlessingBlue","Replay:Towering Pillar of Hats","SlaversCollar","downfall:HeartBlessingGreen","Nunchaku","Regal Pillow","Ginger"],"acts_visited":["Exordium","TheCity"],"potions_floor_usage":[15,16,16,22,23,23],"damage_taken":[{"damage":7,"enemies":"2 Louse","floor":2,"turns":3},{"damage":14,"enemies":"Jaw Worm","floor":3,"turns":3},{"damage":8,"enemies":"Small Slimes","floor":4,"turns":3},{"damage":33,"enemies":"Lagavulin","floor":6,"turns":5},{"damage":32,"enemies":"Gremlin Nob","floor":10,"turns":3},{"damage":4,"enemies":"Blue Slaver","floor":11,"turns":3},{"damage":17,"enemies":"Red Slaver","floor":12,"turns":3},{"damage":25,"enemies":"downfall:FleeingMerchant","floor":13,"turns":4},{"damage":25,"enemies":"Large Slime","floor":14,"turns":5},{"damage":29,"enemies":"3 Louse","floor":15,"turns":3},{"damage":59,"enemies":"downfall:Defect","floor":16,"turns":8},{"damage":12,"enemies":"Chosen","floor":19,"turns":4},{"damage":33,"enemies":"Spheric Guardian","floor":21,"turns":5},{"damage":27,"enemies":"Centurion and Healer","floor":22,"turns":6},{"damage":50,"enemies":"Slavers","floor":23,"turns":7},{"damage":32,"enemies":"Snake Plant","floor":27,"turns":4},{"damage":37,"enemies":"3 Cultists","floor":29,"turns":3}],"seed_played":"5384858927835034164","potions_obtained":[{"floor":6,"key":"Strength Potion"},{"floor":11,"key":"champ:CounterPotion"},{"floor":12,"key":"SpeedPotion"},{"floor":15,"key":"LiquidBronze"},{"floor":16,"key":"Strength Potion"},{"floor":19,"key":"SkillPotion"},{"floor":23,"key":"FearPotion"},{"floor":28,"key":"CultistPotion"}],"is_trial":false,"path_per_floor":["R","M","M","M","R","E","T","R","?","E","M","M","$","M","M","B",null,"R","M","?","M","M","E","T","?","R","M","?","M"],"character_chosen":"SLIMEBOUND","items_purchased":["Slimebound:AcidTongue+1"],"campfire_rested":0,"item_purchase_floors":[13],"current_hp_per_floor":[66,66,66,66,66,57,57,67,67,59,75,75,69,66,61,32,76,76,76,76,66,65,61,61,42,42,30,30,0,0],"gold":191,"neow_bonus":"TEN_PERCENT_HP_BONUS","is_daily":false,"chose_seed":false,"campfire_upgraded":4,"win_rate":0.0,"timestamp":1608135176,"path_taken":["R","M","M","M","R","E","T","R","?","E","M","M","$","M","M","BOSS","R","M","?","M","M","E","T","?","R","?","?","M"],"items_purchased_type":["Card"],"build_version":"2020-12-13","purchased_purges":0,"victory":false,"max_hp_per_floor":[66,66,66,66,66,66,66,76,76,76,76,76,76,76,76,76,76,76,76,76,76,76,76,76,76,76,76,76,76,76],"card_choices":[{"not_picked":["Slimebound:LeechingTouch","Slimebound:TongueLash"],"picked":"Slimebound:SplitBruiser","floor":2},{"not_picked":["Slimebound:SplitBruiser","Slimebound:LeechEnergy"],"picked":"Slimebound:GoopSpray","floor":3},{"not_picked":["Slimebound:ServeAndProtect","Slimebound:SlimeSpikes"],"picked":"Slimebound:SplitMire","floor":4},{"not_picked":["Slimebound:SplitBruiser","Slimebound:PressTheAttack"],"picked":"Slimebound:SplitMire","floor":6},{"not_picked":["Slimebound:MassFeed","Slimebound:FirmFortitude"],"picked":"Slimebound:SpikyOuterGoop","floor":10},{"not_picked":["Slimebound:FirmFortitude","Slimebound:ForwardTackle"],"picked":"Slimebound:LeadByExample","floor":11},{"not_picked":["Slimebound:LeechingTouch","Slimebound:Dissolve"],"picked":"Slimebound:RejuvenatingLick","floor":12},{"not_picked":["Slimebound:FinishingTackle","Slimebound:GrowthPunch"],"picked":"Slimebound:FormOfPuddle","floor":13},{"not_picked":["Slimebound:DivideAndConquer","Slimebound:HauntingLick"],"picked":"Slimebound:LeechingTouch","floor":14},{"not_picked":["Slimebound:LeadByExample","Slimebound:ServeAndProtect"],"picked":"Slimebound:FormOfPuddle","floor":15},{"not_picked":["Slimebound:WasteNot","Slimebound:CheckThePlaybook"],"picked":"Slimebound:SlimeSlap","floor":16},{"not_picked":["Slimebound:SplitAcid","Slimebound:RollThrough"],"picked":"Slimebound:ViciousTackle","floor":19},{"not_picked":["Slimebound:FinishingTackle","Slimebound:SplitLeeching+1"],"picked":"Slimebound:PressTheAttack+1","floor":21},{"not_picked":["Slimebound:Chomp","Slimebound:GrowthPunch"],"picked":"Slimebound:ItLooksTasty","floor":22},{"not_picked":["Slimebound:SplitAcid","Slimebound:ItLooksTasty"],"picked":"Slimebound:LeechingTouch","floor":23},{"not_picked":["Slimebound:ComboTackle","Slimebound:SamplingLick"],"picked":"Slimebound:MinionMaster","floor":25},{"not_picked":["Slimebound:SlimeBrawl","Slimebound:ViciousTackle+1"],"picked":"Slimebound:Nibble+1","floor":27}],"player_experience":138448,"relics_obtained":[{"floor":6,"key":"Divine Protection"},{"floor":10,"key":"Replay:Towering Pillar of Hats"},{"floor":23,"key":"Nunchaku"},{"floor":24,"key":"Regal Pillow"},{"floor":25,"key":"Ginger"}],"event_choices":[{"damage_healed":0,"gold_gain":0,"player_choice":"Read","damage_taken":0,"max_hp_gain":0,"max_hp_loss":0,"event_name":"The Library","floor":20,"gold_loss":0,"cards_obtained":["Slimebound:ServeAndProtect"]}],"is_beta":false,"boss_relics":[{"not_picked":["ChewingGum","Honey Jar"],"picked":"SlaversCollar"}],"items_purged_floors":[],"is_endless":false,"potions_floor_spawned":[6,11,12,15,16,19,21,23],"killed_by":"3 Cultists","ascension_level":0}}