{"host":"90jl2h70xtuoeg0i","time":1608156232,"event":{"mods":["AchievementEnabler","BaseMod","Colored Map","Colored Powertips","Minty Spire (QoL Compilation)","Relic Stats","ojb\u0027s Better Paths Mod","ojb\u0027s Info Mod"],"gold_per_floor":[112,112,112,37,57,82,96,113,113,124,152,152,186,204,204,278,278,293,293,293,309,309,340,340,369,392,410,410,410,120,130,130,206,206,223,242,242,242,267,267,267,282,282,314,28,76,76,103,103,103,103,103,27,55,55,55],"floor_reached":55,"playtime":18175,"items_purged":["Doubt"],"score":1704,"play_id":"39d12905-af5a-4f51-a6d4-43166db3e513","local_time":"20201216170352","is_ascension_mode":true,"campfire_choices":[{"data":"All Out Attack","floor":12.0,"key":"SMITH"},{"floor":15.0,"key":"REST"},{"floor":24.0,"key":"REST"},{"data":"Unload","floor":29.0,"key":"SMITH"},{"data":"Footwork","floor":32.0,"key":"SMITH"},{"data":"Calculated Gamble","floor":40.0,"key":"SMITH"},{"data":"Calculated Gamble","floor":47.0,"key":"SMITH"},{"floor":49.0,"key":"RECALL"},{"data":"Panacea","floor":52.0,"key":"SMITH"}],"circlet_count":0,"master_deck":["AscendersBane","Strike_G+1","Strike_G+1","Strike_G+1","Strike_G+1","Strike_G+1","Defend_G+1","Defend_G+1","Defend_G+1","Defend_G+1","Survivor","Neutralize","Dagger Throw","Poisoned Stab","All Out Attack+1","Prepared","Adrenaline","Dodge and Roll","Calculated Gamble+1","PiercingWail","Unload+1","Backflip","Tactician","Dodge and Roll+1","Calculated Gamble+1","Terror","PiercingWail","Predator","Footwork+1","Acrobatics","Glass Knife","Acrobatics+1","Underhanded Strike+1","HandOfGreed","Panacea+1","Blind","Leg Sweep+1","Reflex+1","Outmaneuver+1","Acrobatics","Adrenaline","Underhanded Strike+1","Blur"],"relics":["Ring of the Snake","NeowsBlessing","Letter Opener","Matryoshka","Tingsha","Gremlin Horn","Cursed Key","Bag of Marbles","Incense Burner","Eternal Feather","Centennial Puzzle","Vajra","SlaversCollar","Tough Bandages","Oddly Smooth Stone","Question Card","Toolbox","Bag of Preparation","PreservedInsect","Nunchaku"],"acts_visited":["Exordium","TheCity","TheBeyond","TheEnding"],"potions_floor_usage":[55,55],"damage_taken":[{"damage":0.0,"enemies":"2 Louse","floor":1.0,"turns":1.0},{"damage":0.0,"enemies":"Jaw Worm","floor":5.0,"turns":1.0},{"damage":0.0,"enemies":"Lagavulin","floor":6.0,"turns":1.0},{"damage":3.0,"enemies":"Small Slimes","floor":7.0,"turns":3.0},{"damage":3.0,"enemies":"Exordium Thugs","floor":8.0,"turns":4.0},{"damage":0.0,"enemies":"Blue Slaver","floor":10.0,"turns":3.0},{"damage":25.0,"enemies":"Gremlin Nob","floor":11.0,"turns":4.0},{"damage":21.0,"enemies":"Lagavulin","floor":13.0,"turns":4.0},{"damage":0.0,"enemies":"Large Slime","floor":14.0,"turns":3.0},{"damage":0.0,"enemies":"Slime Boss","floor":16.0,"turns":8.0},{"damage":0.0,"enemies":"3 Byrds","floor":18.0,"turns":3.0},{"damage":6.0,"enemies":"Shell Parasite","floor":21.0,"turns":6.0},{"damage":36.0,"enemies":"Book of Stabbing","floor":23.0,"turns":7.0},{"damage":10.0,"enemies":"Slavers","floor":25.0,"turns":5.0},{"damage":15.0,"enemies":"Cultist and Chosen","floor":27.0,"turns":4.0},{"damage":2.0,"enemies":"Snake Plant","floor":31.0,"turns":2.0},{"damage":1.0,"enemies":"Automaton","floor":33.0,"turns":10.0},{"damage":1.0,"enemies":"Orb Walker","floor":35.0,"turns":3.0},{"damage":2.0,"enemies":"3 Darklings","floor":36.0,"turns":4.0},{"damage":4.0,"enemies":"Mind Bloom Boss Battle","floor":39.0,"turns":6.0},{"damage":0.0,"enemies":"Spire Growth","floor":42.0,"turns":4.0},{"damage":1.0,"enemies":"Giant Head","floor":44.0,"turns":7.0},{"damage":7.0,"enemies":"Nemesis","floor":46.0,"turns":8.0},{"damage":6.0,"enemies":"Giant Head","floor":48.0,"turns":7.0},{"damage":22.0,"enemies":"Donu and Deca","floor":50.0,"turns":15.0},{"damage":0.0,"enemies":"Shield and Spear","floor":54.0,"turns":4.0},{"damage":69,"enemies":"The Heart","floor":55,"turns":9}],"seed_played":"8167214895195499362","potions_obtained":[{"floor":6.0,"key":"BlessingOfTheForge"},{"floor":11.0,"key":"CunningPotion"},{"floor":13.0,"key":"Poison Potion"},{"floor":14.0,"key":"BlessingOfTheForge"},{"floor":16.0,"key":"Block Potion"},{"floor":18.0,"key":"LiquidMemories"},{"floor":23.0,"key":"Block Potion"},{"floor":25.0,"key":"Explosive Potion"},{"floor":31.0,"key":"AttackPotion"},{"floor":44.0,"key":"PowerPotion"},{"floor":54.0,"key":"AttackPotion"}],"is_trial":false,"path_per_floor":["M","?","?","?","M","E","M","M","T","M","E","R","E","M","R","B",null,"M","?","?","M","?","E","R","E","T","M","?","R","$","M","R","B",null,"M","M","?","?","?","R","?","M","T","E","$","E","R","E","R","B",null,"R","$","E","B"],"character_chosen":"THE_SILENT","items_purchased":["Vajra","Predator","Footwork","Toolbox","Acrobatics","Blur"],"campfire_rested":2,"item_purchase_floors":[30,30,30,45,45,53],"current_hp_per_floor":[59,39,61,61,61,61,58,55,55,55,30,30,9,9,28,28,57,57,57,57,51,51,15,34,24,24,9,9,24,24,22,40,39,59,58,56,56,46,42,63,63,63,63,62,62,55,66,60,66,44,61,66,66,66,0,0],"gold":55,"neow_bonus":"THREE_ENEMY_KILL","is_daily":false,"chose_seed":false,"campfire_upgraded":6,"win_rate":0.0,"timestamp":1608156232,"path_taken":["M","?","?","?","M","E","M","M","T","M","E","R","E","M","R","BOSS","M","?","?","M","?","E","R","E","T","M","?","R","$","?","R","BOSS","M","M","?","?","?","R","?","M","T","E","$","E","R","E","R","BOSS","R","$","E","BOSS"],"items_purchased_type":["Relic","Card","Card","Relic","Card","Card"],"build_version":"2020-12-13","purchased_purges":1,"victory":false,"max_hp_per_floor":[66,66,66,66,66,66,66,66,66,66,66,66,66,66,66,66,66,66,66,66,66,66,66,66,66,66,66,66,66,66,66,66,66,66,66,66,66,66,66,66,66,66,66,66,66,66,66,66,66,66,66,66,66,66,66,66],"relic_stats":{"Gremlin Horn":[15,15],"counters":[27,136],"Tingsha":[747],"Eternal Feather":76,"PreservedInsect":77,"Bag of Preparation":[8],"Letter Opener":[411],"Cursed Key":2,"Question Card":3,"Centennial Puzzle":[30],"Tough Bandages":[471],"Nunchaku":[1],"obtain_stats":[{"NeowsBlessing":0,"Gremlin Horn":13,"Vajra":30,"Oddly Smooth Stone":43,"Tingsha":11,"Eternal Feather":26,"PreservedInsect":48,"Incense Burner":25,"Bag of Preparation":46,"Letter Opener":6,"Cursed Key":17,"Question Card":44,"SlaversCollar":34,"Centennial Puzzle":26,"Tough Bandages":39,"Nunchaku":54,"Matryoshka":9,"Toolbox":45,"Bag of Marbles":23,"Ring of the Snake":0},{"NeowsBlessing":0,"Gremlin Horn":8,"Vajra":15,"Oddly Smooth Stone":21,"Tingsha":7,"Eternal Feather":14,"PreservedInsect":24,"Incense Burner":14,"Bag of Preparation":23,"Letter Opener":3,"Cursed Key":10,"Question Card":22,"SlaversCollar":17,"Centennial Puzzle":14,"Tough Bandages":20,"Nunchaku":26,"Matryoshka":5,"Toolbox":22,"Bag of Marbles":13,"Ring of the Snake":0},{"NeowsBlessing":0,"Gremlin Horn":21,"Vajra":57,"Oddly Smooth Stone":86,"Tingsha":17,"Eternal Feather":53,"PreservedInsect":108,"Incense Burner":53,"Bag of Preparation":101,"Letter Opener":3,"Cursed Key":32,"Question Card":93,"SlaversCollar":69,"Centennial Puzzle":53,"Tough Bandages":82,"Nunchaku":127,"Matryoshka":10,"Toolbox":93,"Bag of Marbles":48,"Ring of the Snake":0}],"Ring of the Snake":[54]},"card_choices":[{"not_picked":["Backflip","Well Laid Plans"],"picked":"Dagger Throw","floor":1.0},{"not_picked":["Acrobatics","Expertise"],"picked":"Poisoned Stab","floor":5.0},{"not_picked":["Blade Dance","Predator"],"picked":"All Out Attack","floor":6.0},{"not_picked":["Sucker Punch","Acrobatics"],"picked":"Prepared","floor":7.0},{"not_picked":["Tactician","Cloak And Dagger"],"picked":"Adrenaline","floor":8.0},{"not_picked":["Setup","Slice"],"picked":"Dodge and Roll","floor":10.0},{"not_picked":["Deadly Poison","Storm of Steel"],"picked":"Calculated Gamble","floor":11.0},{"not_picked":["Escape Plan","Cloak And Dagger"],"picked":"PiercingWail","floor":13.0},{"not_picked":["Cloak And Dagger","Acrobatics"],"picked":"Well Laid Plans","floor":14.0},{"not_picked":["Die Die Die","Wraith Form v2"],"picked":"Unload","floor":16.0},{"not_picked":["Cloak And Dagger","Slice"],"picked":"Backflip","floor":18.0},{"not_picked":["Backflip","Crippling Poison"],"picked":"Dodge and Roll+1","floor":21.0},{"not_picked":["Burst","Backstab+1"],"picked":"Calculated Gamble","floor":23.0},{"not_picked":["Prepared","Backflip"],"picked":"Terror","floor":25.0},{"not_picked":["Dagger Throw","Bane+1"],"picked":"PiercingWail","floor":27.0},{"not_picked":["Flying Knee","Poisoned Stab"],"picked":"Acrobatics","floor":31.0},{"not_picked":["Doppelganger","A Thousand Cuts"],"picked":"Glass Knife","floor":33.0},{"not_picked":["Underhanded Strike+1","Prepared+1"],"picked":"Acrobatics+1","floor":35.0},{"not_picked":["Prepared","Calculated Gamble"],"picked":"Underhanded Strike+1","floor":36.0},{"not_picked":["Forethought","Panacea"],"picked":"HandOfGreed","floor":38.0},{"not_picked":["Enlightenment","Flash of Steel"],"picked":"Panacea","floor":38.0},{"not_picked":["Trip","Flash of Steel"],"picked":"Blind","floor":38.0},{"not_picked":["Backflip","Slice"],"picked":"Leg Sweep+1","floor":39.0},{"not_picked":["Leg Sweep","Underhanded Strike"],"picked":"Reflex+1","floor":42.0},{"not_picked":["Dodge and Roll","Deflect"],"picked":"Outmaneuver+1","floor":44.0},{"not_picked":["Slice","Heel Hook+1","Deadly Poison"],"picked":"Adrenaline","floor":46.0},{"not_picked":["Flying Knee+1","Deadly Poison+1","Tools of the Trade"],"picked":"Underhanded Strike+1","floor":48.0},{"not_picked":["Underhanded Strike","Expertise","Catalyst","Bane"],"picked":"SKIP","floor":54.0}],"player_experience":1302454,"relics_obtained":[{"floor":6.0,"key":"Letter Opener"},{"floor":9.0,"key":"Matryoshka"},{"floor":11.0,"key":"Tingsha"},{"floor":13.0,"key":"Gremlin Horn"},{"floor":23.0,"key":"Bag of Marbles"},{"floor":25.0,"key":"Incense Burner"},{"floor":26.0,"key":"Eternal Feather"},{"floor":26.0,"key":"Centennial Puzzle"},{"floor":39.0,"key":"Tough Bandages"},{"floor":43.0,"key":"Oddly Smooth Stone"},{"floor":44.0,"key":"Question Card"},{"floor":46.0,"key":"Bag of Preparation"},{"floor":48.0,"key":"PreservedInsect"},{"floor":54.0,"key":"Nunchaku"}],"event_choices":[{"damage_healed":0.0,"max_hp_gain":0.0,"max_hp_loss":0.0,"gold_gain":0.0,"event_name":"Shining Light","player_choice":"Entered Light","floor":2.0,"gold_loss":0.0,"damage_taken":20.0,"cards_upgraded":["Strike_G","Strike_G"]},{"damage_healed":22.0,"max_hp_gain":0.0,"max_hp_loss":0.0,"gold_gain":0.0,"event_name":"Big Fish","player_choice":"Banana","floor":3.0,"gold_loss":0.0,"damage_taken":0.0},{"cards_removed":["Defend_G"],"damage_healed":0.0,"max_hp_gain":0.0,"max_hp_loss":0.0,"gold_gain":0.0,"event_name":"The Cleric","player_choice":"Card Removal","floor":4.0,"gold_loss":75.0,"damage_taken":0.0},{"damage_healed":0.0,"max_hp_gain":0.0,"max_hp_loss":0.0,"gold_gain":0.0,"event_name":"The Library","player_choice":"Read","floor":19.0,"gold_loss":0.0,"damage_taken":0.0,"cards_obtained":["Tactician"]},{"damage_healed":0.0,"max_hp_gain":0.0,"max_hp_loss":0.0,"gold_gain":0.0,"event_name":"Back to Basics","player_choice":"Simplicity","floor":20.0,"gold_loss":0.0,"damage_taken":0.0,"cards_upgraded":["Strike_G","Strike_G","Strike_G","Defend_G","Defend_G","Defend_G","Defend_G"]},{"damage_healed":0.0,"max_hp_gain":0.0,"max_hp_loss":0.0,"gold_gain":0.0,"event_name":"Beggar","player_choice":"Ignored","floor":22.0,"gold_loss":0.0,"damage_taken":0.0},{"cards_removed":["Decay"],"damage_healed":0.0,"max_hp_gain":0.0,"max_hp_loss":0.0,"gold_gain":0.0,"event_name":"Fountain of Cleansing","player_choice":"Removed Curses","floor":28.0,"gold_loss":0.0,"damage_taken":0.0},{"damage_healed":0.0,"max_hp_gain":0.0,"max_hp_loss":0.0,"gold_gain":0.0,"event_name":"Mysterious Sphere","player_choice":"Ignored","floor":37.0,"gold_loss":0.0,"damage_taken":0.0},{"damage_healed":0.0,"max_hp_gain":0.0,"max_hp_loss":0.0,"gold_gain":0.0,"event_name":"SensoryStone","player_choice":"Memory 3","floor":38.0,"gold_loss":0.0,"damage_taken":10.0},{"damage_healed":0.0,"max_hp_gain":0.0,"max_hp_loss":0.0,"gold_gain":0.0,"event_name":"MindBloom","player_choice":"Fight","floor":39.0,"gold_loss":0.0,"damage_taken":0.0},{"cards_removed":["Well Laid Plans"],"damage_healed":0.0,"max_hp_gain":0.0,"max_hp_loss":0.0,"gold_gain":0.0,"event_name":"Falling","player_choice":"Removed Power","floor":41.0,"gold_loss":0.0,"damage_taken":0.0}],"is_beta":false,"boss_relics":[{"not_picked":["Velvet Choker","Ring of the Serpent"],"picked":"Cursed Key"},{"not_picked":["Sozu","Astrolabe"],"picked":"SlaversCollar"}],"items_purged_floors":[45],"is_endless":false,"potions_floor_spawned":[6,11,13,14,16,18,23,25,31,33,35,44,46,54],"killed_by":"The Heart","ascension_level":19}}