{"host":"a7kkotolxcg5vljr","time":1608149150,"event":{"mods":["2.2 Compatiblity","AchievementEnabler","Act Like it!","BaseMod","Better Altar","Better Skull","Better Third Choice","Colored Map","Colored Powertips","Downfall","Hermit","Highlight Path","Marisa????????","Minty Spire (QoL Compilation)","Quick Restart","Rare Cards Sparkle","Replay The Spire","Spicy Shops","StSLib","The Cursed","The Disciple","The Servant 0.9.4"],"gold_per_floor":[117,143,119,138,138,182,206,206,230,162,162,162],"floor_reached":11,"playtime":251,"items_purged":[],"score":96,"play_id":"236801de-f3c0-4bcc-9862-b8fc4dba7dbe","local_time":"20201216150550","is_ascension_mode":false,"campfire_choices":[],"circlet_count":0,"master_deck":["Strike_R","Strike_R","Strike_R","Strike_R","Strike_R","Defend_R","Defend_R","Defend_R","Defend_R","Bash","Rampage","Warcry","Metallicize","Pommel Strike","Evolve"],"relics":["Burning Blood","NeowsBlessing","betterThird:SlimedRelic","Golden Idol","StoneCalendar","Tiny Chest","Potion Belt","Blood Vial","Pen Nib"],"acts_visited":["Exordium"],"potions_floor_usage":[11,11,11],"damage_taken":[{"damage":0,"enemies":"Cultist","floor":1,"turns":1},{"damage":0,"enemies":"Jaw Worm","floor":4,"turns":1},{"damage":0,"enemies":"Lagavulin","floor":6,"turns":1},{"damage":9,"enemies":"2 Louse","floor":7,"turns":3},{"damage":11,"enemies":"Gremlin Nob","floor":11,"turns":2}],"seed_played":"-608380892327150676","potions_obtained":[{"floor":1,"key":"Adrenaline Potion"},{"floor":6,"key":"hexamod:EctoCoolerPotion"},{"floor":7,"key":"FearPotion"}],"is_trial":false,"path_per_floor":["M","T","?","M","?","E","M","?","T","$","E"],"character_chosen":"IRONCLAD","items_purchased":["Evolve"],"campfire_rested":0,"item_purchase_floors":[10],"current_hp_per_floor":[80,80,69,75,55,61,58,6,6,6,0,0],"gold":162,"neow_bonus":"THREE_ENEMY_KILL","is_daily":false,"chose_seed":false,"campfire_upgraded":0,"win_rate":0.0,"timestamp":1608149150,"path_taken":["M","?","?","M","?","E","M","?","T","$","E"],"items_purchased_type":["Card"],"build_version":"2020-12-13","purchased_purges":0,"victory":false,"max_hp_per_floor":[80,80,80,80,80,80,80,80,80,80,80,80],"card_choices":[{"not_picked":["Flame Barrier","Pummel"],"picked":"Rampage","floor":1},{"not_picked":["Anger","Sever Soul"],"picked":"Warcry","floor":4},{"not_picked":["Warcry","Dual Wield"],"picked":"Metallicize","floor":6},{"not_picked":["Reckless Charge","Life Link"],"picked":"Pommel Strike","floor":7}],"player_experience":325549,"relics_obtained":[{"floor":6,"key":"StoneCalendar"},{"floor":9,"key":"Pen Nib"}],"event_choices":[{"damage_healed":0,"gold_gain":0,"player_choice":"Slimed","damage_taken":11,"max_hp_gain":0,"max_hp_loss":0,"event_name":"betterThird:BetterGoop","floor":3,"gold_loss":24},{"damage_healed":0,"gold_gain":0,"player_choice":"Take Damage","damage_taken":20,"relics_obtained":["Golden Idol"],"max_hp_gain":0,"max_hp_loss":0,"event_name":"Golden Idol","floor":5,"gold_loss":0},{"damage_healed":0,"gold_gain":0,"player_choice":"RE RE RE ","damage_taken":58,"relics_obtained":["Tiny Chest","Potion Belt","Blood Vial"],"max_hp_gain":0,"max_hp_loss":0,"event_name":"betterSkull:BetterSkull","floor":8,"gold_loss":0,"cards_upgraded":[]}],"is_beta":false,"boss_relics":[],"items_purged_floors":[],"is_endless":false,"potions_floor_spawned":[1,6,7],"killed_by":"Gremlin Nob","ascension_level":0}}