{"host":"k4e6oxvdzzmkrew5","time":1608135908,"event":{"mods":["AchievementEnabler","BaseMod","BetterRewards","Clawfect","Colored Map","Custom Start","Highlight Path","Minty Spire (QoL Compilation)","Permanent Neow","Remove Card Discount Mod","Shop Mod","StSLib","Unceasing Turn Reminder"],"gold_per_floor":[110,128,303,378,343,343,372,372,372,6,26,26,24,40,40,135,135,146,163,173,119,119,119,34,52,129,129,142,9272,9288,9316,9316,9420,9420,9432,8847,8865,8915,8964,8995,9013,9013,9039,9039,9039,9067,9083,9097,9097,9097,9097,9097,8583,8610,8610],"floor_reached":56,"playtime":4556,"items_purged":["Doubt","Strike_G","Strike_G","Defend_G","Strike_G","Defend_G","Parasite","Strike_G","Strike_G","Defend_G","Defend_G","Flechettes","All Out Attack","Defend_G"],"score":1375,"play_id":"8963956b-b07d-42e3-9b72-27831bca38da","local_time":"20201216102508","is_ascension_mode":false,"campfire_choices":[{"data":"Infinite Blades","floor":6,"key":"SMITH"},{"data":"Corpse Explosion","floor":8,"key":"SMITH"},{"data":"Neutralize","floor":15,"key":"SMITH"},{"data":"Noxious Fumes","floor":23,"key":"SMITH"},{"data":"Tactician","floor":32,"key":"SMITH"},{"data":"Apotheosis","floor":42,"key":"SMITH"},{"floor":44,"key":"RECALL"},{"data":"Corpse Explosion","floor":49,"key":"SMITH"},{"data":"Doppelganger","floor":52,"key":"SMITH"}],"circlet_count":0,"master_deck":["Survivor","Neutralize+1","Flying Knee","Infinite Blades+1","Corpse Explosion+1","Poisoned Stab","Endless Agony","Bane","Doppelganger+1","Finisher+1","Noxious Fumes+1","Dodge and Roll","Accuracy","Dagger Throw","Underhanded Strike","Tactician+1","Sucker Punch","Corpse Explosion+1","Cloak And Dagger","Backflip","Poisoned Stab+1","Underhanded Strike+1","Cloak And Dagger","Accuracy","Blade Dance","Corpse Explosion+1","Apotheosis+1","Prepared","Jack Of All Trades","Tactician+1","Panache","Distraction","PiercingWail"],"relics":["Coffee Dripper","Toy Ornithopter","Mummified Hand","Anchor","Busted Crown","Vajra","Bag of Preparation","Frozen Eye","MerchantsRug","Enchiridion","Paper Crane","Matryoshka","Orrery","Boot","Bag of Marbles","Gambling Chip","Philosopher\u0027s Stone","Oddly Smooth Stone","MealTicket","Membership Card","TungstenRod","Thread and Needle","Smiling Mask","Whetstone","Lizard Tail","ClockworkSouvenir","Orichalcum","CaptainsWheel","Bird Faced Urn"],"acts_visited":["Exordium","TheCity","TheBeyond","TheEnding"],"potions_floor_usage":[10,14,16,25,28,33,39,46,48,50,50,50,54,54,55],"damage_taken":[{"damage":0,"enemies":"2 Louse","floor":1,"turns":4},{"damage":0,"enemies":"Small Slimes","floor":2,"turns":4},{"damage":21,"enemies":"Lagavulin","floor":7,"turns":8},{"damage":0,"enemies":"Jaw Worm","floor":11,"turns":2},{"damage":0,"enemies":"3 Louse","floor":14,"turns":2},{"damage":37,"enemies":"The Guardian","floor":16,"turns":7},{"damage":10,"enemies":"2 Thieves","floor":18,"turns":3},{"damage":0,"enemies":"Spheric Guardian","floor":19,"turns":3},{"damage":0,"enemies":"3 Cultists","floor":20,"turns":2},{"damage":0,"enemies":"Snecko","floor":25,"turns":2},{"damage":11,"enemies":"Snake Plant","floor":28,"turns":2},{"damage":0,"enemies":"Shelled Parasite and Fungi","floor":30,"turns":2},{"damage":7,"enemies":"Slavers","floor":31,"turns":2},{"damage":0,"enemies":"Collector","floor":33,"turns":4},{"damage":0,"enemies":"Orb Walker","floor":35,"turns":2},{"damage":0,"enemies":"3 Shapes","floor":37,"turns":1},{"damage":25,"enemies":"Mind Bloom Boss Battle","floor":38,"turns":5},{"damage":9,"enemies":"2 Orb Walkers","floor":39,"turns":2},{"damage":0,"enemies":"Giant Head","floor":40,"turns":5},{"damage":0,"enemies":"Transient","floor":41,"turns":5},{"damage":11,"enemies":"Nemesis","floor":46,"turns":5},{"damage":0,"enemies":"4 Shapes","floor":47,"turns":2},{"damage":2,"enemies":"Writhing Mass","floor":48,"turns":4},{"damage":78,"enemies":"Time Eater","floor":50,"turns":9},{"damage":0,"enemies":"Shield and Spear","floor":54,"turns":3},{"damage":61,"enemies":"The Heart","floor":55,"turns":8}],"seed_played":"1006209572874731476","potions_obtained":[{"floor":1,"key":"SmokeBomb"},{"floor":7,"key":"CunningPotion"},{"floor":16,"key":"GhostInAJar"},{"floor":19,"key":"SpeedPotion"},{"floor":20,"key":"AttackPotion"},{"floor":28,"key":"SmokeBomb"},{"floor":46,"key":"Explosive Potion"},{"floor":47,"key":"GhostInAJar"},{"floor":48,"key":"PowerPotion"}],"is_trial":false,"path_per_floor":["M","M","?","?","?","R","E","R","T","$","M","?","$","M","R","B",null,"M","M","M","$","?","R","?","M","T","?","M","$","M","E","R","B",null,"M","$","M","?","?","E","M","R","T","R","?","E","M","M","R","B",null,"R","$","E","B",null],"character_chosen":"THE_SILENT","items_purchased":["Poisoned Stab","Anchor","Fruit Juice","FearPotion","Dodge and Roll","Vajra","Bag of Preparation","Frozen Eye","MerchantsRug","Swift Potion","Accuracy","Dagger Throw","Underhanded Strike","Tactician","Orrery","Boot","Bag of Marbles","Cloak And Dagger","CunningPotion","Ancient Potion","Accuracy","Blade Dance","Oddly Smooth Stone","MealTicket","Membership Card","Apotheosis","Regen Potion","ClockworkSouvenir","Orichalcum","CaptainsWheel","Panache","LiquidMemories","LiquidMemories","Weak Potion","Distraction"],"campfire_rested":0,"item_purchase_floors":[10,10,10,10,21,21,21,21,21,21,21,21,21,21,29,29,29,29,29,29,29,29,36,36,36,36,36,53,53,53,53,53,53,53,53],"current_hp_per_floor":[70,70,70,59,70,70,49,49,49,59,59,75,72,72,72,35,72,62,62,62,62,46,46,46,51,51,51,45,45,45,38,38,43,72,72,72,72,47,48,48,48,48,48,48,48,42,42,45,45,60,72,72,72,72,17],"gold":8610,"neow_bonus":"BOSS_RELIC","is_daily":false,"chose_seed":false,"campfire_upgraded":8,"win_rate":0.0,"timestamp":1608135908,"path_taken":["M","M","?","?","?","R","E","R","T","$","?","?","?","M","R","BOSS","M","M","M","$","?","R","?","?","T","?","M","?","M","E","R","BOSS","M","$","M","?","?","E","M","R","T","R","?","E","M","?","R","BOSS","R","$","E","BOSS"],"items_purchased_type":["Card","Relic","Potion","Potion","Card","Relic","Relic","Relic","Relic","Potion","Card","Card","Card","Card","Relic","Relic","Relic","Card","Potion","Potion","Card","Card","Relic","Relic","Relic","Card","Potion","Relic","Relic","Relic","Card","Potion","Potion","Potion","Card"],"build_version":"2020-12-13","purchased_purges":14,"victory":true,"max_hp_per_floor":[70,70,70,70,70,70,70,70,70,75,75,75,72,72,72,72,72,72,72,72,72,72,72,72,72,72,72,72,72,72,72,72,72,72,72,72,72,72,72,72,72,72,72,72,72,72,72,72,72,72,72,72,72,72,72],"card_choices":[{"not_picked":["Setup","PiercingWail"],"picked":"Flying Knee","floor":1},{"not_picked":["Sucker Punch","Blade Dance"],"picked":"Infinite Blades","floor":2},{"not_picked":["Blade Dance","Glass Knife"],"picked":"Corpse Explosion","floor":7},{"not_picked":["Slice","Dodge and Roll"],"picked":"Endless Agony","floor":11},{"not_picked":["Blade Dance","Blur"],"picked":"Bane","floor":14},{"not_picked":["Bullet Time","Phantasmal Killer"],"picked":"Doppelganger","floor":16},{"not_picked":[],"picked":"Finisher+1","floor":18},{"not_picked":[],"picked":"Noxious Fumes","floor":19},{"not_picked":["Outmaneuver"],"picked":"SKIP","floor":20},{"not_picked":[],"picked":"Sucker Punch","floor":25},{"not_picked":[],"picked":"Cloak And Dagger","floor":28},{"not_picked":[],"picked":"Flechettes","floor":29},{"not_picked":[],"picked":"Backflip","floor":29},{"not_picked":[],"picked":"Poisoned Stab","floor":29},{"not_picked":[],"picked":"Underhanded Strike","floor":29},{"not_picked":[],"picked":"All Out Attack","floor":29},{"not_picked":["Riddle With Holes"],"picked":"SKIP","floor":30},{"not_picked":["Finisher"],"picked":"SKIP","floor":31},{"not_picked":[],"picked":"Corpse Explosion","floor":33},{"not_picked":["Dodge and Roll"],"picked":"SKIP","floor":35},{"not_picked":["Slice"],"picked":"SKIP","floor":37},{"not_picked":[],"picked":"Prepared","floor":38},{"not_picked":["Bane"],"picked":"SKIP","floor":40},{"not_picked":["PiercingWail"],"picked":"SKIP","floor":41},{"not_picked":[],"picked":"Jack Of All Trades","floor":45},{"not_picked":["Quick Slash+1"],"picked":"SKIP","floor":46},{"not_picked":["Eviscerate+1"],"picked":"SKIP","floor":47},{"not_picked":[],"picked":"Tactician+1","floor":48},{"not_picked":[],"picked":"PiercingWail","floor":54}],"player_experience":128818,"relics_obtained":[{"floor":7,"key":"Toy Ornithopter"},{"floor":9,"key":"Mummified Hand"},{"floor":22,"key":"Enchiridion"},{"floor":26,"key":"Matryoshka"},{"floor":31,"key":"Gambling Chip"},{"floor":38,"key":"TungstenRod"},{"floor":39,"key":"Thread and Needle"},{"floor":40,"key":"Smiling Mask"},{"floor":43,"key":"Whetstone"},{"floor":46,"key":"Lizard Tail"},{"floor":54,"key":"Bird Faced Urn"}],"event_choices":[{"damage_healed":0,"gold_gain":175,"player_choice":"AGREE","damage_taken":0,"max_hp_gain":0,"max_hp_loss":0,"event_name":"Liars Game","floor":3,"gold_loss":0,"cards_obtained":["Doubt"]},{"damage_healed":0,"gold_gain":75,"player_choice":"Gather Gold","damage_taken":11,"max_hp_gain":0,"max_hp_loss":0,"event_name":"World of Goop","floor":4,"gold_loss":0},{"damage_healed":17,"gold_gain":0,"player_choice":"Healed","damage_taken":0,"max_hp_gain":0,"max_hp_loss":0,"event_name":"The Cleric","floor":5,"gold_loss":35},{"damage_healed":18,"gold_gain":0,"player_choice":"Healed and dodged fight","damage_taken":0,"max_hp_gain":0,"max_hp_loss":0,"event_name":"Mushrooms","floor":12,"gold_loss":0,"cards_obtained":["Parasite"]},{"damage_healed":0,"gold_gain":0,"player_choice":"Obtained Book","damage_taken":16,"max_hp_gain":0,"max_hp_loss":0,"event_name":"Cursed Tome","floor":22,"gold_loss":0},{"damage_healed":0,"gold_gain":0,"player_choice":"Obtained Relic","damage_taken":0,"relics_obtained":["Paper Crane"],"max_hp_gain":0,"max_hp_loss":0,"event_name":"Addict","floor":24,"gold_loss":85},{"damage_healed":0,"gold_gain":0,"player_choice":"Copied","damage_taken":0,"max_hp_gain":0,"max_hp_loss":0,"event_name":"Duplicator","floor":27,"gold_loss":0,"cards_obtained":["Corpse Explosion"]},{"damage_healed":0,"gold_gain":0,"player_choice":"Fight","damage_taken":0,"max_hp_gain":0,"max_hp_loss":0,"event_name":"MindBloom","floor":38,"gold_loss":0},{"damage_healed":0,"gold_gain":0,"player_choice":"Fight","damage_taken":0,"max_hp_gain":0,"max_hp_loss":0,"event_name":"Mysterious Sphere","floor":39,"gold_loss":0},{"damage_healed":0,"gold_gain":0,"player_choice":"Memory 1","damage_taken":0,"max_hp_gain":0,"max_hp_loss":0,"event_name":"SensoryStone","floor":45,"gold_loss":0}],"is_beta":false,"boss_relics":[{"not_picked":["Tiny House","Ectoplasm"],"picked":"Busted Crown"},{"not_picked":["Pandora\u0027s Box","Runic Dome"],"picked":"Philosopher\u0027s Stone"}],"items_purged_floors":[10,10,10,10,10,10,13,21,21,21,21,29,29,29],"is_endless":false,"potions_floor_spawned":[1,7,16,19,20,28,38,46,47,48],"ascension_level":0}}