{"host":"d5zlp9udt2hvvjfh","time":1608157763,"event":{"mods":["AchievementEnabler","BaseMod","Minty Spire (QoL Compilation)","Permanent Neow","Relic Stats","StSLib"],"gold_per_floor":[110,110,128,140,156,156,231,261,261,261,279,291,291,326,326,326,326],"floor_reached":16,"playtime":743,"items_purged":[],"score":179,"play_id":"7af3dc22-c915-47c1-80ca-c85d5b5f7eb8","local_time":"20201216232923","is_ascension_mode":true,"campfire_choices":[{"data":"Zap","floor":6,"key":"SMITH"},{"data":"Reboot","floor":10,"key":"SMITH"},{"floor":13,"key":"REST"},{"data":"Go for the Eyes","floor":15,"key":"SMITH"}],"circlet_count":0,"master_deck":["AscendersBane","Strike_B","Strike_B","Strike_B","Strike_B","Defend_B","Defend_B","Defend_B","Defend_B+1","Zap+1","Dualcast+1","Scrape","Rebound","Streamline","Reboot+1","Auto Shields","Pain","Go for the Eyes+1","Hologram","Defragment"],"relics":["Cursed Key","Dead Branch","Eternal Feather","Darkstone Periapt"],"acts_visited":["Exordium"],"potions_floor_usage":[16],"damage_taken":[{"damage":0,"enemies":"2 Louse","floor":1,"turns":2},{"damage":0,"enemies":"Small Slimes","floor":3,"turns":3},{"damage":0,"enemies":"Cultist","floor":4,"turns":4},{"damage":3,"enemies":"Blue Slaver","floor":5,"turns":3},{"damage":17,"enemies":"Lagavulin","floor":8,"turns":5},{"damage":14,"enemies":"Red Slaver","floor":11,"turns":4},{"damage":0,"enemies":"Gremlin Gang","floor":12,"turns":4},{"damage":17,"enemies":"Gremlin Nob","floor":14,"turns":3},{"damage":50,"enemies":"Hexaghost","floor":16,"turns":11}],"seed_played":"-3943008039385576666","potions_obtained":[{"floor":3,"key":"SpeedPotion"},{"floor":12,"key":"DistilledChaos"}],"is_trial":false,"path_per_floor":["M","?","M","M","M","R","?","E","T","R","M","M","R","E","R","B"],"character_chosen":"DEFECT","items_purchased":[],"campfire_rested":1,"item_purchase_floors":[],"current_hp_per_floor":[68,53,53,53,50,50,39,22,22,31,17,17,48,31,43,0,0],"gold":326,"neow_bonus":"BOSS_RELIC","is_daily":false,"chose_seed":false,"campfire_upgraded":3,"win_rate":0.0,"timestamp":1608157763,"path_taken":["M","?","M","M","M","R","?","E","T","R","M","M","R","E","R","BOSS"],"items_purchased_type":[],"build_version":"2020-12-13","purchased_purges":0,"victory":false,"max_hp_per_floor":[75,75,75,75,75,75,75,75,75,75,75,75,75,75,75,75,75],"relic_stats":{"Darkstone Periapt":0,"counters":[9,39],"Dead Branch":[10],"Eternal Feather":30,"Cursed Key":1,"obtain_stats":[{"Darkstone Periapt":14,"Dead Branch":8,"Eternal Feather":9,"Cracked Core":0,"Cursed Key":0},{"Darkstone Periapt":8,"Dead Branch":5,"Eternal Feather":5,"Cracked Core":0,"Cursed Key":0},{"Darkstone Periapt":28,"Dead Branch":17,"Eternal Feather":17,"Cracked Core":0,"Cursed Key":0}]},"card_choices":[{"not_picked":["Compile Driver","Sweeping Beam"],"picked":"Scrape","floor":1},{"not_picked":["Barrage","Hologram"],"picked":"Rebound","floor":3},{"not_picked":["Sweeping Beam","Redo"],"picked":"Streamline","floor":4},{"not_picked":["Chaos","Compile Driver"],"picked":"Reboot","floor":5},{"not_picked":["Heatsinks","Compile Driver"],"picked":"Auto Shields","floor":8},{"not_picked":["Coolheaded","Tempest"],"picked":"Go for the Eyes","floor":11},{"not_picked":["Leap","Melter"],"picked":"Hologram","floor":12},{"not_picked":["Multi-Cast","FTL"],"picked":"Defragment","floor":14}],"player_experience":1125898,"relics_obtained":[{"floor":8,"key":"Dead Branch"},{"floor":9,"key":"Eternal Feather"},{"floor":14,"key":"Darkstone Periapt"}],"event_choices":[{"damage_healed":0,"gold_gain":0,"player_choice":"Entered Light","damage_taken":15,"max_hp_gain":0,"max_hp_loss":0,"event_name":"Shining Light","floor":2,"gold_loss":0,"cards_upgraded":["Dualcast","Defend_B"]},{"damage_healed":0,"gold_gain":75,"player_choice":"Gather Gold","damage_taken":11,"max_hp_gain":0,"max_hp_loss":0,"event_name":"World of Goop","floor":7,"gold_loss":0}],"is_beta":false,"boss_relics":[],"items_purged_floors":[],"is_endless":false,"potions_floor_spawned":[3,12,14],"killed_by":"Hexaghost","ascension_level":12}}