{"host":"wha9hktbkslqvblg","time":1608100827,"event":{"mods":["BaseMod","Colored Map","Minty Spire (QoL Compilation)","Relic Stats","SuperFastMode","everything is the same but u backflip on backflip"],"gold_per_floor":[111,122,122,47,47,47,79,93,93,108,128,163,163,179,179,179,179],"floor_reached":16,"playtime":315,"items_purged":["Strike_R"],"score":274,"play_id":"32c0d412-0929-426f-b904-84b3aa0883a6","local_time":"20201216154027","is_ascension_mode":true,"campfire_choices":[{"data":"Bash","floor":6.0,"key":"SMITH"},{"data":"Blood for Blood","floor":13.0,"key":"SMITH"},{"data":"Dual Wield","floor":15.0,"key":"SMITH"}],"circlet_count":0,"master_deck":["AscendersBane","Strike_R","Strike_R","Strike_R","Strike_R","Defend_R","Defend_R","Defend_R","Defend_R","Bash+1","Hemokinesis+1","Inflame","Shrug It Off","Blood for Blood+1","Dual Wield+1"],"relics":["Burning Blood","NeowsBlessing","Self Forming Clay","Juzu Bracelet","PreservedInsect"],"acts_visited":["Exordium"],"potions_floor_usage":[16,16],"damage_taken":[{"damage":0.0,"enemies":"Jaw Worm","floor":1.0,"turns":1.0},{"damage":0.0,"enemies":"2 Louse","floor":2.0,"turns":2.0},{"damage":0.0,"enemies":"3 Sentries","floor":7.0,"turns":2.0},{"damage":2.0,"enemies":"Cultist","floor":8.0,"turns":2.0},{"damage":9.0,"enemies":"Red Slaver","floor":10.0,"turns":3.0},{"damage":14.0,"enemies":"2 Fungi Beasts","floor":11.0,"turns":3.0},{"damage":24.0,"enemies":"Gremlin Nob","floor":12.0,"turns":4.0},{"damage":24.0,"enemies":"Gremlin Gang","floor":14.0,"turns":4.0},{"damage":38,"enemies":"The Guardian","floor":16,"turns":11}],"seed_played":"-6645807486330566047","potions_obtained":[{"floor":1.0,"key":"EntropicBrew"},{"floor":12.0,"key":"Fruit Juice"},{"floor":14.0,"key":"FearPotion"}],"is_trial":false,"path_per_floor":["M","M","?","$","?","R","E","M","T","M","M","E","R","M","R","B"],"character_chosen":"IRONCLAD","items_purchased":[],"campfire_rested":0,"item_purchase_floors":[],"current_hp_per_floor":[74,75,80,80,80,80,80,80,80,77,69,51,51,38,38,0,0],"gold":179,"neow_bonus":"THREE_ENEMY_KILL","is_daily":false,"chose_seed":false,"campfire_upgraded":3,"win_rate":0.0,"timestamp":1608100827,"path_taken":["M","M","?","$","?","R","E","M","T","M","M","E","R","M","R","BOSS"],"items_purchased_type":[],"build_version":"2020-12-13","purchased_purges":1,"victory":false,"max_hp_per_floor":[75,75,80,80,80,80,80,80,80,80,80,80,80,85,85,85,85],"relic_stats":{"counters":[9,32],"Self Forming Clay":[72],"PreservedInsect":0,"Juzu Bracelet":0,"obtain_stats":[{"NeowsBlessing":0,"Self Forming Clay":7,"PreservedInsect":12,"Juzu Bracelet":9,"Burning Blood":0},{"NeowsBlessing":0,"Self Forming Clay":3,"PreservedInsect":7,"Juzu Bracelet":4,"Burning Blood":0},{"NeowsBlessing":0,"Self Forming Clay":5,"PreservedInsect":17,"Juzu Bracelet":7,"Burning Blood":0}],"Burning Blood":33},"card_choices":[{"not_picked":["Sentinel","Warcry","Dual Wield"],"picked":"SKIP","floor":1.0},{"not_picked":["Thunderclap","Power Through"],"picked":"Hemokinesis","floor":2.0},{"not_picked":["Anger","Bludgeon","Twin Strike"],"picked":"SKIP","floor":7.0},{"not_picked":["Flex","Headbutt"],"picked":"Inflame","floor":8.0},{"not_picked":["Thunderclap","Flex"],"picked":"Shrug It Off","floor":10.0},{"not_picked":["Dark Embrace","Flex"],"picked":"Blood for Blood","floor":11.0},{"not_picked":["Headbutt","Sword Boomerang","Rupture"],"picked":"SKIP","floor":12.0},{"not_picked":["Thunderclap","Dropkick"],"picked":"Dual Wield","floor":14.0}],"player_experience":852873,"relics_obtained":[{"floor":7.0,"key":"Self Forming Clay"},{"floor":9.0,"key":"Juzu Bracelet"},{"floor":12.0,"key":"PreservedInsect"}],"event_choices":[{"damage_healed":0.0,"max_hp_gain":5.0,"max_hp_loss":0.0,"gold_gain":0.0,"event_name":"Big Fish","player_choice":"Donut","floor":3.0,"gold_loss":0.0,"damage_taken":0.0},{"damage_healed":0.0,"max_hp_gain":0.0,"max_hp_loss":0.0,"gold_gain":0.0,"event_name":"Upgrade Shrine","player_choice":"Upgraded","floor":5.0,"gold_loss":0.0,"damage_taken":0.0,"cards_upgraded":["Hemokinesis"]}],"is_beta":false,"boss_relics":[],"items_purged_floors":[4],"is_endless":false,"potions_floor_spawned":[1,12,14],"killed_by":"The Guardian","ascension_level":20}}