{"host":"fhxb6lstqf7mbqu1","time":1608102297,"event":{"mods":["Bard","BaseMod","BetterRewards","Colored Map","Downfall","Duelist Mod","Infinite Spire","Minty Spire (QoL Compilation)","Replay The Spire","StSLib","The Cursed","The Jungle","The Servant 0.9.4"],"gold_per_floor":[114,114,114,114,999482,999482,999501,999532,999532,999559,999559,999588,999599,999617,999617,999722,999822,999834,999884,999799,999799,999814,999826,999843,999843,999843,999872,999872,999872,999872,999891,999891,999992,999992,1000002,1000102,1000163,999599,999616,999650,999668,999668,999668,999680,999691,999706,999706,999720,999720,999815,999815,999815,999815],"floor_reached":52,"playtime":4037,"items_purged":["Defend_G","Strike_G","Strike_G","Defend_G","Defend_G","PanicButton","Defend_G","Strike_G","Strike_G","Defend_G","Survivor","ReplayTheSpireMod:Splinters"],"score":1137,"play_id":"a4403211-4755-4c04-9a4d-9eeddf3bd788","local_time":"20201216180457","is_ascension_mode":false,"campfire_choices":[{"data":"infinitespire:Gouge","floor":6.0,"key":"SMITH"},{"data":"Replay:Bag of Tricks","floor":11.0,"key":"SMITH"},{"data":"1","floor":15.0,"key":"LIFT"},{"data":"infinitespire:FutureSight","floor":25.0,"key":"SMITH"},{"data":"2","floor":28.0,"key":"LIFT"},{"data":"3","floor":30.0,"key":"LIFT"},{"data":"expansioncontent:Corrupt","floor":32.0,"key":"SMITH"},{"data":"Doubt","floor":47,"key":"PURGE"}],"circlet_count":0,"master_deck":["Neutralize","Riddle With Holes+1","Toxin Wave","Backflip","Panacea","expansioncontent:Corrupt+1","Mayhem+1","Backflip","Backstab","ReplayTheSpireMod:Private Reserves","Acrobatics","Pot Of Greed+1","Pot Of Greed+1","Pot Of Greed+1","Acrobatics","Discovery","Flash of Steel","Backflip","ReplayTheSpireMod:From All Sides","Footwork","Infinite Blades","ReplayUltimateDefense","Pot Of Greed+1","Pot Of Greed+1","expansioncontent:TimeRipple","expansioncontent:QuickStudy+1","infinitespire:Gouge+1","Bandage Up","Replay:Bag of Tricks+1","Crippling Poison","Replay:Bag of Tricks","Dash","After Image","infinitespire:FutureSight+1","Pot Of Greed+1","infinitespire:Starlight","ReplayTheSpireMod:Black Plague","infinitespire:Execution+1","ReplayTheSpireMod:The Works+1","Eviscerate","Crippling Poison+1","Backflip","All Out Attack","Bullet Time","Replay:Bag of Tricks","Pot Of Greed+1","infinitespire:FutureSight","ReplayTheSpireMod:Black Plague","Replay:SS_hec_2+1","Calculated Gamble+1","infinitespire:FutureSight","infinitespire:Fortify","infinitespire:DeathsTouch","ReplayTheSpireMod:Haul","infinitespire:SevenWalls","Bullet Time+1","Pot Of Greed+1"],"relics":["Ring of the Snake","FossilizedHelix","Pen Nib","Girya","infinitespire:CursedDice","infinitespire:Magic Flask","OrangePellets","Durian","Regal Pillow","Shovel","PreservedInsect","Bronze Scales","HandDrill","Vampiric Spirits","Grinning Jar","Toy Ornithopter","Membership Card","Replay:Towering Pillar of Hats","Snake Skull","Bag of Preparation","Slimebound:ScrapOozeRelic","Replay:Ringing Soul","Ancient Tea Set","Replay:Wax Seal","TwistedFunnel","Tough Bandages","Blood Vial","Oddly Smooth Stone","Pocketwatch","Replay:PocketPolymizer","TheAbacus","Counterbalance","Pet Ghost","Ginger","infinitespire:Lucky Rock","WingedGreaves","Chemical X","Gambling Chip","Replay:Accelerometer","ClockworkSouvenir","Replay:Multitool","Replay:Bottled Snecko","Lizard Tail","DollysMirror","Replay:WaspNest","Chameleon Ring","Medical Kit","Basket Of Snakes","Replay:Kaleidoscope","Guide Book","Kunai","infinitespire:PuzzleCube","TungstenRod","Replay:Bottled Eggs","Darkstone Periapt","InkBottle","ReplayTheSpireMod:TigerMarble","Bottled Tornado","Replay:Grab Bag","Replay:Wanted Poster","ChewingGum","Runic Pyramid","Replay:Drink Me","Tiny House","Strawberry","Bag of Marbles","Mirror","Matryoshka","ReplayTheSpireMod:SealedPack","Bird Faced Urn","Lantern","Golden Egg","infinitespire:Golems Mask","Frozen Eye","Gremlin Horn","WristBlade","Nunchaku","Nunchaku","Replay:Arrowhead","Philosopher\u0027s Stone"],"acts_visited":["Exordium","TheCity","TheBeyond","Exordium"],"potions_floor_usage":[],"damage_taken":[{"damage":0.0,"enemies":"Jaw Worm","floor":1.0,"turns":2.0},{"damage":0.0,"enemies":"Small Slimes","floor":7.0,"turns":2.0},{"damage":0.0,"enemies":"Gremlin Nob","floor":8.0,"turns":1.0},{"damage":0.0,"enemies":"3 Sentries","floor":12.0,"turns":1.0},{"damage":0.0,"enemies":"2 Louse","floor":13.0,"turns":1.0},{"damage":0.0,"enemies":"Looter","floor":14.0,"turns":2.0},{"damage":0.0,"enemies":"Hexaghost","floor":16.0,"turns":3.0},{"damage":0.0,"enemies":"3 Byrds","floor":18.0,"turns":1.0},{"damage":0.0,"enemies":"Shell Parasite","floor":22.0,"turns":1.0},{"damage":0.0,"enemies":"Snecko","floor":23.0,"turns":1.0},{"damage":0.0,"enemies":"Shelled Parasite and Fungi","floor":24.0,"turns":1.0},{"damage":0.0,"enemies":"Nightmare","floor":27.0,"turns":2.0},{"damage":0.0,"enemies":"Snake Plant","floor":31.0,"turns":1.0},{"damage":0.0,"enemies":"Collector","floor":33.0,"turns":1.0},{"damage":0.0,"enemies":"3 Darklings","floor":35.0,"turns":1.0},{"damage":0.0,"enemies":"infinitespire:Three Voidlings","floor":36.0,"turns":1.0},{"damage":0.0,"enemies":"Nightmare_Alpha","floor":36.0,"turns":6.0},{"damage":0,"enemies":"Orb Walker","floor":39,"turns":1},{"damage":0,"enemies":"Giant Head","floor":40,"turns":1},{"damage":0,"enemies":"Writhing Mass","floor":41,"turns":2},{"damage":0,"enemies":"Spire Growth","floor":44,"turns":2},{"damage":0,"enemies":"3 Darklings","floor":45,"turns":2},{"damage":0,"enemies":"Transient","floor":46,"turns":3},{"damage":0,"enemies":"Spire Growth","floor":48,"turns":2},{"damage":0,"enemies":"Replay:Hell Engine","floor":50,"turns":3},{"damage":0,"enemies":"2 Louse","floor":52,"turns":1}],"seed_played":"-3162606581870544326","potions_obtained":[],"is_trial":false,"path_per_floor":["M","?","?","?","$","R","M","E","T","T","R","E","M","M","R","B",null,"M","AVR","?","?","M","M","M","R","T","NM","R","?","R","M","R_BF","B",null,"M","?","?","$","M","E","M","AVR","T","M","M","M","R","M","R_BF","B",null,"M"],"character_chosen":"THE_SILENT","items_purchased":["FossilizedHelix","Pen Nib","Adrenaline Potion","DuplicationPotion","Block Potion","Noxious Fumes","Deflect","infinitespire:CursedDice","Riddle With Holes+1","Toxin Wave","Backflip","Noxious Fumes","Panacea","expansioncontent:Corrupt","OrangePellets","Durian","Regal Pillow","Mayhem","Footwork","Backflip","Backstab","ReplayTheSpireMod:Private Reserves","Acrobatics","PreservedInsect","Bronze Scales","HandDrill","Grinning Jar","Toy Ornithopter","Membership Card","Acrobatics","Ancient Tea Set","Replay:Wax Seal","TwistedFunnel","Backflip","Blood Vial","Oddly Smooth Stone","ReplayTheSpireMod:From All Sides","TheAbacus","Counterbalance","Pet Ghost","Footwork","infinitespire:Lucky Rock","WingedGreaves","Chemical X","Infinite Blades","ReplayUltimateDefense","Replay:Accelerometer","ClockworkSouvenir","Replay:Bottled Snecko","DollysMirror","expansioncontent:TimeRipple","expansioncontent:QuickStudy","Replay:WaspNest","Chameleon Ring","Medical Kit","Guide Book","Kunai","infinitespire:PuzzleCube","Bandage Up","TungstenRod","Replay:Bottled Eggs","Replay:Bag of Tricks","Golden Egg","infinitespire:Golems Mask","Frozen Eye","Replay:SS_hec_2"],"campfire_rested":0,"item_purchase_floors":[0,0,0,0,0,0,0,0,0,0,0,0,0,0,0,0,0,0,0,0,0,0,0,0,0,0,0,0,0,0,0,0,0,0,0,0,0,0,0,0,0,0,0,0,0,0,0,0,0,0,0,0,0,0,0,0,0,0,5,5,5,5,38,38,38,38],"current_hp_per_floor":[74,67,67,51,54,54,66,84,84,84,84,93,96,96,99,102,77,77,92,92,92,92,92,92,95,95,98,101,101,104,104,107,110,119,119,122,131,134,134,134,137,140,140,140,140,140,149,149,149,152,152,152,152],"gold":999815,"neow_bonus":"","is_daily":false,"chose_seed":false,"campfire_upgraded":4,"win_rate":0.0,"timestamp":1608102297,"path_taken":["M","?","?","?","$","R","M","E","T","?","R","E","M","M","R","BOSS","M","AVR","?","?","?","M","M","R","T","NM","R","?","R","M","R_BF","BOSS","M","?","?","$","M","E","M","AVR","T","M","M","M","R","M","R_BF","BOSS","M"],"items_purchased_type":["Relic","Relic","Potion","Potion","Potion","Card","Card","Relic","Card","Card","Card","Card","Card","Card","Relic","Relic","Relic","Card","Card","Card","Card","Card","Card","Relic","Relic","Relic","Relic","Relic","Relic","Card","Relic","Relic","Relic","Card","Relic","Relic","Card","Relic","Relic","Relic","Card","Relic","Relic","Relic","Card","Card","Relic","Relic","Relic","Relic","Card","Card","Relic","Relic","Relic","Relic","Relic","Relic","Card","Relic","Relic","Card","Relic","Relic","Relic","Card"],"build_version":"2020-11-30","purchased_purges":12,"victory":false,"max_hp_per_floor":[78,78,78,81,84,84,87,90,90,90,90,93,96,96,99,102,77,77,92,92,92,92,92,92,95,95,98,101,101,104,104,107,110,119,119,122,131,134,134,134,137,140,140,140,140,140,149,149,149,152,152,152,152],"card_choices":[{"not_picked":["Distraction","Deflect","Choke"],"picked":"SKIP","floor":1.0},{"not_picked":["infinitespire:TheBestDefense","infinitespire:Menacing"],"picked":"infinitespire:Gouge","floor":4.0},{"not_picked":["Blade Dance","Deflect"],"picked":"Crippling Poison","floor":7.0},{"not_picked":["Dagger Spray","PiercingWail"],"picked":"Replay:Bag of Tricks","floor":8.0},{"not_picked":["Slice","ReplayTheSpireMod:Scrap Shanks","Riddle With Holes"],"picked":"SKIP","floor":12.0},{"not_picked":["Slice","Riddle With Holes"],"picked":"ReplayTheSpireMod:Scrap Shanks","floor":12.0},{"not_picked":["ReplayTheSpireMod:Shiv Toss","Hidden Blade"],"picked":"Underhanded Strike","floor":13.0},{"not_picked":["ReplayTheSpireMod:Exploit Weakness","Heel Hook","Deadly Poison"],"picked":"SKIP","floor":14.0},{"not_picked":["Doppelganger","Venomology"],"picked":"After Image","floor":16.0},{"not_picked":["Replay:Poison Smokescreen+1","Prepared","Toxin Wave"],"picked":"SKIP","floor":18.0},{"not_picked":["Crippling Poison","Draining Mist"],"picked":"ReplayTheSpireMod:The Works+1","floor":19.0},{"not_picked":["PiercingWail","Slice","Deflect"],"picked":"SKIP","floor":22.0},{"not_picked":["Prepared","Flying Knee","Expertise"],"picked":"SKIP","floor":23.0},{"not_picked":["Flying Knee","Riddle With Holes","Prepared"],"picked":"SKIP","floor":24.0},{"not_picked":["Quick Slash","Acrobatics"],"picked":"Crippling Poison+1","floor":27.0},{"not_picked":["Blade Dance","Poisoned Stab","ReplayTheSpireMod:Scrap Shanks"],"picked":"SKIP","floor":31.0},{"not_picked":["After Image","ReplayTheSpireMod:From All Sides"],"picked":"Bullet Time","floor":33.0},{"not_picked":["Tools of the Trade","Venomology"],"picked":"Replay:Bag of Tricks","floor":34.0},{"not_picked":["infinitespire:Oblivion","infinitespire:Execution"],"picked":"infinitespire:FutureSight","floor":34.0},{"not_picked":["Backflip","Dagger Spray+1","Poisoned Stab"],"picked":"SKIP","floor":35.0},{"not_picked":["ReplayTheSpireMod:??????????????????????","infinitespire:FutureSight"],"picked":"ReplayTheSpireMod:Black Plague","floor":36},{"not_picked":["Bouncing Flask+1","Blade Dance+1","Poisoned Stab"],"picked":"SKIP","floor":39},{"not_picked":["infinitespire:Neurotoxin","Outmaneuver+1","Dagger Spray"],"picked":"SKIP","floor":40},{"not_picked":["Tactician+1","Acrobatics"],"picked":"Calculated Gamble+1","floor":41},{"not_picked":["Dodge and Roll+1","Acrobatics+1","Prepared+1"],"picked":"SKIP","floor":44},{"not_picked":["PiercingWail+1","Caltrops","Flechettes+1"],"picked":"SKIP","floor":45},{"not_picked":["Deflect","Poisoned Stab","Escape Plan+1"],"picked":"SKIP","floor":46},{"not_picked":["Bouncing Flask+1","Dagger Throw+1","Reflex+1"],"picked":"SKIP","floor":48},{"not_picked":["Envenom","Malaise"],"picked":"Bullet Time","floor":50}],"player_experience":10945,"relics_obtained":[{"floor":8.0,"key":"Darkstone Periapt"},{"floor":9.0,"key":"InkBottle"},{"floor":10.0,"key":"ReplayTheSpireMod:TigerMarble"},{"floor":12.0,"key":"Bottled Tornado"},{"floor":26.0,"key":"Mirror"},{"floor":27.0,"key":"Matryoshka"},{"floor":36,"key":"Bird Faced Urn"},{"floor":37,"key":"Lantern"},{"floor":40,"key":"Gremlin Horn"},{"floor":43,"key":"Nunchaku"},{"floor":43,"key":"Replay:Arrowhead"}],"event_choices":[{"cards_removed":["Slice"],"damage_healed":0.0,"max_hp_gain":0.0,"max_hp_loss":0.0,"gold_gain":0.0,"event_name":"Golden Wing","player_choice":"Card Removal","floor":2.0,"gold_loss":0.0,"damage_taken":7.0},{"damage_healed":0.0,"max_hp_gain":0.0,"max_hp_loss":0.0,"gold_gain":0.0,"event_name":"Golden Idol","player_choice":"Ignored","floor":3.0,"gold_loss":0.0,"damage_taken":0.0},{"damage_healed":0.0,"max_hp_gain":0.0,"max_hp_loss":0.0,"gold_gain":0.0,"event_name":"Addict","player_choice":"Obtained Relic","floor":20.0,"gold_loss":85.0,"damage_taken":0.0,"relics_obtained":["Bag of Marbles"]},{"cards_removed":["Footwork"],"damage_healed":0.0,"max_hp_gain":0.0,"max_hp_loss":0.0,"gold_gain":0.0,"event_name":"Wheel of Change","player_choice":"Card Removal","floor":21.0,"gold_loss":0.0,"damage_taken":0.0},{"damage_healed":0.0,"max_hp_gain":0.0,"max_hp_loss":0.0,"gold_gain":0.0,"event_name":"Lab","player_choice":"Got Potions","floor":29.0,"gold_loss":0.0,"damage_taken":0.0},{"cards_removed":["Deflect"],"damage_healed":0,"gold_gain":0,"player_choice":"Purged","damage_taken":0,"max_hp_gain":0,"max_hp_loss":0,"event_name":"Purifier","floor":49,"gold_loss":0}],"is_beta":false,"boss_relics":[{"not_picked":["Replay:Fungal Core","Velvet Choker"],"picked":"Replay:Grab Bag"},{"not_picked":["Coffee Dripper","Sozu"],"picked":"Replay:Wanted Poster"},{"not_picked":["Cursed Key","infinitespire:Cupcake"],"picked":"ChewingGum"},{"not_picked":["Kintsugi","Calling Bell"],"picked":"Runic Pyramid"},{"not_picked":["Ring of the Serpent","Empty Cage"],"picked":"Replay:Drink Me"},{"not_picked":["Ring of Chaos","Busted Crown"],"picked":"ReplayTheSpireMod:SealedPack"},{"not_picked":["HoveringKite","Painkiller Herb"],"picked":"Philosopher\u0027s Stone"}],"items_purged_floors":[0,0,0,0,0,0,0,0,0,0,5,38],"is_endless":true,"potions_floor_spawned":[1,7,13,14,16,24,27,31,33,39,45,46],"killed_by":"2 Louse","ascension_level":0}}