{"host":"in0wrqv1d65r4vfd","time":1608078189,"event":{"mods":["BaseMod","Downfall","Minty Spire (QoL Compilation)","Relic Stats","Replay The Spire","StSLib"],"gold_per_floor":[99,127,127,39,214,314,314,314,331,357,36,36,21,37,57,155,155,80,104,122,150,160,29,29,129,129,157,167,181,241,291,306,403,453,453,470,520,553,553,588,625,637,659,705,730,756,350,122,140,140],"floor_reached":51,"playtime":5127,"items_purged":["Voices","Doubt","Slimebound:Defend_Slimebound"],"score":883,"play_id":"b3ecc8cf-2ca4-4419-9bab-c60a42216694","local_time":"20201215192309","is_ascension_mode":false,"campfire_choices":[{"data":"Slimebound:Split","floor":1,"key":"SMITH"},{"data":"Slimebound:ComboTackle","floor":3,"key":"SMITH"},{"data":"Slimebound:MinionMaster","floor":8,"key":"SMITH"},{"data":"Slimebound:OneTwoCombo","floor":18,"key":"SMITH"},{"data":"expansioncontent:Corrupt","floor":26,"key":"SMITH"},{"floor":35,"key":"DIG"},{"data":"Slimebound:SlimeBrawl","floor":39,"key":"SMITH"},{"data":"Slimebound:RejuvenatingLick","floor":42,"key":"SMITH"}],"circlet_count":0,"master_deck":["Slimebound:Tackle","Slimebound:Defend_Slimebound+1","Slimebound:Defend_Slimebound","Slimebound:Defend_Slimebound","Slimebound:Split+1","Slimebound:CorrosiveSpit","Slimebound:ComboTackle+1","Slimebound:OneTwoCombo+1","Slimebound:MinionMaster+1","Slimebound:SplitMire","Slimebound:RejuvenatingLick+1","Slimebound:SplitAcid","Replay:Bootleg Shield Generator","Slimebound:SplitLeeching","Slimebound:PressTheAttack+1","Slimebound:SpikyOuterGoop","Slimebound:PrepareCrush","Slimebound:SamplingLick+1","expansioncontent:Corrupt+1","Slimebound:PressTheAttack+1","Slimebound:Replication","Slimebound:SpikyOuterGoop+1","Slimebound:SplitMire","Slimebound:LevelUp+1","Slimebound:SlimeBarrage","Slimebound:Prepare+1","Slimebound:LevelUp+1","Slimebound:SplitLeeching+1","Slimebound:Tackle+1","Slimebound:Tackle+1","Slimebound:Tackle+1","Slimebound:SplitAcid","Slimebound:RallyTheTroops","Slimebound:ComboTackle","Slimebound:SlimeBrawl+1","Slimebound:LevelUp+1","Slimebound:FirmFortitude+1","Slimebound:SplitMire","Slimebound:Teamwork","Sadistic Nature+1","Slimebound:SplitAcid","Slimebound:ForwardTackle+1","Slimebound:Prepare","Slimebound:Repurpose+1"],"relics":["Slimebound:AbsorbEndCombat","Centennial Puzzle","FossilizedHelix","ReplayTheSpireMod:CursedCoin","Divine Protection","Toy Ornithopter","BargainBundle","ReplayTheSpireMod:Shallot","Painkiller Herb","downfall:HeartBlessingGreen","Membership Card","Slimebound:AggressiveSlimeRelic","Pantograph","Bag of Marbles","Frozen Egg 2","downfall:CloakOfManyFaces","CultistMask","FaceOfCleric","NlothsMask","GremlinMask","SsserpentHead","Replay:Bottled Eggs","Tiny House","Molten Egg 2","Pet Ghost","MawBank","Gremlin Horn","ReplayTheSpireMod:TigerMarble","Replay:Kaleidoscope","HandDrill","ClockworkSouvenir","Anchor"],"acts_visited":["Exordium","TheCity","TheBeyond"],"potions_floor_usage":[33,33],"damage_taken":[{"damage":25,"enemies":"Gremlin Nob","floor":2,"turns":4},{"damage":14,"enemies":"downfall:FleeingMerchant","floor":4,"turns":4},{"damage":3,"enemies":"Small Slimes","floor":9,"turns":2},{"damage":19,"enemies":"Replay:BlueRogue","floor":10,"turns":3},{"damage":20,"enemies":"downfall:FleeingMerchant","floor":11,"turns":4},{"damage":14,"enemies":"downfall:FleeingMerchant","floor":13,"turns":4},{"damage":4,"enemies":"2 Louse","floor":14,"turns":2},{"damage":0,"enemies":"Jaw Worm","floor":15,"turns":2},{"damage":55,"enemies":"downfall:Defect","floor":16,"turns":6},{"damage":30,"enemies":"downfall:FleeingMerchant","floor":19,"turns":3},{"damage":6,"enemies":"Spheric Guardian","floor":20,"turns":3},{"damage":22,"enemies":"Replay:Snechameleon","floor":21,"turns":4},{"damage":0,"enemies":"3 Byrds","floor":22,"turns":3},{"damage":12,"enemies":"downfall:FaceTrader","floor":25,"turns":3},{"damage":25,"enemies":"Book of Stabbing","floor":27,"turns":3},{"damage":22,"enemies":"Snake Plant","floor":28,"turns":2},{"damage":6,"enemies":"Centurion and Healer","floor":29,"turns":3},{"damage":9,"enemies":"Snecko","floor":30,"turns":3},{"damage":0,"enemies":"Cultist and Chosen","floor":32,"turns":3},{"damage":33,"enemies":"downfall:Ironclad","floor":33,"turns":4},{"damage":9,"enemies":"3 Shapes","floor":36,"turns":3},{"damage":48,"enemies":"Reptomancer","floor":38,"turns":5},{"damage":36,"enemies":"Giant Head","floor":40,"turns":6},{"damage":7,"enemies":"Orb Walker","floor":43,"turns":2},{"damage":0,"enemies":"Nemesis","floor":44,"turns":3},{"damage":4,"enemies":"Jaw Worm Horde","floor":45,"turns":1},{"damage":22,"enemies":"3 Darklings","floor":46,"turns":2},{"damage":4,"enemies":"Spire Growth","floor":49,"turns":3},{"damage":49,"enemies":"downfall:Silent","floor":50,"turns":5}],"seed_played":"-1761778347590085736","potions_obtained":[{"floor":9,"key":"Energy Potion"},{"floor":10,"key":"SteroidPotion"},{"floor":14,"key":"Slimebound:SpawnSlimePotion"},{"floor":34,"key":"SpeedPotion"},{"floor":40,"key":"Swift Potion"},{"floor":46,"key":"Adrenaline Potion"}],"is_trial":false,"path_per_floor":["R","E","R","$","?","?","T","R","M","E","$","?","$","M","M","B",null,"T","T","?","E","?","T","T","?","T","E","?","?","?","?","?","B",null,"T","?","?","E","T","E","T","T","?","E","?","?","?","T","?","B",null],"character_chosen":"SLIMEBOUND","items_purchased":["ReplayTheSpireMod:CursedCoin","Slimebound:MinionMaster","BargainBundle","Slimebound:SplitAcid","Replay:Bootleg Shield Generator","AttackPotion","Membership Card","Slimebound:AggressiveSlimeRelic","expansioncontent:Corrupt","Slimebound:SpikyOuterGoop+1","Slimebound:SplitMire","Bag of Marbles","ReplayTheSpireMod:TigerMarble","Replay:Kaleidoscope","HandDrill","Sadistic Nature+1","Slimebound:SplitAcid","ClockworkSouvenir","Anchor","Slimebound:ForwardTackle+1","Slimebound:Prepare"],"campfire_rested":0,"item_purchase_floors":[4,4,11,11,11,11,19,19,19,23,23,23,47,47,47,47,47,48,48,48,48],"current_hp_per_floor":[60,47,47,57,57,57,57,57,57,60,60,35,59,60,60,26,60,60,56,54,60,60,60,60,56,56,61,60,62,55,55,65,62,71,71,72,72,45,45,63,63,63,72,76,77,56,56,56,79,59],"gold":140,"neow_bonus":"RANDOM_COMMON_RELIC","is_daily":false,"chose_seed":false,"campfire_upgraded":7,"win_rate":0.0,"timestamp":1608078189,"path_taken":["R","E","R","$","?","?","T","R","M","E","$","?","$","M","M","BOSS","T","T","?","E","?","T","T","?","T","E","?","?","?","?","?","BOSS","T","?","?","E","T","E","T","T","?","E","?","?","?","T","?","BOSS"],"items_purchased_type":["Relic","Card","Relic","Card","Card","Potion","Relic","Relic","Card","Card","Card","Relic","Relic","Relic","Relic","Card","Card","Relic","Relic","Card","Card"],"build_version":"2020-12-13","purchased_purges":3,"victory":true,"max_hp_per_floor":[60,60,60,60,60,60,60,60,60,60,60,60,60,60,60,60,60,60,60,60,60,60,60,60,60,60,61,62,63,64,64,65,66,71,71,72,72,73,73,74,74,74,75,76,77,78,78,78,79,80],"relic_stats":{"SsserpentHead":200,"Centennial Puzzle":[75],"FaceOfCleric":15,"Gremlin Horn":[2,2],"counters":[29,93],"Pantograph":0,"HandDrill":[8],"MawBank":84,"obtain_stats":[{"Divine Protection":7,"Tiny House":34,"Gremlin Horn":44,"Painkiller Herb":17,"downfall:HeartBlessingGreen":18,"GremlinMask":25,"Pet Ghost":38,"ClockworkSouvenir":48,"SsserpentHead":25,"Centennial Puzzle":0,"FaceOfCleric":25,"Pantograph":21,"downfall:CloakOfManyFaces":25,"HandDrill":47,"Replay:Bottled Eggs":27,"Slimebound:AggressiveSlimeRelic":19,"BargainBundle":11,"ReplayTheSpireMod:CursedCoin":4,"Replay:Kaleidoscope":47,"Frozen Egg 2":24,"MawBank":40,"Anchor":48,"ReplayTheSpireMod:Shallot":12,"Molten Egg 2":35,"CultistMask":25,"Slimebound:AbsorbEndCombat":0,"Bag of Marbles":23,"ReplayTheSpireMod:TigerMarble":47,"Membership Card":19,"FossilizedHelix":2,"Toy Ornithopter":10,"NlothsMask":25},{"Divine Protection":2,"Tiny House":20,"Gremlin Horn":25,"Painkiller Herb":9,"downfall:HeartBlessingGreen":9,"GremlinMask":14,"Pet Ghost":22,"ClockworkSouvenir":27,"SsserpentHead":14,"Centennial Puzzle":0,"FaceOfCleric":14,"Pantograph":12,"downfall:CloakOfManyFaces":14,"HandDrill":27,"Replay:Bottled Eggs":15,"Slimebound:AggressiveSlimeRelic":10,"BargainBundle":5,"ReplayTheSpireMod:CursedCoin":2,"Replay:Kaleidoscope":27,"Frozen Egg 2":13,"MawBank":23,"Anchor":27,"ReplayTheSpireMod:Shallot":5,"Molten Egg 2":20,"CultistMask":14,"Slimebound:AbsorbEndCombat":0,"Bag of Marbles":13,"ReplayTheSpireMod:TigerMarble":27,"Membership Card":10,"FossilizedHelix":1,"Toy Ornithopter":4,"NlothsMask":14},{"Divine Protection":8,"Tiny House":64,"Gremlin Horn":82,"Painkiller Herb":31,"downfall:HeartBlessingGreen":31,"GremlinMask":47,"Pet Ghost":72,"ClockworkSouvenir":85,"SsserpentHead":47,"Centennial Puzzle":0,"FaceOfCleric":47,"Pantograph":41,"downfall:CloakOfManyFaces":47,"HandDrill":85,"Replay:Bottled Eggs":50,"Slimebound:AggressiveSlimeRelic":34,"BargainBundle":17,"ReplayTheSpireMod:CursedCoin":8,"Replay:Kaleidoscope":85,"Frozen Egg 2":44,"MawBank":77,"Anchor":85,"ReplayTheSpireMod:Shallot":17,"Molten Egg 2":64,"CultistMask":47,"Slimebound:AbsorbEndCombat":0,"Bag of Marbles":44,"ReplayTheSpireMod:TigerMarble":85,"Membership Card":34,"FossilizedHelix":4,"Toy Ornithopter":13,"NlothsMask":47}],"Toy Ornithopter":0},"card_choices":[{"not_picked":["Slimebound:SplitBruiser","Slimebound:GoopSpray"],"picked":"Slimebound:ComboTackle","floor":2},{"not_picked":["Slimebound:ComboTackle","Slimebound:LeechEnergy"],"picked":"Slimebound:OneTwoCombo","floor":4},{"not_picked":["Slimebound:LeechEnergy","Slimebound:PressTheAttack"],"picked":"Slimebound:SplitMire","floor":9},{"not_picked":["Slimebound:GrowthPunch","Slimebound:AcidTongue","Slimebound:BestDefense"],"picked":"SKIP","floor":10},{"not_picked":["Slimebound:Equalize","Slimebound:ComboTackle"],"picked":"Slimebound:RejuvenatingLick","floor":11},{"not_picked":["Slimebound:TongueLash","Slimebound:LeechEnergy"],"picked":"Slimebound:SplitLeeching","floor":13},{"not_picked":["Slimebound:RollThrough","Slimebound:GrowthPunch"],"picked":"Slimebound:PressTheAttack","floor":14},{"not_picked":["Slimebound:SlimeSpikes","Slimebound:Chomp"],"picked":"Slimebound:SpikyOuterGoop","floor":15},{"not_picked":["Slimebound:SelfFormingGoo","Slimebound:DouseInSlime"],"picked":"Slimebound:PrepareCrush","floor":16},{"not_picked":["Slimebound:SlimeSpikes","Slimebound:Dissolve"],"picked":"Slimebound:SamplingLick+1","floor":19},{"not_picked":["Slimebound:RollThrough","Slimebound:LevelUp+1"],"picked":"Slimebound:PressTheAttack","floor":20},{"not_picked":["Slimebound:RejuvenatingLick+1","Slimebound:Grow"],"picked":"Slimebound:Replication","floor":21},{"not_picked":["Slimebound:Schlurp","Slimebound:SamplingLick"],"picked":"Slimebound:SplitAcid","floor":22},{"not_picked":["Slimebound:RejuvenatingLick","Slimebound:RollThrough"],"picked":"Slimebound:LevelUp+1","floor":25},{"not_picked":["Slimebound:SplitMire","Slimebound:DuplicatedForm+1"],"picked":"Slimebound:SlimeBarrage","floor":27},{"not_picked":["Slimebound:ComboTackle+1","Slimebound:LeechEnergy"],"picked":"Slimebound:Prepare+1","floor":28},{"not_picked":["Slimebound:Replication","Slimebound:SamplingLick"],"picked":"Slimebound:LevelUp+1","floor":29},{"not_picked":["Slimebound:SplitBruiser","Slimebound:FinishingTackle"],"picked":"Slimebound:SplitLeeching+1","floor":30},{"not_picked":["Slimebound:ViciousTackle","Slimebound:LeechEnergy"],"picked":"Slimebound:SplitAcid","floor":32},{"not_picked":["Slimebound:DouseInSlime","Slimebound:DuplicatedForm+1"],"picked":"Slimebound:RallyTheTroops","floor":33},{"not_picked":["Slimebound:Equalize","Slimebound:FinishingTackle"],"picked":"Slimebound:ComboTackle","floor":34},{"not_picked":["Slimebound:ViciousTackle+1","Slimebound:SlimeSpikes"],"picked":"Slimebound:SlimeBrawl","floor":36},{"not_picked":["Slimebound:FlameTackle+1","Slimebound:PressTheAttack+1"],"picked":"Slimebound:LevelUp+1","floor":38},{"not_picked":["Slimebound:DisruptingSlam+1","Slimebound:GrowthPunch+1"],"picked":"Slimebound:FirmFortitude+1","floor":40},{"not_picked":["Slimebound:Gluttony+1","Slimebound:LeechingTouch+1"],"picked":"Slimebound:SplitMire","floor":43},{"not_picked":["Slimebound:GrowthPunch+1","Slimebound:Equalize+1","Slimebound:Chomp+1"],"picked":"SKIP","floor":44},{"not_picked":["Slimebound:RollThrough+1","Slimebound:FinishingTackle+1"],"picked":"Slimebound:Teamwork","floor":45},{"not_picked":["Slimebound:Gluttony+1","Slimebound:GoopTackle+1","Slimebound:ViciousTackle+1"],"picked":"SKIP","floor":46},{"not_picked":["Slimebound:ComboTackle+1","Slimebound:SlimeSpikes"],"picked":"Slimebound:Repurpose+1","floor":49}],"player_experience":886694,"relics_obtained":[{"floor":2,"key":"FossilizedHelix"},{"floor":7,"key":"Divine Protection"},{"floor":10,"key":"Toy Ornithopter"},{"floor":21,"key":"Pantograph"},{"floor":24,"key":"Frozen Egg 2"},{"floor":25,"key":"downfall:CloakOfManyFaces"},{"floor":27,"key":"Replay:Bottled Eggs"},{"floor":35,"key":"Molten Egg 2"},{"floor":38,"key":"Pet Ghost"},{"floor":40,"key":"MawBank"},{"floor":44,"key":"Gremlin Horn"}],"event_choices":[{"damage_healed":0,"gold_gain":0,"player_choice":"Success","damage_taken":25,"relics_obtained":["ReplayTheSpireMod:Shallot"],"max_hp_gain":0,"max_hp_loss":0,"event_name":"Scrap Ooze","floor":12,"gold_loss":0},{"cards_removed":["Slimebound:SplitAcid"],"damage_healed":0,"gold_gain":0,"player_choice":"Removed Skill","damage_taken":0,"max_hp_gain":0,"max_hp_loss":0,"event_name":"Falling","floor":37,"gold_loss":0}],"is_beta":false,"boss_relics":[{"not_picked":["SacredBark","Ectoplasm"],"picked":"Painkiller Herb"},{"not_picked":["Replay:Drink Me","Philosopher\u0027s Stone"],"picked":"Tiny House"}],"items_purged_floors":[4,11,47],"is_endless":false,"potions_floor_spawned":[9,10,14,15,16,20,25,29,30,32,40,43,44,45,46],"ascension_level":0}}