{"host":"0rxdudjy6rylha1k","time":1608141763,"event":{"mods":["Aspiration","BaseMod","Colored Map","Colored Powertips","Downfall","Highlight Path","Hubris","Minty Spire (QoL Compilation)","StSLib"],"gold_per_floor":[99,15,15,41,41,67,67,67,52,52,2,17,30,43,62,163,163,88,88,2,17,28,28,28,13,44,44,44,44,29,29,43,139,139,139,158,171,171,184,184,184,234,266,191,191,201,214,52,69,69],"floor_reached":51,"playtime":11990,"items_purged":["Pain"],"score":1001,"play_id":"44c18cf1-7ff2-4733-8dba-2d663a70a883","local_time":"20201216110243","is_ascension_mode":false,"campfire_choices":[{"floor":1.0,"key":"RECALL"},{"data":"champ:Improvising","floor":3.0,"key":"SMITH"},{"data":"champ:ShieldWall","floor":5.0,"key":"SMITH"},{"data":"champ:ShieldWall","floor":8.0,"key":"SMITH"},{"data":"champ:ArenaPreparation","floor":10.0,"key":"SMITH"},{"data":"champ:PerfectForm","floor":18.0,"key":"SMITH"},{"data":"champ:Taunt","floor":23.0,"key":"SMITH"},{"data":"champ:Aggression","floor":27.0,"key":"SMITH"},{"floor":35.0,"key":"DIG"},{"floor":38.0,"key":"DIG"},{"floor":40.0,"key":"DIG"},{"floor":44,"key":"DIG"}],"circlet_count":0,"master_deck":["champ:Strike","champ:Strike","champ:Strike","champ:Defend","champ:Defend","champ:Defend","champ:Defend","champ:Execute","champ:Taunt+1","champ:Improvising+1","champ:IronFortress","champ:ShieldWall+1","champ:ShieldWall+1","champ:ArenaPreparation+1","champ:Backstep","champ:FocusedBerserking","champ:RisingSlash","champ:StanceDance","champ:FlashCut","champ:PerfectForm+1","champ:FocusedBerserking","champ:Haymaker","champ:BerserkerStyle","champ:CrookedStrike","champ:Aggression+1","White Noise","expansioncontent:CaCaw+1","Normality","FlurryOfBlows+1","Slimebound:Replication+1","expansioncontent:LastStand+1","hexamod:FirstSeal","expansioncontent:StudyTheSpire","Recycle"],"relics":["champ:ChampionCrown","Lantern","Bronze Scales","Pocketwatch","champ:FightingForDummies","Cursed Key","downfall:HeartBlessingRed","Darkstone Periapt","hubris:BottledRain","Meat on the Bone","PrismaticShard","hubris:Backtick","Shovel","Guardian:PocketSentry","hubris:SlimyHat","aspiration:HummingbirdHeart","Thread and Needle","InkBottle","downfall:HeartBlessingBlue","hubris:TenFootPole","hubris:CuriousFeather"],"acts_visited":["Exordium","TheCity","TheBeyond"],"potions_floor_usage":[46,48],"damage_taken":[{"damage":10.0,"enemies":"downfall:FleeingMerchant","floor":2.0,"turns":4.0},{"damage":28.0,"enemies":"Gremlin Nob","floor":4.0,"turns":5.0},{"damage":38.0,"enemies":"Lagavulin","floor":6.0,"turns":7.0},{"damage":5.0,"enemies":"downfall:FleeingMerchant","floor":9.0,"turns":4.0},{"damage":9.0,"enemies":"downfall:FleeingMerchant","floor":11.0,"turns":4.0},{"damage":12.0,"enemies":"Cultist","floor":12.0,"turns":5.0},{"damage":20.0,"enemies":"Jaw Worm","floor":13.0,"turns":3.0},{"damage":16.0,"enemies":"2 Louse","floor":14.0,"turns":4.0},{"damage":10.0,"enemies":"Blue Slaver","floor":15.0,"turns":4.0},{"damage":42.0,"enemies":"downfall:Watcher","floor":16.0,"turns":8.0},{"damage":20.0,"enemies":"downfall:FleeingMerchant","floor":20.0,"turns":4.0},{"damage":32.0,"enemies":"Chosen","floor":21.0,"turns":3.0},{"damage":43.0,"enemies":"Shelled Parasite and Fungi","floor":22.0,"turns":4.0},{"damage":34.0,"enemies":"downfall:FleeingMerchant","floor":25.0,"turns":4.0},{"damage":47.0,"enemies":"Book of Stabbing","floor":26.0,"turns":5.0},{"damage":32.0,"enemies":"downfall:FleeingMerchant","floor":30.0,"turns":4.0},{"damage":36.0,"enemies":"Snake Plant","floor":32.0,"turns":4.0},{"damage":80.0,"enemies":"downfall:Ironclad","floor":33.0,"turns":7.0},{"damage":11.0,"enemies":"Orb Walker","floor":36.0,"turns":5.0},{"damage":20.0,"enemies":"3 Shapes","floor":37.0,"turns":5.0},{"damage":38.0,"enemies":"3 Darklings","floor":39.0,"turns":6.0},{"damage":31.0,"enemies":"Mind Bloom Boss Battle","floor":42.0,"turns":10.0},{"damage":29,"enemies":"Reptomancer","floor":43,"turns":5},{"damage":10,"enemies":"Spire Growth","floor":46,"turns":4},{"damage":25,"enemies":"Jaw Worm Horde","floor":47,"turns":3},{"damage":42,"enemies":"downfall:FleeingMerchant","floor":48,"turns":4},{"damage":35,"enemies":"Transient","floor":49,"turns":5},{"damage":55,"enemies":"downfall:Defect","floor":50,"turns":6}],"seed_played":"7161262513728686344","potions_obtained":[{"floor":6.0,"key":"CultistPotion"},{"floor":12.0,"key":"GamblersBrew"},{"floor":14.0,"key":"champ:OpenerPotion"},{"floor":16.0,"key":"Swift Potion"},{"floor":32.0,"key":"BlessingOfTheForge"},{"floor":36.0,"key":"Explosive Potion"},{"floor":39.0,"key":"Slimebound:ThreeZeroPotion"},{"floor":43,"key":"champ:OpenerPotion"},{"floor":46,"key":"sneckomod:MuddlingPotion"}],"is_trial":false,"path_per_floor":["R","$","R","E","R","E","T","R","$","R","$","M","M","M","M","B",null,"R","?","$","M","M","R","T","$","E","R","?","?","$","?","M","B",null,"R","M","M","R","M","R","T","?","E","R","?","M","M","$","M","B",null],"character_chosen":"THE_CHAMP","items_purchased":["champ:IronFortress","champ:FocusedBerserking","Regen Potion","hubris:CuriousFeather","expansioncontent:StudyTheSpire"],"campfire_rested":0,"item_purchase_floors":[2,11,20,48,48],"current_hp_per_floor":[90,90,90,72,72,44,44,44,44,44,40,39,39,43,43,49,90,90,90,86,90,87,87,87,80,74,74,74,66,61,61,79,52,90,90,84,74,74,79,79,85,86,79,89,89,84,84,89,69,73],"gold":69,"neow_bonus":"RANDOM_COMMON_RELIC","is_daily":false,"chose_seed":false,"campfire_upgraded":7,"win_rate":0.0,"timestamp":1608141763,"path_taken":["R","?","R","E","R","E","T","R","$","R","$","M","M","M","M","BOSS","R","?","$","M","?","R","T","$","E","R","?","?","$","?","M","BOSS","R","M","M","R","M","R","T","?","E","R","?","M","M","$","M","BOSS"],"items_purchased_type":["Card","Card","Potion","Relic","Card"],"build_version":"2020-12-13","purchased_purges":1,"victory":true,"max_hp_per_floor":[90,90,90,90,90,90,90,90,90,90,90,90,90,90,90,90,90,90,90,90,90,90,90,90,90,90,90,90,90,90,90,90,90,90,90,90,90,90,90,90,96,96,96,106,106,106,106,106,106,106],"card_choices":[{"not_picked":["champ:FightOn","champ:TornadoPunch"],"picked":"champ:Improvising","floor":2.0},{"not_picked":["champ:Lariat","champ:BladeFlurry"],"picked":"champ:ShieldWall","floor":4.0},{"not_picked":["champ:DancingMaster","champ:Haymaker"],"picked":"champ:ShieldWall","floor":6.0},{"not_picked":["champ:BerserkerStyle","champ:FanOfKnives"],"picked":"champ:ArenaPreparation","floor":9.0},{"not_picked":["champ:HeartStrike","champ:EndlessRage"],"picked":"champ:Backstep","floor":11.0},{"not_picked":["champ:Lariat","champ:BladeFlurry"],"picked":"champ:RisingSlash","floor":12.0},{"not_picked":["champ:Encircle","champ:Circumvent"],"picked":"champ:StanceDance","floor":13.0},{"not_picked":["champ:CrookedStrike","champ:Encircle","champ:SkillfulDodge"],"picked":"SKIP","floor":14.0},{"not_picked":["champ:BringItOn","champ:SkillfulDodge"],"picked":"champ:FlashCut","floor":15.0},{"not_picked":["champ:HoldFirm","champ:LastStand"],"picked":"champ:PerfectForm","floor":16.0},{"not_picked":["champ:Backstep","champ:AdrenalArmor"],"picked":"champ:Haymaker","floor":20.0},{"not_picked":["champ:FanOfKnives+1","champ:StanceDance"],"picked":"champ:BerserkerStyle","floor":21.0},{"not_picked":["champ:PreciseThrust+1","champ:BringItOn","champ:CalledShot"],"picked":"SKIP","floor":22.0},{"not_picked":["champ:PerfectedStrike+1","champ:Riposte+1"],"picked":"champ:CrookedStrike","floor":25.0},{"not_picked":["champ:Duel","champ:RisingSlash"],"picked":"champ:Aggression","floor":26.0},{"not_picked":["hexamod:NightmareGuise","Warcry"],"picked":"White Noise","floor":30.0},{"not_picked":["Havoc","Cloak And Dagger","Rebound+1"],"picked":"SKIP","floor":32.0},{"not_picked":["Spot Weakness+1","Dual Wield+1","champ:Riposte"],"picked":"SKIP","floor":36.0},{"not_picked":["hexamod:RainOfEmbers+1","Slimebound:SplitLeeching"],"picked":"expansioncontent:CaCaw+1","floor":37.0},{"not_picked":["champ:FlashCut","Guardian:PrimingBeam+1","Guardian:Repulse+1"],"picked":"SKIP","floor":39.0},{"not_picked":["Guardian:Repulse+1","Slimebound:SplitMire"],"picked":"FlurryOfBlows+1","floor":42.0},{"not_picked":["Slimebound:Chomp+1","Dark Embrace"],"picked":"Slimebound:Replication+1","floor":43},{"not_picked":["Swift Strike+1","hexamod:RainOfEmbers+1"],"picked":"expansioncontent:LastStand+1","floor":46},{"not_picked":["Twin Strike+1","Slimebound:ViciousTackle"],"picked":"hexamod:FirstSeal","floor":47},{"not_picked":["Reckless Charge","Fasting2","Rebound+1"],"picked":"SKIP","floor":48},{"not_picked":["SashWhip+1","Barrage"],"picked":"Recycle","floor":49}],"player_experience":2247449,"relics_obtained":[{"floor":4.0,"key":"Bronze Scales"},{"floor":6.0,"key":"Pocketwatch"},{"floor":7.0,"key":"champ:FightingForDummies"},{"floor":24.0,"key":"Darkstone Periapt"},{"floor":26.0,"key":"hubris:BottledRain"},{"floor":29.0,"key":"PrismaticShard"},{"floor":35.0,"key":"Guardian:PocketSentry"},{"floor":38.0,"key":"hubris:SlimyHat"},{"floor":40.0,"key":"aspiration:HummingbirdHeart"},{"floor":42.0,"key":"Thread and Needle"},{"floor":43,"key":"InkBottle"},{"floor":44,"key":"hubris:TenFootPole"}],"event_choices":[{"damage_healed":0.0,"max_hp_gain":0.0,"max_hp_loss":0.0,"gold_gain":0.0,"cards_transformed":["champ:Strike"],"event_name":"Transmorgrifier","player_choice":"Transformed","floor":19.0,"gold_loss":0.0,"damage_taken":0.0,"cards_obtained":["champ:FocusedBerserking"]}],"is_beta":false,"boss_relics":[{"not_picked":["hubris:RunicObelisk","hubris:VirtuousBlindfold"],"picked":"Cursed Key"},{"not_picked":["Coffee Dripper","Runic Dome"],"picked":"hubris:Backtick"}],"items_purged_floors":[48],"is_endless":false,"potions_floor_spawned":[6,12,14,16,21,32,36,39,43,46],"ascension_level":0}}