{"host":"ei424ha2zqt1xblg","time":1608118241,"event":{"mods":["BaseMod","Downfall-Rebalance","Minty Spire (QoL Compilation)","MostiFishMod","StSLib","TestMod","Waifu the Spire"],"gold_per_floor":[409,43,43,443,443,487,487,73,155,179,116,116,131,166,166,259,259,283,302,30,30,63,123,66,97,97,97,100,100],"floor_reached":28,"playtime":853,"items_purged":["Strike_R","Strike_R","Strike_R","Sword Boomerang"],"score":538,"play_id":"ba1c48c0-3777-46ae-9132-ee8c879666a1","local_time":"20201216193041","is_ascension_mode":true,"campfire_choices":[{"data":"Armaments","floor":7,"key":"SMITH"},{"data":"Whirlwind","floor":12,"key":"SMITH"},{"floor":15,"key":"REST"}],"circlet_count":0,"master_deck":["AscendersBane","Defend_R","Defend_R","Bash","Armaments+1","Uppercut","Guardian:GemFinder+1","Juggernaut+1","Whirlwind+1","Feel No Pain","Guardian:Gem_Cyan","Feel No Pain","Guardian:Gem_Cyan","Pommel Strike","Guardian:Gem_Fragmented","Limit Break+1","Exhume+1","Battle Trance+1","Second Wind+1","Guardian:Gem_Cyan","Body Slam+1","Feel No Pain+1","Immolate+1","Guardian:Gem_Cyan","Dark Embrace","Shrug It Off","Coolheaded","Writhe"],"relics":["testmod-TestBox","Sozu","Old Coin","testmod-HeartOfDaVinci","Question Card","BrkXgEgg","Golden Idol","Guardian:DefensiveModeMoreBlock","Membership Card","Bird Faced Urn","testmod-BalancedPeriapt","ImportantClient","Astrolabe","testmod-Acrobat","Pen Nib","Cables","The Courier"],"acts_visited":["Exordium","TheCity"],"potions_floor_usage":[],"damage_taken":[{"damage":1.0,"enemies":"Cultist","floor":1.0,"turns":3.0},{"damage":42.0,"enemies":"Lagavulin","floor":6.0,"turns":8.0},{"damage":7,"enemies":"Jaw Worm","floor":10,"turns":3},{"damage":0,"enemies":"2 Louse","floor":13,"turns":2},{"damage":21,"enemies":"Gremlin Nob","floor":14,"turns":4},{"damage":20,"enemies":"Slime Boss","floor":16,"turns":8},{"damage":17,"enemies":"2 Thieves","floor":18,"turns":4},{"damage":0,"enemies":"Chosen","floor":19,"turns":4},{"damage":15,"enemies":"Shelled Parasite and Fungi","floor":22,"turns":4},{"damage":28,"enemies":"Book of Stabbing","floor":23,"turns":5},{"damage":6,"enemies":"Sentry and Sphere","floor":25,"turns":5},{"damage":37,"enemies":"Slavers","floor":28,"turns":2}],"seed_played":"530908254820282426","potions_obtained":[],"is_trial":false,"path_per_floor":["M","$","?","?","?","E","R","$","T","M","$","R","M","E","R","B",null,"M","M","$","?","M","E","$","M","T","?","E"],"character_chosen":"IRONCLAD","items_purchased":["BrkXgEgg","Armaments","Uppercut","Membership Card","Bird Faced Urn","Whirlwind","Feel No Pain","testmod-Acrobat","Immolate+1","Dark Embrace","Shrug It Off"],"campfire_rested":1,"item_purchase_floors":[2,2,2,8,8,8,20,20,20,24,24],"current_hp_per_floor":[67,67,60,60,60,18,18,18,18,15,15,15,15,2,22,10,54,41,47,47,47,42,24,24,30,30,30,0,0],"gold":100,"neow_bonus":"BOSS_RELIC","is_daily":false,"chose_seed":false,"campfire_upgraded":2,"win_rate":0.0,"timestamp":1608118241,"path_taken":["M","$","?","?","?","E","R","?","T","M","$","R","M","E","R","BOSS","M","M","$","?","?","E","$","M","T","?","E"],"items_purchased_type":["Relic","Card","Card","Relic","Relic","Card","Card","Relic","Card","Card","Card"],"build_version":"2020-12-13","purchased_purges":4,"victory":false,"max_hp_per_floor":[75,75,75,75,68,68,68,68,68,68,68,68,68,68,68,68,68,68,68,68,68,68,68,68,68,68,68,68,68],"card_choices":[{"not_picked":["Flex","Clash","Perfected Strike"],"picked":"SKIP","floor":1.0},{"not_picked":["Anger","Clothesline","Shrug It Off"],"picked":"Juggernaut+1","floor":6},{"not_picked":["Dropkick","Anger","Thunderclap"],"picked":"Feel No Pain","floor":10},{"not_picked":["Guardian:Gem_Fragmented","Guardian:Gem_Green"],"picked":"Guardian:Gem_Cyan","floor":10},{"not_picked":["Clash","Wild Strike","Armaments"],"picked":"Feel No Pain","floor":13},{"not_picked":["Guardian:Gem_Red","Guardian:Gem_Green"],"picked":"Guardian:Gem_Cyan","floor":14},{"not_picked":["Ghostly Armor","Rage","Cleave"],"picked":"Pommel Strike","floor":14},{"not_picked":["Guardian:Gem_Green","Guardian:Gem_Red"],"picked":"Guardian:Gem_Fragmented","floor":16},{"not_picked":["MostiFishMod:ChineseTea+1","Bludgeon+1","MostiFishMod:UniRed+1"],"picked":"Limit Break+1","floor":16},{"not_picked":["Guardian:Gem_Fragmented","Guardian:Gem_Green"],"picked":"Guardian:Gem_Cyan","floor":18},{"not_picked":["Pummel","Clash","Warcry"],"picked":"Sword Boomerang","floor":18},{"not_picked":["Perfected Strike","Twin Strike","Heavy Blade"],"picked":"Body Slam+1","floor":19},{"not_picked":["Guardian:Gem_Fragmented","Guardian:Gem_Green"],"picked":"Guardian:Gem_Cyan","floor":22},{"not_picked":["Entrench","Pommel Strike","Wild Strike","Dual Wield"],"picked":"SKIP","floor":22},{"not_picked":["Perfected Strike","MostiFishMod:BrandingRite","Second Wind","Dropkick"],"picked":"SKIP","floor":23},{"not_picked":["Clothesline","Pummel","Flex","Armaments+1"],"picked":"SKIP","floor":25}],"player_experience":439543,"relics_obtained":[{"floor":1.0,"key":"Question Card"},{"floor":6,"key":"Guardian:DefensiveModeMoreBlock"},{"floor":14,"key":"testmod-BalancedPeriapt"},{"floor":16,"key":"ImportantClient"},{"floor":23,"key":"Pen Nib"},{"floor":26,"key":"Cables"}],"event_choices":[{"cards_removed":["Strike_R"],"damage_healed":0.0,"max_hp_gain":0.0,"max_hp_loss":0.0,"gold_gain":0.0,"event_name":"Golden Wing","player_choice":"Card Removal","floor":3.0,"gold_loss":0.0,"damage_taken":7.0},{"damage_healed":0.0,"max_hp_gain":0.0,"max_hp_loss":0.0,"gold_gain":400.0,"event_name":"¶÷ÂåË¹µÄÅÌ×Ó","player_choice":"Sell","floor":4.0,"relics_lost":["DaveBox"],"gold_loss":0.0,"damage_taken":0.0},{"damage_healed":0.0,"max_hp_gain":0.0,"max_hp_loss":7.0,"gold_gain":0.0,"event_name":"Golden Idol","player_choice":"Lose Max HP","floor":5.0,"gold_loss":0.0,"damage_taken":0.0,"relics_obtained":["Golden Idol"]},{"damage_healed":0,"gold_gain":0,"player_choice":"Upgraded","damage_taken":0,"max_hp_gain":0,"max_hp_loss":0,"event_name":"Upgrade Shrine","floor":21,"gold_loss":0,"cards_upgraded":["Feel No Pain"]},{"damage_healed":0,"gold_gain":0,"player_choice":"Opened","damage_taken":0,"relics_obtained":["The Courier"],"max_hp_gain":0,"max_hp_loss":0,"event_name":"The Mausoleum","floor":27,"gold_loss":0,"cards_obtained":["Writhe"]}],"is_beta":false,"boss_relics":[{"not_picked":["Philosopher\u0027s Stone","BloodWine"],"picked":"Astrolabe"}],"items_purged_floors":[2,8,11,20],"is_endless":false,"potions_floor_spawned":[10,16,18,23,25],"killed_by":"Slavers","ascension_level":20}}