{"host":"yuhibl5o0ay6idau","time":1608130061,"event":{"mods":["Aspiration","BaseMod","Better Altar","Better Match","Better Note","Better Sensory Stone","Better Skull","Better Third Choice","Colored Map","Colored Powertips","Conspire","Highlight Path","Minty Spire (QoL Compilation)","Quick Restart","Replay The Spire","StSLib","SuperFastMode"],"gold_per_floor":[114,114,39,39,58,58,58],"floor_reached":6,"playtime":439,"items_purged":["Bash"],"score":93,"play_id":"81d7445a-6d88-4932-b7ad-f978030925f4","local_time":"20201216064741","is_ascension_mode":true,"campfire_choices":[],"circlet_count":0,"master_deck":["conspire:GhostlyStrike","conspire:GhostlyStrike","conspire:GhostlyStrike","conspire:GhostlyStrike","conspire:GhostlyStrike","conspire:GhostlyDefend","conspire:GhostlyDefend","conspire:GhostlyDefend","conspire:GhostlyDefend","Juggernaut","ReplayTheSpireMod:Stacked","Seeing Red"],"relics":["Burning Blood"],"acts_visited":["Exordium"],"potions_floor_usage":[],"damage_taken":[{"damage":0,"enemies":"conspire:RoseBush","floor":1,"turns":5},{"damage":12,"enemies":"Small Slimes","floor":5,"turns":5},{"damage":60,"enemies":"Gremlin Nob","floor":6,"turns":5}],"seed_played":"-2284043315485499536","potions_obtained":[],"is_trial":false,"path_per_floor":["M","?","$","?","M","E"],"character_chosen":"IRONCLAD","items_purchased":[],"campfire_rested":0,"item_purchase_floors":[],"current_hp_per_floor":[62,62,62,62,56,0,0],"gold":58,"neow_bonus":"THREE_RARE_CARDS","is_daily":false,"chose_seed":false,"campfire_upgraded":0,"win_rate":0.0,"timestamp":1608130061,"path_taken":["M","?","$","?","M","E"],"items_purchased_type":[],"build_version":"2020-12-13","purchased_purges":1,"victory":false,"max_hp_per_floor":[80,80,80,80,80,80,80],"card_choices":[{"not_picked":["Offering","Fiend Fire"],"picked":"Juggernaut","floor":0},{"not_picked":["Perfected Strike","Anger"],"picked":"ReplayTheSpireMod:Stacked","floor":1},{"not_picked":["Replay:Undeath\u0027s Touch","Clothesline"],"picked":"Seeing Red","floor":5}],"player_experience":368670,"relics_obtained":[],"event_choices":[{"damage_healed":0,"gold_gain":0,"player_choice":"Agree","damage_taken":0,"max_hp_gain":0,"max_hp_loss":0,"event_name":"conspire:LoneGhost","floor":2,"gold_loss":0},{"damage_healed":0,"gold_gain":1,"player_choice":"1","damage_taken":0,"max_hp_gain":0,"max_hp_loss":0,"event_name":"betterStone:BetterStone","floor":4,"gold_loss":0}],"is_beta":false,"boss_relics":[],"items_purged_floors":[3],"is_endless":false,"potions_floor_spawned":[],"killed_by":"Gremlin Nob","ascension_level":5}}