{"host":"jw4qy1ihmjslahm8","time":1608107221,"event":{"mods":["Act Like it!","BaseMod","Colored Map","Downfall","Gensokyo","HololiveMod","Infinite Spire","MarisaÅiñ∂âJÅ@ñÇóùçπÅj","Minty Spire (QoL Compilation)","Replay The Spire","StSLib","The Animator"],"gold_per_floor":[99,131,162,162,203,219,219,219,219,219,219],"floor_reached":10,"playtime":553,"items_purged":[],"score":66,"play_id":"a421c507-d759-4d95-a9a1-67997d4cc7c4","local_time":"20201216002701","is_ascension_mode":false,"campfire_choices":[{"data":"animator:SayakaMiki","floor":4,"key":"SMITH"},{"data":"animator:Strike_Fate","floor":9,"key":"SMITH"}],"circlet_count":0,"master_deck":["animator:Strike_Fate+1","animator:Defend_Fate","animator:Strike","animator:Strike","animator:Strike","animator:Defend","animator:Defend","animator:Defend","animator:Alexander","animator:Rider","Injury","animator:Illya","animator:SayakaMiki+1","animator:Wiz","animator:SakuraMatou"],"relics":["animator:LivingPicture","animator:TheMissingPiece","animator:PurgingStone","NeowsBlessing","Replay:Bottled Snecko","infinitespire:Bottled Soul","Replay:Wax Seal","Gensokyo:NagashiBinaDoll"],"acts_visited":["Gensokyo:Gensokyo"],"potions_floor_usage":[10,10],"damage_taken":[{"damage":0,"enemies":"Gensokyo:3_Fairies","floor":2,"turns":1},{"damage":0,"enemies":"Gensokyo:Gryphon","floor":3,"turns":1},{"damage":1,"enemies":"Gensokyo:Cirno","floor":5,"turns":2},{"damage":13,"enemies":"Gensokyo:Python","floor":6,"turns":5},{"damage":54,"enemies":"Gensokyo:Aya","floor":10,"turns":12}],"seed_played":"6811333615993011885","potions_obtained":[{"floor":2,"key":"ColorlessPotion"},{"floor":3,"key":"Venom Potion"}],"is_trial":false,"path_per_floor":["R_BF","M","M","R","E","M","T","?","R","E"],"character_chosen":"THE_ANIMATOR","items_purchased":[],"campfire_rested":0,"item_purchase_floors":[],"current_hp_per_floor":[66,66,66,66,65,53,53,53,53,0,0],"gold":219,"neow_bonus":"THREE_ENEMY_KILL","is_daily":false,"chose_seed":false,"campfire_upgraded":2,"win_rate":0.0,"timestamp":1608107221,"path_taken":["R_BF","M","M","R","E","?","T","?","R","E"],"items_purchased_type":[],"build_version":"2020-12-13","purchased_purges":0,"victory":false,"max_hp_per_floor":[66,66,66,66,66,67,67,67,67,67,67],"card_choices":[{"not_picked":["animator:ZankiKiguchi","animator:Kazuma"],"picked":"animator:Illya","floor":2},{"not_picked":["animator:Jibril","animator:Cocytus"],"picked":"animator:SayakaMiki","floor":3},{"not_picked":["animator:Cocytus","animator:Tet"],"picked":"animator:Wiz","floor":5},{"not_picked":["animator:Assassin","animator:Illya"],"picked":"animator:SakuraMatou","floor":6}],"player_experience":28023,"relics_obtained":[{"floor":5,"key":"infinitespire:Bottled Soul"},{"floor":7,"key":"Replay:Wax Seal"}],"event_choices":[],"is_beta":false,"boss_relics":[],"items_purged_floors":[],"is_endless":false,"potions_floor_spawned":[2,3],"killed_by":"Gensokyo:Aya","ascension_level":0}}