{"host":"6o1vh5lr98s0jjq7","time":1608077122,"event":{"mods":["2.2 Compatiblity","Act Like it!","Aspiration","BaseMod","Better Altar","Better Match","Better Note","Better Third Choice","Conspire","Downfall","Gensokyo","Hallownest","Infinite Spire","Marisa????????","Minty Spire (QoL Compilation)","Replay The Spire","StSLib","The Alterego","WarShipGirlsR/????R mod"],"gold_per_floor":[109,34,34,34,48,48,58,86,133,205,21,21,50,0,0,98,98,113,743,743],"floor_reached":19,"playtime":1131,"items_purged":["Regret"],"score":173,"play_id":"506a05a9-fb8c-45ca-8e98-7c7188930a14","local_time":"20201215180522","is_ascension_mode":false,"campfire_choices":[{"floor":6,"key":"RECALL"},{"floor":12,"key":"REST"},{"data":"DC","floor":15,"key":"SMITH"}],"circlet_count":0,"master_deck":["Strike_MRS","Strike_MRS","Strike_MRS","Strike_MRS","Defend_MRS","Defend_MRS","Defend_MRS","Defend_MRS","MasterSpark","UpSweep","DC+1","UnstableBomb","MilkyWay","AlicesGift","PropBag","FairyDestructionRay","OortCloud","6A","SatelliteIllusion","DoubleSpark+1"],"relics":["MiniHakkero","BreadOfAWashokuLover","Mirror","Pet Ghost","Bag of Preparation","Vajra","aspiration:PocketMushroom","aspiration:FutureDiary"],"acts_visited":["Exordium","TheCity"],"potions_floor_usage":[7,13,13,16],"damage_taken":[{"damage":2,"enemies":"2 Louse","floor":1,"turns":3},{"damage":3,"enemies":"Small Slimes","floor":5,"turns":3},{"damage":0,"enemies":"Jaw Worm","floor":7,"turns":1},{"damage":27,"enemies":"Gremlin Nob","floor":8,"turns":4},{"damage":4,"enemies":"Lagavulin","floor":13,"turns":4},{"damage":43,"enemies":"Fading Forest","floor":16,"turns":11},{"damage":10,"enemies":"Shell Parasite","floor":18,"turns":4}],"seed_played":"-8997588538572604710","potions_obtained":[{"floor":1,"key":"SpeedPotion"},{"floor":5,"key":"Fire Potion"},{"floor":8,"key":"AttackPotion"},{"floor":10,"key":"FearPotion"},{"floor":10,"key":"Block Potion"}],"is_trial":false,"path_per_floor":["M","$","?","?","M","R","M","E","T","?","$","R","E","$","R","B",null,"M","?"],"character_chosen":"MARISA","items_purchased":["Vajra","FairyDestructionRay","6A"],"campfire_rested":1,"item_purchase_floors":[11,11,14],"current_hp_per_floor":[73,73,73,73,70,70,70,43,43,43,43,65,61,61,61,38,75,65,0,0],"gold":743,"neow_bonus":"RANDOM_EVENT","is_daily":false,"chose_seed":false,"campfire_upgraded":1,"win_rate":0.0,"timestamp":1608077122,"path_taken":["M","$","?","?","M","R","?","E","T","?","$","R","E","?","R","BOSS","M","?"],"items_purchased_type":["Relic","Card","Card"],"build_version":"2020-12-13","purchased_purges":1,"victory":false,"max_hp_per_floor":[75,75,75,75,75,75,75,75,75,75,75,75,75,75,75,75,75,75,75,75],"card_choices":[{"not_picked":["ShootingEcho","MilkyWay"],"picked":"DC","floor":1},{"not_picked":["MysteriousBeam","DarkSpark"],"picked":"UnstableBomb","floor":5},{"not_picked":["OrrerysSun","UnstableBomb"],"picked":"MilkyWay","floor":7},{"not_picked":["WitchLeyline","EnergyRecoil"],"picked":"AlicesGift","floor":8},{"not_picked":["GravityBeat","DC"],"picked":"PropBag","floor":10},{"not_picked":["StarDustReverie","AsteroidBelt"],"picked":"OortCloud","floor":13},{"not_picked":["StarDustReverie","UltimateShortwave"],"picked":"SatelliteIllusion","floor":16},{"not_picked":["DeepEcoloBomb","PowerUp+1"],"picked":"DoubleSpark+1","floor":18}],"player_experience":223041,"relics_obtained":[{"floor":8,"key":"Mirror"},{"floor":9,"key":"Pet Ghost"},{"floor":10,"key":"Bag of Preparation"},{"floor":13,"key":"aspiration:PocketMushroom"}],"event_choices":[{"damage_healed":0,"gold_gain":0,"player_choice":"Box","damage_taken":0,"relics_obtained":["BreadOfAWashokuLover"],"max_hp_gain":0,"max_hp_loss":0,"event_name":"Big Fish","floor":0,"gold_loss":0,"cards_obtained":["Regret"]}],"is_beta":false,"boss_relics":[{"not_picked":["Sozu","Replay:Drink Me"],"picked":"aspiration:FutureDiary"}],"items_purged_floors":[2],"is_endless":false,"potions_floor_spawned":[1,5,8],"ascension_level":0}}