{"host":"5mo0809oo9tcrmpl","time":1608082263,"event":{"mods":["BaseMod","Highlight Path","Minty Spire (QoL Compilation)","Relic Stats","Slay the Relics Exporter"],"gold_per_floor":[113,113,131,146,71,71,97,97,97,97,117,117,130,130,130,207,207,179,197,213,228,8,8,25,25,48,48,63,73,105,105,105],"floor_reached":31,"playtime":2794,"items_purged":["Strike_R"],"score":478,"play_id":"ee4bc204-9278-47e9-a5a2-3fb143c372b0","local_time":"20201215193103","is_ascension_mode":true,"campfire_choices":[{"data":"Perfected Strike","floor":6.0,"key":"SMITH"},{"data":"Clothesline","floor":8.0,"key":"SMITH"},{"data":"Cleave","floor":10.0,"key":"SMITH"},{"data":"Defend_R","floor":12.0,"key":"SMITH"},{"data":"Iron Wave","floor":15.0,"key":"SMITH"},{"floor":23.0,"key":"REST"},{"data":"Double Tap","floor":27.0,"key":"SMITH"}],"circlet_count":0,"master_deck":["AscendersBane","Strike_R","Strike_R","Strike_R","Strike_R","Defend_R","Defend_R","Defend_R","Defend_R+1","Bash+1","Perfected Strike+1","Thunderclap","Clothesline+1","Cleave+1","Iron Wave+1","Double Tap+1","Flex","Uppercut+1","Seeing Red","True Grit","Flame Barrier","Whirlwind","Immolate"],"relics":["Black Blood","Singing Bowl","Bag of Preparation","White Beast Statue","Potion Belt","Akabeko","Red Mask"],"acts_visited":["Exordium","TheCity"],"potions_floor_usage":[31],"damage_taken":[{"damage":7.0,"enemies":"Cultist","floor":1.0,"turns":4.0},{"damage":1.0,"enemies":"2 Louse","floor":3.0,"turns":3.0},{"damage":4.0,"enemies":"Small Slimes","floor":4.0,"turns":3.0},{"damage":30.0,"enemies":"Lagavulin","floor":7.0,"turns":4.0},{"damage":3.0,"enemies":"Looter","floor":11.0,"turns":3.0},{"damage":0.0,"enemies":"3 Louse","floor":13.0,"turns":2.0},{"damage":41.0,"enemies":"Hexaghost","floor":16.0,"turns":9.0},{"damage":17.0,"enemies":"2 Thieves","floor":18.0,"turns":4.0},{"damage":34.0,"enemies":"Shell Parasite","floor":19.0,"turns":7.0},{"damage":30.0,"enemies":"Sentry and Sphere","floor":20.0,"turns":5.0},{"damage":13.0,"enemies":"Snecko","floor":21.0,"turns":4.0},{"damage":6.0,"enemies":"Centurion and Healer","floor":24.0,"turns":6.0},{"damage":19.0,"enemies":"Sentry and Sphere","floor":28.0,"turns":5.0},{"damage":29.0,"enemies":"Chosen and Byrds","floor":29.0,"turns":5.0},{"damage":16.0,"enemies":"Masked Bandits","floor":30.0,"turns":3.0},{"damage":23,"enemies":"Book of Stabbing","floor":31,"turns":4}],"seed_played":"4125242765094377325","potions_obtained":[{"floor":1.0,"key":"DuplicationPotion"},{"floor":3.0,"key":"Energy Potion"},{"floor":11.0,"key":"AttackPotion"},{"floor":13.0,"key":"PowerPotion"},{"floor":16.0,"key":"PowerPotion"},{"floor":18.0,"key":"PowerPotion"},{"floor":19.0,"key":"Explosive Potion"},{"floor":20.0,"key":"PowerPotion"},{"floor":21.0,"key":"FearPotion"},{"floor":24.0,"key":"SmokeBomb"},{"floor":28.0,"key":"BlessingOfTheForge"},{"floor":29.0,"key":"Weak Potion"},{"floor":30.0,"key":"Weak Potion"}],"is_trial":false,"path_per_floor":["M","?","M","M","$","R","E","R","T","R","M","R","M","?","R","B",null,"M","M","M","M","$","R","M","?","T","R","M","M","?","E"],"character_chosen":"IRONCLAD","items_purchased":["Potion Belt","Weak Potion"],"campfire_rested":1,"item_purchase_floors":[22,22],"current_hp_per_floor":[67,62,67,69,69,69,45,45,45,45,50,50,56,56,56,21,63,58,36,20,19,19,42,48,48,48,48,41,26,22,0,0],"gold":105,"neow_bonus":"UPGRADE_CARD","is_daily":false,"chose_seed":false,"campfire_upgraded":6,"win_rate":0.0,"timestamp":1608082263,"path_taken":["M","?","M","M","$","R","E","R","T","R","M","R","M","?","R","BOSS","M","M","M","M","$","R","M","?","T","R","M","M","?","E"],"items_purchased_type":["Relic","Potion"],"build_version":"2020-12-13","purchased_purges":1,"victory":false,"max_hp_per_floor":[75,75,75,75,75,75,75,75,75,75,77,77,77,77,77,77,77,77,77,79,79,79,79,79,79,79,79,79,81,81,81,81],"relic_stats":{"Singing Bowl":6,"counters":[16,71],"Black Blood":138,"Bag of Preparation":[24],"obtain_stats":[{"Potion Belt":22,"Singing Bowl":2,"Black Blood":17,"Bag of Preparation":7,"Red Mask":30,"Burning Blood":0,"White Beast Statue":9,"Akabeko":26},{"Potion Belt":11,"Singing Bowl":1,"Black Blood":7,"Bag of Preparation":4,"Red Mask":15,"Burning Blood":0,"White Beast Statue":4,"Akabeko":12},{"Potion Belt":48,"Singing Bowl":4,"Black Blood":28,"Bag of Preparation":14,"Red Mask":67,"Burning Blood":0,"White Beast Statue":14,"Akabeko":54}]},"card_choices":[{"not_picked":["Second Wind","Sentinel"],"picked":"Perfected Strike","floor":1.0},{"not_picked":["Spot Weakness","Havoc"],"picked":"Thunderclap","floor":3.0},{"not_picked":["Sword Boomerang","Impervious"],"picked":"Clothesline","floor":4.0},{"not_picked":["Headbutt","Seeing Red"],"picked":"Cleave","floor":7.0},{"not_picked":["Flex","Havoc","Twin Strike"],"picked":"Singing Bowl","floor":11.0},{"not_picked":["Thunderclap","Headbutt"],"picked":"Iron Wave","floor":13.0},{"not_picked":["Bludgeon","Brutality"],"picked":"Double Tap","floor":16.0},{"not_picked":["Dark Embrace","Iron Wave"],"picked":"Flex","floor":18.0},{"not_picked":["Power Through","Armaments"],"picked":"Uppercut+1","floor":19.0},{"not_picked":["Iron Wave","Heavy Blade","Body Slam"],"picked":"Singing Bowl","floor":20.0},{"not_picked":["Havoc","Iron Wave"],"picked":"Seeing Red","floor":21.0},{"not_picked":["Second Wind","Wild Strike"],"picked":"True Grit","floor":24.0},{"not_picked":["Headbutt","Havoc"],"picked":"Whirlwind","floor":28.0},{"not_picked":["Flex+1","Havoc","Sword Boomerang"],"picked":"Singing Bowl","floor":29.0},{"not_picked":["Anger","Twin Strike"],"picked":"Immolate","floor":30.0}],"player_experience":1267154,"relics_obtained":[{"floor":7.0,"key":"Bag of Preparation"},{"floor":9.0,"key":"White Beast Statue"},{"floor":26.0,"key":"Akabeko"},{"floor":30.0,"key":"Red Mask"}],"event_choices":[{"damage_healed":0.0,"max_hp_gain":0.0,"max_hp_loss":0.0,"gold_gain":0.0,"event_name":"Scrap Ooze","player_choice":"Success","floor":2.0,"gold_loss":0.0,"damage_taken":5.0,"relics_obtained":["Singing Bowl"]},{"damage_healed":0.0,"max_hp_gain":0.0,"max_hp_loss":0.0,"gold_gain":0.0,"event_name":"Liars Game","player_choice":"Ignored","floor":14.0,"gold_loss":0.0,"damage_taken":0.0},{"damage_healed":0.0,"max_hp_gain":0.0,"max_hp_loss":0.0,"gold_gain":0.0,"event_name":"The Library","player_choice":"Read","floor":25.0,"gold_loss":0.0,"damage_taken":0.0,"cards_obtained":["Flame Barrier"]},{"damage_healed":0.0,"max_hp_gain":0.0,"max_hp_loss":0.0,"gold_gain":0.0,"event_name":"Masked Bandits","player_choice":"Fought Bandits","floor":30.0,"gold_loss":0.0,"damage_taken":0.0}],"is_beta":false,"boss_relics":[{"not_picked":["Black Star","Tiny House"],"picked":"Black Blood"}],"items_purged_floors":[5],"is_endless":false,"potions_floor_spawned":[1,3,11,13,16,18,19,20,21,24,28,29,30],"killed_by":"Book of Stabbing","ascension_level":20}}