{"host":"i0avyit1s6jb1siw","time":1608132124,"event":{"mods":["BaseMod","DeckTracker","Dota2Spire","Highlight Path","Minty Spire (QoL Compilation)","Quick Restart","Replay The Spire","StSLib","SuperFastMode"],"gold_per_floor":[10,25,75,93,18,38,49,49,49,49,76,76,76,129,129,129,129],"floor_reached":16,"playtime":2754,"items_purged":["Strike_G"],"score":200,"play_id":"5de9c079-1293-48f3-91d1-f0c22f110356","local_time":"20201216162204","is_ascension_mode":true,"campfire_choices":[{"data":"Strike_G","floor":15,"key":"PURGE"}],"circlet_count":0,"master_deck":["AscendersBane","Strike_G","Strike_G","Strike_G","Defend_G","Defend_G","Defend_G","Defend_G","Defend_G","Survivor","Neutralize+1","Cloak And Dagger","Finisher","Endless Agony+1","Flying Knee","Blade Dance","Dagger Throw"],"relics":["Ring of the Snake","Bird Faced Urn","Prayer Wheel","Replay:Multitool","Blood Vial"],"acts_visited":["Exordium"],"potions_floor_usage":[16,16],"damage_taken":[{"damage":4.0,"enemies":"Small Slimes","floor":1.0,"turns":4.0},{"damage":3.0,"enemies":"Cultist","floor":2.0,"turns":5.0},{"damage":1.0,"enemies":"Jaw Worm","floor":4.0,"turns":5.0},{"damage":3.0,"enemies":"Blue Slaver","floor":6.0,"turns":5.0},{"damage":3.0,"enemies":"Looter","floor":7.0,"turns":3.0},{"damage":28,"enemies":"3 Sentries","floor":11,"turns":9},{"damage":34,"enemies":"Slime Boss","floor":16,"turns":7}],"seed_played":"706660347560982541","potions_obtained":[{"floor":2.0,"key":"Weak Potion"},{"floor":11,"key":"ColorlessPotion"}],"is_trial":false,"path_per_floor":["M","M","?","M","$","M","M","$","T","?","E","R","$","T","R","B"],"character_chosen":"THE_SILENT","items_purchased":[],"campfire_rested":0,"item_purchase_floors":[],"current_hp_per_floor":[55,52,46,45,45,42,39,39,39,39,11,30,30,30,30,0,0],"gold":129,"neow_bonus":"ONE_RARE_RELIC","is_daily":false,"chose_seed":false,"campfire_upgraded":0,"win_rate":0.0,"timestamp":1608132124,"path_taken":["M","M","?","M","$","M","M","?","T","?","E","R","?","?","R","BOSS"],"items_purchased_type":[],"build_version":"2020-12-13","purchased_purges":1,"victory":false,"max_hp_per_floor":[66,66,66,66,66,66,66,66,66,66,66,66,66,66,66,66,66],"card_choices":[{"not_picked":["Slice","Underhanded Strike"],"picked":"Cloak And Dagger","floor":1.0},{"not_picked":["Fluid Movement","Sucker Punch"],"picked":"Finisher","floor":2.0},{"not_picked":["Sucker Punch","Poisoned Stab"],"picked":"Endless Agony","floor":4.0},{"not_picked":["Prepared","Accuracy"],"picked":"Flying Knee","floor":6.0},{"not_picked":["Leg Sweep","Escape Plan"],"picked":"Blade Dance","floor":7.0},{"not_picked":["Deflect","Prepared"],"picked":"Dagger Throw","floor":11}],"player_experience":2079913,"relics_obtained":[{"floor":9.0,"key":"Prayer Wheel"},{"floor":11,"key":"Replay:Multitool"},{"floor":14,"key":"Blood Vial"}],"event_choices":[{"damage_healed":0.0,"max_hp_gain":0.0,"max_hp_loss":0.0,"gold_gain":50.0,"event_name":"FaceTrader","player_choice":"Touch","floor":3.0,"gold_loss":0.0,"damage_taken":6.0},{"damage_healed":0.0,"max_hp_gain":0.0,"max_hp_loss":0.0,"gold_gain":0.0,"event_name":"Living Wall","player_choice":"Grow","floor":10.0,"gold_loss":0.0,"damage_taken":0.0,"cards_upgraded":["Neutralize"]}],"is_beta":false,"boss_relics":[],"items_purged_floors":[5],"is_endless":false,"potions_floor_spawned":[2,11],"killed_by":"Slime Boss","ascension_level":20}}