{"host":"69rply1jf2d1wbmp","time":1608098247,"event":{"mods":["BaseMod","Minty Spire (QoL Compilation)","Quick Restart"],"gold_per_floor":[114,126,126,58,75,105,123,123,123,123,143,171,171,188,188,188,188],"floor_reached":16,"playtime":480,"items_purged":[],"score":112,"play_id":"1471f05a-2310-4601-aa5a-7887ec6d91b1","local_time":"20201216005727","is_ascension_mode":false,"campfire_choices":[{"floor":8,"key":"REST"},{"data":"Zap","floor":10,"key":"SMITH"},{"data":"White Noise","floor":15,"key":"SMITH"}],"circlet_count":0,"master_deck":["Strike_B","Strike_B","Strike_B","Strike_B","Defend_B","Defend_B","Defend_B","Defend_B","Zap+1","Dualcast","Biased Cognition","Auto Shields","Self Repair","Auto Shields","Capacitor","White Noise+1","Gash"],"relics":["Cracked Core","Omamori","MealTicket","Pear"],"acts_visited":["Exordium"],"potions_floor_usage":[6,6,6,16],"damage_taken":[{"damage":2,"enemies":"Small Slimes","floor":1,"turns":3},{"damage":0,"enemies":"Jaw Worm","floor":2,"turns":2},{"damage":0,"enemies":"2 Louse","floor":5,"turns":2},{"damage":23,"enemies":"Lagavulin","floor":6,"turns":6},{"damage":29,"enemies":"Gremlin Gang","floor":7,"turns":5},{"damage":2,"enemies":"3 Louse","floor":11,"turns":3},{"damage":34,"enemies":"Gremlin Nob","floor":12,"turns":5},{"damage":0,"enemies":"2 Fungi Beasts","floor":14,"turns":4},{"damage":75,"enemies":"Hexaghost","floor":16,"turns":11}],"seed_played":"-3547370395150738518","potions_obtained":[{"floor":1,"key":"BlessingOfTheForge"},{"floor":2,"key":"Strength Potion"},{"floor":5,"key":"SkillPotion"},{"floor":14,"key":"DistilledChaos"}],"is_trial":false,"path_per_floor":["M","M","?","$","M","E","M","R","T","R","M","E","?","M","R","B"],"character_chosen":"DEFECT","items_purchased":["Self Repair"],"campfire_rested":1,"item_purchase_floors":[4],"current_hp_per_floor":[66,66,71,71,73,57,35,56,56,56,61,44,64,71,71,0,0],"gold":188,"neow_bonus":"THREE_RARE_CARDS","is_daily":false,"chose_seed":false,"campfire_upgraded":2,"win_rate":0.0,"timestamp":1608098247,"path_taken":["M","M","?","$","M","E","M","R","T","R","M","E","?","M","R","BOSS"],"items_purchased_type":["Card"],"build_version":"2020-12-13","purchased_purges":0,"victory":false,"max_hp_per_floor":[68,68,73,73,73,73,73,73,73,73,73,83,83,83,83,83,83],"card_choices":[{"not_picked":["Buffer","Creative AI"],"picked":"Biased Cognition","floor":0},{"not_picked":["Sunder","BootSequence"],"picked":"Auto Shields","floor":1},{"not_picked":["Steam","Turbo","Doom and Gloom"],"picked":"SKIP","floor":2},{"not_picked":["Steam","Hologram"],"picked":"Auto Shields","floor":5},{"not_picked":["Redo","Turbo","Biased Cognition"],"picked":"SKIP","floor":6},{"not_picked":["Undo","Beam Cell","Heatsinks"],"picked":"SKIP","floor":7},{"not_picked":["Chaos","Rebound"],"picked":"Capacitor","floor":11},{"not_picked":["Steam Power","Stack"],"picked":"White Noise","floor":12},{"not_picked":["Rebound","Scrape"],"picked":"Gash","floor":14}],"player_experience":345647,"relics_obtained":[{"floor":6,"key":"Omamori"},{"floor":9,"key":"MealTicket"},{"floor":12,"key":"Pear"}],"event_choices":[{"damage_healed":0,"gold_gain":0,"player_choice":"Donut","damage_taken":0,"max_hp_gain":5,"max_hp_loss":0,"event_name":"Big Fish","floor":3,"gold_loss":0},{"damage_healed":20,"gold_gain":0,"player_choice":"Healed and dodged fight","damage_taken":0,"max_hp_gain":0,"max_hp_loss":0,"event_name":"Mushrooms","floor":13,"gold_loss":0,"cards_obtained":["Parasite"]}],"is_beta":false,"boss_relics":[],"items_purged_floors":[],"is_endless":false,"potions_floor_spawned":[1,2,5,14],"killed_by":"Hexaghost","ascension_level":0}}