{"host":"g60qzgg9idfs5btx","time":1608105811,"event":{"mods":["AchievementEnabler","BaseMod","Better Match","BetterRewards","Colored Map","Colored Powertips","DeckTracker","Hubris","Infinite Spire","Marisa????????","Minty Spire (QoL Compilation)","Quick Restart","Relic Stats","Shop Mod","StSLib","The Cursed","The Servant 0.9.4"],"gold_per_floor":[113,113,113,132,407,407,205,246,246,272,312,394,454,490,490,589,589,624,549,549,549,593,622,622,572,596,628,644,664,698,718,718,718,718],"floor_reached":33,"playtime":923,"items_purged":[],"score":512,"play_id":"084877d3-e32c-41e0-af16-4d9b689867f6","local_time":"20201216020331","is_ascension_mode":true,"campfire_choices":[{"data":"HandOfGreed","floor":6.0,"key":"SMITH"},{"floor":15.0,"key":"REST"},{"floor":24.0,"key":"REST"},{"floor":32,"key":"REST"}],"circlet_count":0,"master_deck":["Strike_G","Strike_G","Strike_G","Strike_G","Strike_G","Defend_G","Defend_G","Defend_G","Defend_G","Defend_G","Survivor","Neutralize","Deadly Poison","HandOfGreed+1","Noxious Fumes","Deadly Poison","Calculated Gamble","Slice","Poisoned Stab","Bane","Cloak And Dagger","Calculated Gamble","Bane","Distraction","Venomology","Quick Slash+1","hubris:Sloth","Pain","infinitespire:Starlight","Poisoned Stab+1","Backflip+1","Bane+1","Backstab+1","Quick Slash","Blade Dance+1","Noxious Fumes+1","Blade Dance","Heel Hook"],"relics":["MiniHakkero","TwistedFunnel","Snake Skull","infinitespire:Cubic Diamond","Blood Vial","Ninja Scroll","Darkstone Periapt","Dream Catcher","hubris:CrackedHourglass","White Beast Statue","MealTicket","Bronze Scales","Pear","infinitespire:FocusingShard"],"acts_visited":["Exordium","TheCity"],"potions_floor_usage":[31,31,33,33,33],"damage_taken":[{"damage":0.0,"enemies":"Cultist","floor":1.0,"turns":3.0},{"damage":1.0,"enemies":"Jaw Worm","floor":4.0,"turns":4.0},{"damage":3.0,"enemies":"2 Louse","floor":8.0,"turns":2.0},{"damage":0.0,"enemies":"Gremlin Nob","floor":10.0,"turns":2.0},{"damage":2.0,"enemies":"Looter","floor":11.0,"turns":2.0},{"damage":12.0,"enemies":"3 Sentries","floor":12.0,"turns":5.0},{"damage":2.0,"enemies":"Exordium Thugs","floor":14.0,"turns":2.0},{"damage":29.0,"enemies":"The Guardian","floor":16.0,"turns":7.0},{"damage":17.0,"enemies":"Shell Parasite","floor":18.0,"turns":4.0},{"damage":12.0,"enemies":"3 Byrds","floor":22.0,"turns":4.0},{"damage":17.0,"enemies":"Gremlin Leader","floor":23.0,"turns":2.0},{"damage":33.0,"enemies":"Slavers","floor":27.0,"turns":4.0},{"damage":0.0,"enemies":"Cultist and Chosen","floor":28.0,"turns":3.0},{"damage":28.0,"enemies":"Sentry and Sphere","floor":29.0,"turns":4.0},{"damage":21.0,"enemies":"Book of Stabbing","floor":30.0,"turns":4.0},{"damage":13,"enemies":"Centurion and Healer","floor":31,"turns":2},{"damage":79,"enemies":"Champ","floor":33,"turns":9}],"seed_played":"-7915225976660623815","potions_obtained":[{"floor":8.0,"key":"FearPotion"},{"floor":11.0,"key":"Dexterity Potion"},{"floor":16.0,"key":"CunningPotion"},{"floor":22.0,"key":"SteroidPotion"},{"floor":23.0,"key":"Dexterity Potion"},{"floor":27.0,"key":"Regen Potion"},{"floor":28.0,"key":"SkillPotion"},{"floor":29.0,"key":"GamblersBrew"},{"floor":30,"key":"Block Potion"},{"floor":31,"key":"AttackPotion"}],"is_trial":false,"path_per_floor":["M","$","?","M","?","R","$","M","T","E","M","E","?","M","R","B",null,"M","?","?","?","M","E","R","?","T","E","M","M","E","M","R","B"],"character_chosen":"THE_SILENT","items_purchased":["TwistedFunnel","Snake Skull","Deadly Poison","HandOfGreed","Noxious Fumes","Slice","Blood Vial"],"campfire_rested":3,"item_purchase_floors":[0,0,0,0,0,7,7],"current_hp_per_floor":[46,46,46,45,45,45,45,44,44,46,46,36,36,36,57,30,70,53,53,65,65,65,50,74,74,74,63,74,58,49,48,75,0,0],"gold":718,"neow_bonus":"","is_daily":false,"chose_seed":false,"campfire_upgraded":1,"win_rate":0.0,"timestamp":1608105811,"path_taken":["M","?","?","M","?","R","$","?","T","E","M","E","?","M","R","BOSS","M","?","?","?","M","E","R","?","T","E","?","?","E","?","R","BOSS"],"items_purchased_type":["Relic","Relic","Card","Card","Card","Card","Relic"],"build_version":"2020-12-13","purchased_purges":0,"victory":false,"max_hp_per_floor":[70,70,70,70,70,70,70,70,70,70,70,70,70,70,70,70,70,70,70,82,82,82,82,82,82,82,92,92,92,92,92,92,92,92],"relic_stats":{"Blood Vial":28,"Darkstone Periapt":12,"Dream Catcher":3,"counters":[50,169],"Bronze Scales":[69],"MealTicket":0,"Snake Skull":[91],"obtain_stats":[{"TwistedFunnel":0,"Darkstone Periapt":10,"Gremlin Horn":0,"Vajra":0,"Snake Skull":0,"infinitespire:Cubic Diamond":3,"Bottled Tornado":9,"Boot":0,"Ancient Tea Set":27,"Sling":30,"Blood Vial":7,"Lizard Tail":40,"Dream Catcher":12,"hubris:Backtick":17,"Ninja Scroll":26,"Prayer Wheel":0,"MealTicket":23,"Red Mask":39,"Ring of the Snake":0,"Pear":27,"hubris:64BitClover":0,"Dead Branch":17,"PreservedInsect":14,"infinitespire:FocusingShard":30,"infinitespire:CheckeredPen":47,"Paper Crane":10,"Odd Mushroom":7,"hubris:Towel":42,"Akabeko":0,"White Beast Statue":21,"Bottled Flame":24,"Bronze Scales":26,"Orrery":0,"Turnip":46,"Black Star":34,"Membership Card":14,"MiniHakkero":3,"hubris:CrackedHourglass":17,"StrikeDummy":0,"Unceasing Top":7,"hubris:Potato":30,"Meat on the Bone":46},{"TwistedFunnel":33,"Darkstone Periapt":37,"Gremlin Horn":0,"Vajra":0,"Snake Skull":0,"infinitespire:Cubic Diamond":34,"Bottled Tornado":6,"Boot":0,"Ancient Tea Set":21,"Sling":23,"Blood Vial":35,"Lizard Tail":29,"Dream Catcher":39,"hubris:Backtick":16,"Ninja Scroll":20,"Prayer Wheel":0,"MealTicket":44,"Red Mask":28,"Ring of the Snake":0,"Pear":45,"hubris:64BitClover":0,"Dead Branch":16,"PreservedInsect":15,"infinitespire:FocusingShard":48,"infinitespire:CheckeredPen":31,"Paper Crane":6,"Odd Mushroom":13,"hubris:Towel":30,"Akabeko":8,"White Beast Statue":42,"Bottled Flame":20,"Bronze Scales":44,"Orrery":0,"Turnip":31,"Black Star":25,"Membership Card":15,"MiniHakkero":34,"hubris:CrackedHourglass":41,"StrikeDummy":0,"Unceasing Top":6,"hubris:Potato":23,"Meat on the Bone":31},{"TwistedFunnel":106,"Darkstone Periapt":117,"Gremlin Horn":0,"Vajra":0,"Snake Skull":0,"infinitespire:Cubic Diamond":109,"Bottled Tornado":22,"Boot":0,"Ancient Tea Set":63,"Sling":67,"Blood Vial":113,"Lizard Tail":93,"Dream Catcher":124,"hubris:Backtick":48,"Ninja Scroll":61,"Prayer Wheel":0,"MealTicket":143,"Red Mask":91,"Ring of the Snake":0,"Pear":147,"hubris:64BitClover":0,"Dead Branch":48,"PreservedInsect":41,"infinitespire:FocusingShard":158,"infinitespire:CheckeredPen":97,"Paper Crane":22,"Odd Mushroom":35,"hubris:Towel":96,"Akabeko":28,"White Beast Statue":137,"Bottled Flame":61,"Bronze Scales":143,"Orrery":0,"Turnip":97,"Black Star":76,"Membership Card":41,"MiniHakkero":109,"hubris:CrackedHourglass":133,"StrikeDummy":0,"Unceasing Top":22,"hubris:Potato":67,"Meat on the Bone":97}]},"card_choices":[{"not_picked":["Dagger Throw","Underhanded Strike"],"picked":"Deadly Poison","floor":1.0},{"not_picked":["Bane","Sucker Punch"],"picked":"Calculated Gamble","floor":4.0},{"not_picked":["Dagger Throw","Escape Plan"],"picked":"Poisoned Stab","floor":8.0},{"not_picked":["Acrobatics","hubris:SlightOfHand"],"picked":"Bane","floor":10.0},{"not_picked":["Flechettes","Backflip"],"picked":"Cloak And Dagger","floor":11.0},{"not_picked":["Caltrops","Flechettes"],"picked":"Calculated Gamble","floor":12.0},{"not_picked":["Cloak And Dagger","Bullet Time"],"picked":"Bane","floor":14.0},{"not_picked":["Prepared","Sucker Punch"],"picked":"Distraction","floor":15.0},{"not_picked":["A Thousand Cuts","Storm of Steel"],"picked":"Venomology","floor":16.0},{"not_picked":["Crippling Poison","Dodge and Roll"],"picked":"Quick Slash+1","floor":18.0},{"not_picked":["hubris:InfiniteBlow","infinitespire:SevenWalls"],"picked":"infinitespire:Starlight","floor":20.0},{"not_picked":["PiercingWail","Bane"],"picked":"Poisoned Stab+1","floor":22.0},{"not_picked":["Phantasmal Killer","Sucker Punch"],"picked":"Backflip+1","floor":23.0},{"not_picked":["PiercingWail","Dodge and Roll"],"picked":"Bane+1","floor":24.0},{"not_picked":["Flying Knee","Deflect"],"picked":"Backstab+1","floor":27.0},{"not_picked":["hubris:Sniper","PiercingWail"],"picked":"Quick Slash","floor":28.0},{"not_picked":["A Thousand Cuts","Expertise"],"picked":"Blade Dance+1","floor":29.0},{"not_picked":["Distraction","Predator"],"picked":"Noxious Fumes+1","floor":30},{"not_picked":["Endless Agony","Terror"],"picked":"Blade Dance","floor":31},{"not_picked":["Prepared","Flying Knee"],"picked":"Heel Hook","floor":32}],"player_experience":250568,"relics_obtained":[{"floor":9.0,"key":"Ninja Scroll"},{"floor":10.0,"key":"Darkstone Periapt"},{"floor":12.0,"key":"Dream Catcher"},{"floor":23.0,"key":"MealTicket"},{"floor":26.0,"key":"Bronze Scales"},{"floor":27.0,"key":"Pear"},{"floor":30,"key":"infinitespire:FocusingShard"}],"event_choices":[{"damage_healed":0.0,"max_hp_gain":0.0,"max_hp_loss":0.0,"gold_gain":275.0,"event_name":"Golden Shrine","player_choice":"Desecrate","floor":5.0,"gold_loss":0.0,"damage_taken":0.0,"cards_obtained":["Regret"]},{"damage_healed":0.0,"max_hp_gain":0.0,"max_hp_loss":0.0,"gold_gain":60.0,"event_name":"Golden Wing","player_choice":"Gained Gold","floor":13.0,"gold_loss":0.0,"damage_taken":0.0},{"cards_removed":["Regret"],"damage_healed":0.0,"max_hp_gain":0.0,"max_hp_loss":0.0,"gold_gain":0.0,"event_name":"Beggar","player_choice":"Gave Gold","floor":19.0,"gold_loss":75.0,"damage_taken":0.0},{"damage_healed":0.0,"max_hp_gain":0.0,"max_hp_loss":0.0,"gold_gain":0.0,"event_name":"The Mausoleum","player_choice":"Opened","floor":21.0,"gold_loss":0.0,"damage_taken":0.0,"relics_obtained":["White Beast Statue"]},{"damage_healed":0.0,"max_hp_gain":0.0,"max_hp_loss":0.0,"gold_gain":0.0,"event_name":"The Joust","player_choice":"Bet on Murderer","floor":25.0,"gold_loss":50.0,"damage_taken":0.0}],"is_beta":false,"boss_relics":[{"not_picked":["Sozu","Snecko Eye"],"picked":"hubris:CrackedHourglass"}],"items_purged_floors":[],"is_endless":false,"potions_floor_spawned":[4,8,11,16,22,23,27,28,29,30,31],"killed_by":"Champ","ascension_level":1}}