{"host":"llpusn9usp8rznkj","time":1608109233,"event":{"mods":["2.2 Compatiblity","BaseMod","Colored Map","Colored Powertips","Conspire","Downfall","Hubris","Minty Spire (QoL Compilation)","Rare Cards Sparkle","Replay The Spire","StSLib","The Cursed"],"gold_per_floor":[111,111,111,111,164,164,177,208,281,281,313,324,354,354,354,354,354,432,432,443,473,41,55,55,88,108,141,141,141,141,141,272,8,8,85,85,85,85],"floor_reached":37,"playtime":960,"items_purged":["Strike_R","Strike_R+1"],"score":924,"play_id":"546b15cc-cc3d-4d3c-bbec-601359d42260","local_time":"20201216040033","is_ascension_mode":true,"campfire_choices":[{"data":"Bash","floor":6.0,"key":"SMITH"},{"data":"Whirlwind","floor":10.0,"key":"SMITH"},{"data":"Disarm","floor":17.0,"key":"SMITH"},{"data":"Berserk","floor":29.0,"key":"SMITH"},{"data":"Spot Weakness","floor":31.0,"key":"SMITH"},{"floor":34.0,"key":"REST"}],"circlet_count":0,"master_deck":["AscendersBane","Strike_R+2","Strike_R+2","Strike_R+2","Defend_R+1","Defend_R+1","Defend_R+1","Defend_R+1","Bash+1","Spot Weakness+1","Run Through","Whirlwind+1","Disarm+1","Berserk+1","ReplayTheSpireMod:Muscle Training","Evolve","Hemogenesis"],"relics":["Burning Blood","NeowsBlessing","Simple Rune","Letter Opener","conspire:Boomerang","Quantum Egg","Meat on the Bone","Bronze Scales","hubris:Icosahedron","Sozu","Toy Ornithopter","Ornamental Fan","Pear","ReplayTheSpireMod:Lightbulb","Snack Pack","Blue Candle","Brimstone","SlaversCollar"],"acts_visited":["Exordium","TheCity","TheBeyond"],"potions_floor_usage":[],"damage_taken":[{"damage":0.0,"enemies":"Cultist","floor":1.0,"turns":1.0},{"damage":0.0,"enemies":"2 Louse","floor":7.0,"turns":1.0},{"damage":0.0,"enemies":"3 Sentries","floor":8.0,"turns":2.0},{"damage":12.0,"enemies":"Lagavulin","floor":11.0,"turns":5.0},{"damage":12.0,"enemies":"Small Slimes","floor":12.0,"turns":2.0},{"damage":32.0,"enemies":"Gremlin Nob","floor":13.0,"turns":4.0},{"damage":26.0,"enemies":"Hexaghost","floor":18.0,"turns":9.0},{"damage":11.0,"enemies":"Spheric Guardian","floor":20.0,"turns":3.0},{"damage":35.0,"enemies":"conspire:MimicChest","floor":21.0,"turns":5.0},{"damage":19.0,"enemies":"3 Byrds","floor":23.0,"turns":4.0},{"damage":36.0,"enemies":"Book of Stabbing","floor":25.0,"turns":5.0},{"damage":7.0,"enemies":"Snake Plant","floor":26.0,"turns":3.0},{"damage":2.0,"enemies":"Gremlin Leader","floor":27.0,"turns":4.0},{"damage":39.0,"enemies":"Book of Stabbing","floor":32.0,"turns":4.0},{"damage":25,"enemies":"hubris:MusketHawk","floor":35,"turns":6},{"damage":83,"enemies":"3 Darklings","floor":37,"turns":3}],"seed_played":"8563098581031984394","potions_obtained":[{"floor":1.0,"key":"sneckomod:MuddlingPotion"},{"floor":5.0,"key":"AttackPotion"},{"floor":12.0,"key":"hexamod:EctoCoolerPotion"},{"floor":13.0,"key":"ElixirPotion"},{"floor":18.0,"key":"Adrenaline Potion"}],"is_trial":false,"path_per_floor":["M","?","?","?","?","R","M","E","T","R","E","M","E","PTL","PTL","?","R","B",null,"M","?","$","M","?","E","M","E","T","R","?","R","E","$","R","B",null,"M"],"character_chosen":"IRONCLAD","items_purchased":["ReplayTheSpireMod:Muscle Training","Ornamental Fan","Brimstone"],"campfire_rested":1,"item_purchase_floors":[22,22,33],"current_hp_per_floor":[74,74,74,74,50,50,56,62,62,62,56,50,36,36,36,36,36,43,67,62,45,45,44,44,36,47,51,51,51,51,51,32,32,57,56,78,0,0],"gold":85,"neow_bonus":"THREE_ENEMY_KILL","is_daily":false,"chose_seed":false,"campfire_upgraded":5,"win_rate":0.0,"timestamp":1608109233,"path_taken":["M","?","?","?","?","R","M","E","T","R","E","?","E","PTL","PTL","?","R","BOSS","M","?","?","M","?","E","?","E","T","R","?","R","E","$","R","BOSS","M"],"items_purchased_type":["Card","Relic","Relic"],"build_version":"2020-12-13","purchased_purges":2,"victory":false,"max_hp_per_floor":[75,75,75,75,75,75,75,75,75,75,75,75,75,75,75,75,75,75,75,75,75,75,75,75,85,85,85,85,85,85,85,85,85,85,85,85,85,85],"card_choices":[{"not_picked":["Shockwave","Heavy Blade"],"picked":"Spot Weakness","floor":1.0},{"not_picked":["Havoc","True Grit"],"picked":"Run Through","floor":5.0},{"not_picked":["Havoc","conspire:Charge","ReplayTheSpireMod:LeadingStrike"],"picked":"SKIP","floor":7.0},{"not_picked":["Brutality","True Grit"],"picked":"Whirlwind","floor":8.0},{"not_picked":["Flame Barrier","Seeing Red"],"picked":"Disarm","floor":11.0},{"not_picked":["Shrug It Off","Flex","Body Slam"],"picked":"SKIP","floor":12.0},{"not_picked":["hubris:ReadiedAction","Infernal Blade","Shrug It Off"],"picked":"SKIP","floor":13.0},{"not_picked":["Corruption","hubris:StunningStrike"],"picked":"Berserk","floor":18.0},{"not_picked":["hubris:ReadiedAction","Replay:Undeath\u0027s Touch","Reckless Charge+1"],"picked":"SKIP","floor":20.0},{"not_picked":["Pommel Strike","Cleave","Armaments"],"picked":"SKIP","floor":23.0},{"not_picked":["ReplayTheSpireMod:Strike From Hell+1","Rampage","Wild Strike"],"picked":"SKIP","floor":25.0},{"not_picked":["Immolate","Perfected Strike","Seeing Red"],"picked":"SKIP","floor":26.0},{"not_picked":["Dropkick","Power Through","Burning Pact+1"],"picked":"SKIP","floor":27.0},{"not_picked":["Flex","Iron Wave"],"picked":"Evolve","floor":32.0},{"not_picked":["Offering","Demonic Infusion"],"picked":"Hemogenesis","floor":35}],"player_experience":976801,"relics_obtained":[{"floor":5.0,"key":"Letter Opener"},{"floor":8.0,"key":"conspire:Boomerang"},{"floor":9.0,"key":"Quantum Egg"},{"floor":11.0,"key":"Meat on the Bone"},{"floor":13.0,"key":"Bronze Scales"},{"floor":21.0,"key":"Toy Ornithopter"},{"floor":25.0,"key":"Pear"},{"floor":27.0,"key":"ReplayTheSpireMod:Lightbulb"},{"floor":28.0,"key":"Snack Pack"},{"floor":32.0,"key":"Blue Candle"}],"event_choices":[{"damage_healed":0.0,"max_hp_gain":0.0,"max_hp_loss":0.0,"gold_gain":0.0,"event_name":"Big Fish","player_choice":"Box","floor":2.0,"gold_loss":0.0,"damage_taken":0.0,"relics_obtained":["Simple Rune"],"cards_obtained":["Regret"]},{"cards_removed":["Regret"],"damage_healed":0.0,"max_hp_gain":0.0,"max_hp_loss":0.0,"gold_gain":0.0,"event_name":"Living Wall","player_choice":"Forget","floor":3.0,"gold_loss":0.0,"damage_taken":0.0},{"damage_healed":0.0,"max_hp_gain":0.0,"max_hp_loss":0.0,"gold_gain":0.0,"event_name":"Back to Basics","player_choice":"Simplicity","floor":24.0,"gold_loss":0.0,"damage_taken":0.0,"cards_upgraded":["Strike_R","Strike_R","Strike_R","Strike_R","Defend_R","Defend_R","Defend_R","Defend_R"]}],"is_beta":false,"boss_relics":[{"not_picked":["Black Star","SacredBark"],"picked":"Sozu"},{"not_picked":["Ring of Chaos","Runic Dome"],"picked":"SlaversCollar"}],"items_purged_floors":[22,33],"is_endless":false,"potions_floor_spawned":[1,12,13,18,23,25,32],"killed_by":"3 Darklings","ascension_level":20}}