{"host":"3lwutyfpza97k53s","time":1608098979,"event":{"mods":["A Magickal Journey","Act Like it!","BaseMod","BetterRewards","CapriCore","Clockwork Mod","Conspire","Dio Mod","Downfall","Hallownest","Hermit","Infinite Spire","Minty Spire (QoL Compilation)","Replay The Spire","Robot Space Explorer","Shade Mod","Shop Mod","StSLib","The Construct","The Immortal","The Judge","The Jungle","The Necromancer","TheVacant","TheWitcher"],"gold_per_floor":[113,125,137,137,52,52,78,78,78,92,92,112,129,140,140,243,243,256,355,384,404,415,415,449,449,449,459,459,469,469,500,500,601,601,616,633,649,649,662,662,697,697,697,697,731,731,752,771,771,771,771,771,771,815,841,841],"floor_reached":55,"playtime":2252,"items_purged":["Strike_W","Strike_W","Strike_W"],"score":1468,"play_id":"2e3df7fa-2c9e-424c-b070-d02ec0ce9a12","local_time":"20201216000939","is_ascension_mode":true,"campfire_choices":[{"data":"Bone_Bullets","floor":6.0,"key":"SMITH"},{"data":"Bones_to_Steel","floor":6.0,"key":"SMITH"},{"data":"Summon_Undead_Army","floor":8.0,"key":"SMITH"},{"data":"Summon_Undead_Army+1","floor":8.0,"key":"SMITH"},{"data":"Summon_Undead_Army+2","floor":15.0,"key":"SMITH"},{"data":"Summon_Undead_Army+3","floor":15.0,"key":"SMITH"},{"data":"Summon_Undead_Army+4","floor":23.0,"key":"SMITH"},{"data":"Summon_Undead_Army+5","floor":23.0,"key":"SMITH"},{"data":"Bone_Shift","floor":28.0,"key":"SMITH"},{"data":"Bone_Prison","floor":28.0,"key":"SMITH"},{"data":"Summon_Undead_Army+6","floor":30.0,"key":"SMITH"},{"data":"Summon_Undead_Army+7","floor":30.0,"key":"SMITH"},{"floor":32.0,"key":"RECALL"},{"data":"Defend_W","floor":40.0,"key":"SMITH"},{"data":"Defend_W","floor":40.0,"key":"SMITH"},{"data":"Defend_W","floor":44.0,"key":"SMITH"},{"data":"Defend_W","floor":44.0,"key":"SMITH"},{"data":"Bone_Wall","floor":46,"key":"SMITH"},{"data":"Summon_Undead_Army+8","floor":46,"key":"SMITH"},{"data":"Defend_W+1","floor":49,"key":"SMITH"},{"data":"Defend_W+1","floor":49,"key":"SMITH"},{"data":"Defend_W+1","floor":52,"key":"SMITH"},{"data":"Defend_W+1","floor":52,"key":"SMITH"}],"circlet_count":0,"master_deck":["Defend_W+2","Defend_W+2","Defend_W+2","Defend_W+2","Negative_Energy_Arrows","Bone_Wall+1","Bone_Bullets+1","Bone_Prison+1","Summon_Undead_Army+9","Siphon_Strength","Bone_Shift+1","Bones_to_Steel+1","Whirlwind_of_Bones","Bone_Bullets+1","Bone_Shift+1","Bone_Armory+1","Bone_Prison+1","Bone_Armor+1"],"relics":["Vampire_Amulet","conspire:InfiniteJournal","Peace Pipe","Turnip","Replay:Arrowhead","Replay:Baseball","infinitespire:Golems Mask","FossilizedHelix","Toxic Egg 2","Velvet Choker","Red Mask","Blue Doll","PreservedInsect","infinitespire:BottledMercury","Coffee Dripper","infinitespire:Midas Blood","Ornamental Fan","Blue Candle","Replay:Ringing Soul"],"acts_visited":["Exordium","TheCity","TheBeyond","TheEnding"],"potions_floor_usage":[55,55],"damage_taken":[{"damage":4.0,"enemies":"infinitespire:Voidling","floor":1.0,"turns":3.0},{"damage":0.0,"enemies":"Jaw Worm","floor":2.0,"turns":4.0},{"damage":0.0,"enemies":"Cultist","floor":3.0,"turns":3.0},{"damage":0.0,"enemies":"Gremlin Nob","floor":7.0,"turns":4.0},{"damage":0.0,"enemies":"Large Slime","floor":10.0,"turns":4.0},{"damage":0.0,"enemies":"Blue Slaver","floor":12.0,"turns":3.0},{"damage":0.0,"enemies":"Looter","floor":13.0,"turns":3.0},{"damage":0.0,"enemies":"Exordium Thugs","floor":14.0,"turns":4.0},{"damage":0.0,"enemies":"Fading Forest","floor":16.0,"turns":11.0},{"damage":0.0,"enemies":"Shell Parasite","floor":18.0,"turns":4.0},{"damage":0.0,"enemies":"Masked Bandits","floor":20.0,"turns":2.0},{"damage":0.0,"enemies":"3 Byrds","floor":21.0,"turns":3.0},{"damage":0.0,"enemies":"Snecko","floor":22.0,"turns":4.0},{"damage":7.0,"enemies":"Book of Stabbing","floor":24.0,"turns":7.0},{"damage":19.0,"enemies":"Sentry and Sphere","floor":27.0,"turns":6.0},{"damage":0.0,"enemies":"Snake Plant","floor":29.0,"turns":2.0},{"damage":0.0,"enemies":"Nightmare","floor":31.0,"turns":5.0},{"damage":25.0,"enemies":"StardustCrusaders","floor":33.0,"turns":7.0},{"damage":0.0,"enemies":"3 Shapes","floor":35.0,"turns":3.0},{"damage":0.0,"enemies":"Orb Walker","floor":36.0,"turns":2.0},{"damage":0.0,"enemies":"Spire Growth","floor":37.0,"turns":4.0},{"damage":0.0,"enemies":"Sphere and 2 Shapes","floor":39.0,"turns":4.0},{"damage":0.0,"enemies":"R_Hoarder","floor":41.0,"turns":1.0},{"damage":0,"enemies":"conspire:MimicChest","floor":45,"turns":5},{"damage":8,"enemies":"4 Shapes","floor":47,"turns":3},{"damage":0,"enemies":"Maw","floor":48,"turns":4},{"damage":0,"enemies":"Time Eater","floor":50,"turns":10},{"damage":42,"enemies":"Shield and Spear","floor":54,"turns":4},{"damage":79,"enemies":"Kars","floor":55,"turns":6}],"seed_played":"2365172056263850489","potions_obtained":[{"floor":2.0,"key":"Dexterity Potion"},{"floor":3.0,"key":"Energy Potion"},{"floor":11.0,"key":"Strength Potion"}],"is_trial":false,"path_per_floor":["M","M","M","?","$","R","E","R","T","M","?","M","M","M","R","B",null,"M","?","?","M","M","R","E","?","T","M","R","M","R","NM","R","B",null,"M","M","M","?","M","R","E","?","T","R","?","R","M","M","R","B",null,"R","$","E","B"],"character_chosen":"NECROMANCER","items_purchased":["Bone_Bullets+1","Bone_Prison","Summon_Undead_Army","Replay:Arrowhead","Replay:Baseball","Siphon_Strength","Bone_Shift","Bone_Bullets","Bone_Shift+1"],"campfire_rested":0,"item_purchase_floors":[0,0,0,0,0,0,0,5,5],"current_hp_per_floor":[38,40,42,42,42,42,44,44,44,48,48,50,52,56,56,74,75,75,75,75,75,75,75,70,70,70,55,55,57,57,59,59,40,66,72,74,75,75,75,75,75,75,75,75,75,75,75,75,75,75,75,75,75,37,0,0],"gold":841,"neow_bonus":"","is_daily":false,"chose_seed":false,"campfire_upgraded":22,"win_rate":0.0,"timestamp":1608098979,"path_taken":["M","?","M","?","?","R","E","R","T","?","?","M","?","M","R","BOSS","M","?","?","M","M","R","E","?","T","M","R","M","R","NM","R","BOSS","M","M","M","?","?","R","E","?","T","R","?","R","M","?","R","BOSS","R","$","E","BOSS"],"items_purchased_type":["Card","Card","Card","Relic","Relic","Card","Card","Card","Card"],"build_version":"2020-12-13","purchased_purges":3,"victory":false,"max_hp_per_floor":[75,75,75,75,75,75,75,75,75,75,75,75,75,75,75,75,75,75,75,75,75,75,75,75,75,75,75,75,75,75,75,75,75,75,75,75,75,75,75,75,75,75,75,75,75,75,75,75,75,75,75,75,75,75,75,75],"card_choices":[{"not_picked":["Negative_Energy_Burst","Bone_Armor"],"picked":"Bones_to_Steel","floor":1.0},{"not_picked":["Acid_Javelin","Epidemic"],"picked":"Whirlwind_of_Bones","floor":2.0},{"not_picked":["Life_Tap","Acid_Javelin","Summon_Lich"],"picked":"SKIP","floor":3.0},{"not_picked":["Plague_Bolt","Bones_to_Steel+1","Negative_Energy_Burst"],"picked":"SKIP","floor":7.0},{"not_picked":["Acid_Javelin","Flesh_Made_Foul","Blood_Curse"],"picked":"SKIP","floor":10.0},{"not_picked":["Bone_Shift+1","Negative_Energy_Sphere","Shackles_Of_Pain+1"],"picked":"SKIP","floor":12.0},{"not_picked":["Bone_Bullets","Blood_for_Blood","Violent_Necrosis+1"],"picked":"SKIP","floor":13.0},{"not_picked":["Exploit","Blood_Whip","Spectral_Armor+1"],"picked":"SKIP","floor":14.0},{"not_picked":["Chill_Blood+1","Whirlwind_of_Bones","Exploit"],"picked":"SKIP","floor":18.0},{"not_picked":["Vampiric_Strike+1","Blood_Whip"],"picked":"Bone_Armory+1","floor":20.0},{"not_picked":["Life_Drain+1","Negative_Energy_Sphere","Summon_Vampire_Lady"],"picked":"SKIP","floor":21.0},{"not_picked":["Chill_Blood+1","Negative_Energy_Sphere","Bone_Shift+1"],"picked":"SKIP","floor":22.0},{"not_picked":["Negative_Energy_Sphere","Acid_Javelin","Chill_Blood+1"],"picked":"SKIP","floor":24.0},{"not_picked":["Bone_Spikes","Summon_Undead_Army"],"picked":"Bone_Prison+1","floor":27.0},{"not_picked":["Strike_from_Beyond","Acid_Javelin","Stop_Heart+1"],"picked":"SKIP","floor":29.0},{"not_picked":["Death_Coil","Bone_Bullets","Consume_Illness+1"],"picked":"SKIP","floor":31.0},{"not_picked":["Chill_Blood+1","Shackles_Of_Pain+1"],"picked":"Bone_Armor+1","floor":35.0},{"not_picked":["Blood_Whip","Vampiric_Strike+1","Bone_Spikes+1"],"picked":"SKIP","floor":36.0},{"not_picked":["Pandemic+1","Negative_Energy_Mist+1","Death_March_Dance+1"],"picked":"SKIP","floor":37.0},{"not_picked":["Scare+1","Negative_Energy_Burst+1","Vampiric_Strike+1"],"picked":"SKIP","floor":39.0},{"not_picked":["Acid_Javelin","Summon_Vampire_Lady","Consume_Illness+1"],"picked":"SKIP","floor":41.0},{"not_picked":["Summon_Undead+1","Death_March_Dance","Shackles_Of_Pain+1"],"picked":"SKIP","floor":47},{"not_picked":["Chill_Blood+1","Deaths_Shadow+1","Negative_Energy_Burst"],"picked":"SKIP","floor":48},{"not_picked":["Thousand_Bone_Knives","Toxic_Smoke_Screen+1","Negative_Energy_Javelin"],"picked":"SKIP","floor":54}],"player_experience":466273,"relics_obtained":[{"floor":7.0,"key":"Toxic Egg 2"},{"floor":20.0,"key":"Red Mask"},{"floor":24.0,"key":"Blue Doll"},{"floor":26.0,"key":"PreservedInsect"},{"floor":31.0,"key":"infinitespire:BottledMercury"},{"floor":41.0,"key":"infinitespire:Midas Blood"},{"floor":43.0,"key":"Ornamental Fan"},{"floor":45,"key":"Blue Candle"},{"floor":54,"key":"Replay:Ringing Soul"}],"event_choices":[{"damage_healed":0.0,"max_hp_gain":0.0,"max_hp_loss":0.0,"gold_gain":0.0,"event_name":"Lab","player_choice":"Got Potions","floor":11.0,"gold_loss":0.0,"damage_taken":0.0},{"damage_healed":0.0,"max_hp_gain":0.0,"max_hp_loss":0.0,"gold_gain":99.0,"event_name":"Nest","player_choice":"Stole From Cult","floor":19.0,"gold_loss":0.0,"damage_taken":0.0},{"damage_healed":0.0,"max_hp_gain":0.0,"max_hp_loss":0.0,"gold_gain":0.0,"event_name":"Masked Bandits","player_choice":"Fought Bandits","floor":20.0,"gold_loss":0.0,"damage_taken":0.0},{"cards_removed":["Strike_W"],"damage_healed":0.0,"max_hp_gain":0.0,"max_hp_loss":0.0,"gold_gain":0.0,"event_name":"Purifier","player_choice":"Purged","floor":38.0,"gold_loss":0.0,"damage_taken":0.0}],"is_beta":false,"boss_relics":[{"not_picked":["Empty Cage","Runic Dome"],"picked":"Velvet Choker"},{"not_picked":["SlaversCollar","Calling Bell"],"picked":"Coffee Dripper"}],"items_purged_floors":[0,0,0],"is_endless":false,"potions_floor_spawned":[2,3,13,14,22,24,27,29,31,37,39,47],"killed_by":"Kars","ascension_level":6}}