{"host":"6xsbn6ynqlzwllfm","time":1608135163,"event":{"mods":["2.2 Compatiblity","BaseMod","Bestiary","Colored Map","Colored Powertips","Curses Come First","Downfall","Highlight Path","Minty Spire (QoL Compilation)","Quick Restart","Relic Stats","Slay the Relics Exporter","StSLib","SuperFastMode"],"gold_per_floor":[113,113,124,124,124,124,124,124],"floor_reached":7,"playtime":150,"items_purged":[],"score":78,"play_id":"80bc9046-5782-4cab-9a32-157f5ee12f2a","local_time":"20201216111243","is_ascension_mode":true,"campfire_choices":[{"data":"Shrug It Off","floor":6,"key":"SMITH"}],"circlet_count":0,"master_deck":["AscendersBane","Strike_R","Strike_R","Strike_R","Strike_R","Strike_R","Defend_R+1","Defend_R+1","Defend_R","Defend_R","Bash","Whirlwind+1","Shrug It Off+1"],"relics":["Burning Blood"],"acts_visited":["Exordium"],"potions_floor_usage":[7],"damage_taken":[{"damage":18,"enemies":"Small Slimes","floor":1,"turns":6},{"damage":8,"enemies":"2 Louse","floor":3,"turns":3},{"damage":44,"enemies":"Gremlin Nob","floor":7,"turns":4}],"seed_played":"8213309175666516867","potions_obtained":[{"floor":1,"key":"PowerPotion"},{"floor":3,"key":"ElixirPotion"}],"is_trial":false,"path_per_floor":["M","?","M","?","?","R","E"],"character_chosen":"IRONCLAD","items_purchased":[],"campfire_rested":0,"item_purchase_floors":[],"current_hp_per_floor":[63,68,66,40,40,40,0,0],"gold":124,"neow_bonus":"TEN_PERCENT_HP_BONUS","is_daily":false,"chose_seed":false,"campfire_upgraded":1,"win_rate":0.0,"timestamp":1608135163,"path_taken":["M","?","M","?","?","R","E"],"items_purchased_type":[],"build_version":"2020-12-13","purchased_purges":0,"victory":false,"max_hp_per_floor":[82,87,87,87,87,87,87,87],"relic_stats":{"counters":[3,13],"obtain_stats":[{"Burning Blood":0},{"Burning Blood":0},{"Burning Blood":0}],"Burning Blood":12},"card_choices":[{"not_picked":["Flame Barrier","Ghostly Armor"],"picked":"Whirlwind","floor":1},{"not_picked":["Body Slam","Clothesline"],"picked":"Shrug It Off","floor":3}],"player_experience":1218937,"relics_obtained":[],"event_choices":[{"damage_healed":0,"gold_gain":0,"player_choice":"Donut","damage_taken":0,"max_hp_gain":5,"max_hp_loss":0,"event_name":"Big Fish","floor":2,"gold_loss":0},{"damage_healed":0,"gold_gain":0,"player_choice":"Entered Light","damage_taken":26,"max_hp_gain":0,"max_hp_loss":0,"event_name":"Shining Light","floor":4,"gold_loss":0,"cards_upgraded":["Defend_R","Defend_R"]},{"damage_healed":0,"gold_gain":0,"player_choice":"Grow","damage_taken":0,"max_hp_gain":0,"max_hp_loss":0,"event_name":"Living Wall","floor":5,"gold_loss":0,"cards_upgraded":["Whirlwind"]}],"is_beta":false,"boss_relics":[],"items_purged_floors":[],"is_endless":false,"potions_floor_spawned":[1,3],"killed_by":"Gremlin Nob","ascension_level":20}}