{"host":"2bgm6qx4v5n7yply","time":1608091350,"event":{"mods":["A Magickal Journey","AchievementEnabler","BaseMod","Better Third Choice","BetterRewards","ChefMod","Colored Map","Hubris","Minty Spire (QoL Compilation)","Rare Cards Sparkle","Robot Space Explorer","Shade Mod","Shop Mod","Spicy Shops","StSLib","The Alterego","The Dragon Tamer","The Hayseed","vexMod"],"gold_per_floor":[9999,10016,10016,7981,7981,7981,7991,6315,6384,6413,6413,6413,6413,4981,4981,5082,5082,5092,5111,5130,5141,4305,4339,4350,4350,4350,4350,4350,3311,3311,3321,3321,3418,3418,3436,3452,3452,3452,2058,2058,2087,1178,1178,1207,1227,1227,1121,605,605,605,605,605,283,315,315],"floor_reached":56,"playtime":23836,"items_purged":["chefmod:Defend","chefmod:Strike","chefmod:Defend","chefmod:Strike","chefmod:Strike","chefmod:Defend","chefmod:Strike"],"score":1743,"play_id":"5bc28f93-51a0-4753-a96b-1398227e72af","local_time":"20201215220230","is_ascension_mode":true,"campfire_choices":[{"floor":6,"key":"RECALL"},{"data":"chefmod:RisingDough","floor":11,"key":"SMITH"},{"data":"Chrysalis","floor":15,"key":"SMITH"},{"floor":25,"key":"REST"},{"floor":27,"key":"REST"},{"data":"chefmod:QuickChop","floor":32,"key":"SMITH"},{"data":"chefmod:FrozenTuna","floor":40,"key":"SMITH"},{"data":"chefmod:OldCookbook","floor":46,"key":"SMITH"},{"data":"Transmutation","floor":49,"key":"SMITH"},{"data":"chefmod:FarmersMarket","floor":52,"key":"SMITH"}],"circlet_count":0,"master_deck":["chefmod:QuickThaw","chefmod:TodaysSpecial+1","chefmod:FarmersMarket+1","chefmod:CayenneCloud","chefmod:Chop","chefmod:Escargot+1","chefmod:Flambe","chefmod:RisingDough+1","chefmod:CapreseSalad","chefmod:Chop","chefmod:SearedScallops","chefmod:LocoMoco+1","chefmod:Tenderizer","chefmod:QuickChop+1","chefmod:CayenneCloud","chefmod:FreezeSolid","Chrysalis+1","chefmod:FrozenTuna+1","chefmod:Granita","chefmod:FiveAlarmChili","chefmod:ZaruSoba+1","chefmod:ColdSteel+1","chefmod:FullCourseMeal","chefmod:DinoKale+1","chefmod:Fillet","chefmod:Granita+1","Iron Wave","Bandage Up","chefmod:FreshProduce+1","chefmod:Julienne","chefmod:Escargot+1","chefmod:TodaysSpecial+1","Transmutation+1","chefmod:FreezeSolid+1","chefmod:IcePick","chefmod:OldCookbook+1","chefmod:LocoMoco+1","chefmod:DeathByChocolate","Violence","chefmod:Omelette+1"],"relics":["chefmod:TrustyPot","MerchantsRug","Omamori","Bag of Marbles","OrangePellets","Strawberry","chefmod:WoodenSpoon","vexMod:GhostlyGear","hubris:MedicalManual","hubris:BottledRain","hubris:CuriousFeather","vexMod:MemoryStick","ClockworkSouvenir","vexMod:PaidLearning","hubris:CrystalStatue","Sundial","NlothsMask","Question Card","PreservedInsect","Chemical X","hubris:PeanutButter","White Beast Statue","SlaversCollar","Regal Pillow","Bronze Scales","Art of War","Medical Kit","Pen Nib","MealTicket","hubris:SphereOfDissonance","Dream Catcher","Juzu Bracelet","Toolbox","TungstenRod","hubris:TerracottaHorce","hubris:Spice","Unceasing Top","Frozen Egg 2","Mango","Boot","HornCleat","Membership Card","Ornamental Fan","DollysMirror","Letter Opener","Torii","hubris:TenFootPole","Sling","chefmod:RollingPin","Blood Vial","Lee\u0027s Waffle","Oddly Smooth Stone","hubris:DisguiseKit"],"acts_visited":["Exordium","TheCity","TheBeyond","TheEnding"],"potions_floor_usage":[10,16,45,45,55,55,55,55],"damage_taken":[{"damage":4,"enemies":"Small Slimes","floor":1,"turns":5},{"damage":4,"enemies":"Cultist","floor":2,"turns":4},{"damage":0,"enemies":"Jaw Worm","floor":7,"turns":3},{"damage":8,"enemies":"3 Sentries","floor":10,"turns":3},{"damage":11,"enemies":"Hexaghost","floor":16,"turns":7},{"damage":2,"enemies":"Chosen","floor":18,"turns":3},{"damage":3,"enemies":"Shell Parasite","floor":19,"turns":4},{"damage":0,"enemies":"3 Cultists","floor":20,"turns":3},{"damage":22,"enemies":"Sentry and Sphere","floor":21,"turns":4},{"damage":35,"enemies":"Book of Stabbing","floor":23,"turns":4},{"damage":0,"enemies":"Centurion and Healer","floor":24,"turns":3},{"damage":0,"enemies":"Snake Plant","floor":31,"turns":1},{"damage":0,"enemies":"Champ","floor":33,"turns":5},{"damage":0,"enemies":"3 Darklings","floor":35,"turns":3},{"damage":0,"enemies":"3 Shapes","floor":36,"turns":1},{"damage":0,"enemies":"Reptomancer","floor":41,"turns":2},{"damage":8,"enemies":"Giant Head","floor":44,"turns":2},{"damage":0,"enemies":"Sphere and 2 Shapes","floor":45,"turns":2},{"damage":5,"enemies":"Awakened One","floor":50,"turns":4},{"damage":0,"enemies":"Shield and Spear","floor":54,"turns":1},{"damage":0,"enemies":"The Heart","floor":55,"turns":4}],"seed_played":"-1882918957567077651","potions_obtained":[{"floor":16,"key":"AttackPotion"},{"floor":41,"key":"BlessingOfTheForge"},{"floor":45,"key":"Block Potion"}],"is_trial":false,"path_per_floor":["M","M","?","$","T","R","M","$","T","E","R","?","?","$","R","B",null,"M","M","M","M","$","E","M","R","T","R","?","$","?","M","R","B",null,"M","M","?","?","$","R","E","$","T","E","M","R","?","$","R","B",null,"R","$","E","B",null],"character_chosen":"THE_CHEF","items_purchased":["MerchantsRug","Omamori","Bag of Marbles","OrangePellets","Strawberry","chefmod:WoodenSpoon","vexMod:GhostlyGear","chefmod:Escargot","AttackPotion","Regen Potion","Fire Potion","chefmod:Flambe","chefmod:RisingDough","chefmod:CapreseSalad","hubris:MedicalManual","hubris:BottledRain","hubris:CuriousFeather","vexMod:MemoryStick","ClockworkSouvenir","chefmod:SearedScallops","chefmod:LocoMoco","chefmod:Tenderizer","vexMod:PaidLearning","Question Card","PreservedInsect","Chemical X","hubris:PeanutButter","White Beast Statue","chefmod:CayenneCloud","chefmod:FreezeSolid","Chrysalis","Regal Pillow","Bronze Scales","Art of War","Medical Kit","Pen Nib","hubris:SphereOfDissonance","Dream Catcher","Juzu Bracelet","Toolbox","TungstenRod","hubris:Spice","Unceasing Top","Frozen Egg 2","Mango","chefmod:FreshProduce+1","chefmod:Julienne","HornCleat","Membership Card","Ornamental Fan","hubris:Spice","DollysMirror","Transmutation","chefmod:FreezeSolid+1","chefmod:IcePick","Torii","hubris:TenFootPole","Sling","chefmod:RollingPin","ColorlessPotion","chefmod:PotionOfPlenty","chefmod:LocoMoco+1","chefmod:DeathByChocolate","Blood Vial","Lee\u0027s Waffle","Oddly Smooth Stone","Violence"],"campfire_rested":2,"item_purchase_floors":[4,4,4,4,4,4,4,4,4,4,4,4,4,4,8,8,8,8,8,8,8,8,8,14,14,14,14,14,14,14,14,22,22,22,22,22,29,29,29,29,29,39,39,39,39,39,39,42,42,42,42,42,42,42,42,48,48,48,48,48,48,48,48,53,53,53,53],"current_hp_per_floor":[79,75,75,82,82,82,82,82,82,74,74,79,79,79,79,68,95,93,90,90,68,68,33,33,76,76,95,95,95,95,95,95,95,95,95,95,95,95,117,117,117,125,117,101,101,101,101,101,101,100,101,101,108,108,108],"gold":315,"neow_bonus":"TEN_PERCENT_HP_BONUS","is_daily":false,"chose_seed":false,"campfire_upgraded":7,"win_rate":0.0,"timestamp":1608091350,"path_taken":["M","M","?","?","?","R","?","$","T","E","R","?","?","$","R","BOSS","M","?","M","M","$","E","M","R","T","R","?","$","?","M","R","BOSS","M","M","?","?","$","R","E","$","T","E","M","R","?","?","R","BOSS","R","$","E","BOSS"],"items_purchased_type":["Relic","Relic","Relic","Relic","Relic","Relic","Relic","Card","Potion","Potion","Potion","Card","Card","Card","Relic","Relic","Relic","Relic","Relic","Card","Card","Card","Relic","Relic","Relic","Relic","Relic","Relic","Card","Card","Card","Relic","Relic","Relic","Relic","Relic","Relic","Relic","Relic","Relic","Relic","Relic","Relic","Relic","Relic","Card","Card","Relic","Relic","Relic","Relic","Relic","Card","Card","Card","Relic","Relic","Relic","Relic","Potion","Potion","Card","Card","Relic","Relic","Relic","Card"],"build_version":"2020-12-13","purchased_purges":7,"victory":true,"max_hp_per_floor":[83,83,83,90,90,90,90,90,90,90,90,95,95,95,95,95,95,95,95,95,95,95,95,95,95,95,95,95,95,95,95,95,95,95,95,95,95,95,117,117,117,125,117,101,101,101,101,101,101,101,101,101,108,108,108],"card_choices":[{"not_picked":["chefmod:LiquidNitrogen","chefmod:Sorbet"],"picked":"chefmod:FarmersMarket","floor":1},{"not_picked":["chefmod:FryPan","chefmod:Granita"],"picked":"chefmod:CayenneCloud","floor":2},{"not_picked":["chefmod:HotSoup","chefmod:SliceAndDice"],"picked":"chefmod:Chop","floor":7},{"not_picked":["chefmod:Fillet","chefmod:Chop"],"picked":"chefmod:QuickChop","floor":10},{"not_picked":["chefmod:RaidPantry","chefmod:DeepFreeze","chefmod:Canape"],"picked":"chefmod:FrozenTuna","floor":16},{"not_picked":["chefmod:Defrost","chefmod:FreezerBurn","chefmod:AllYouCanEat+1"],"picked":"chefmod:Granita","floor":18},{"not_picked":["chefmod:FryPan","chefmod:Ratatouille","chefmod:ZaruSoba"],"picked":"chefmod:FiveAlarmChili","floor":19},{"not_picked":["chefmod:Sorbet","chefmod:DimSum","chefmod:FryPan"],"picked":"chefmod:ZaruSoba+1","floor":20},{"not_picked":["chefmod:BaoBuns","chefmod:IcePick","chefmod:FreezeSolid"],"picked":"chefmod:ColdSteel+1","floor":21},{"not_picked":["chefmod:FreezeSolid","chefmod:GroceryDelivery+1","chefmod:ZaruSoba"],"picked":"chefmod:FullCourseMeal","floor":23},{"not_picked":["chefmod:BaoBuns","chefmod:Granita","chefmod:Chop"],"picked":"chefmod:DinoKale+1","floor":24},{"not_picked":["chefmod:Gelato","chefmod:Granita","chefmod:ZaruSoba","chefmod:Defrost"],"picked":"SKIP","floor":31},{"not_picked":["chefmod:FireUp","chefmod:HotSoup","chefmod:Defrost+1"],"picked":"chefmod:Fillet","floor":35},{"not_picked":["chefmod:FryPan+1","chefmod:PotatoGratin","chefmod:IcePick+1"],"picked":"chefmod:Granita+1","floor":36},{"not_picked":["Trip","Blind","Violence"],"picked":"Bandage Up","floor":38},{"not_picked":["chefmod:Defrost","chefmod:Flambe","chefmod:AlooGobi+1"],"picked":"chefmod:Escargot+1","floor":41},{"not_picked":["chefmod:Defrost","chefmod:GroceryDelivery","chefmod:HotSoup"],"picked":"hubris:SpiceAddiction","floor":44},{"not_picked":["chefmod:TastyDistraction+1","chefmod:Ratatouille+1","chefmod:DinoKale+1"],"picked":"chefmod:OldCookbook","floor":45},{"not_picked":["chefmod:GroceryDelivery","chefmod:SpaghettiCarbonara+1","chefmod:Gelato+1"],"picked":"chefmod:Omelette+1","floor":54}],"player_experience":128353,"relics_obtained":[{"floor":9,"key":"hubris:CrystalStatue"},{"floor":10,"key":"Sundial"},{"floor":23,"key":"MealTicket"},{"floor":41,"key":"Boot"},{"floor":43,"key":"hubris:Spice"},{"floor":44,"key":"hubris:Spice"},{"floor":54,"key":"hubris:DisguiseKit"}],"event_choices":[{"damage_healed":0,"gold_gain":0,"cards_transformed":["chefmod:Strike"],"player_choice":"Transformed","damage_taken":0,"max_hp_gain":0,"max_hp_loss":0,"event_name":"Transmorgrifier","floor":3,"gold_loss":0,"cards_obtained":["chefmod:Chop"]},{"damage_healed":0,"gold_gain":0,"player_choice":"Donut","damage_taken":0,"max_hp_gain":5,"max_hp_loss":0,"event_name":"Big Fish","floor":12,"gold_loss":0},{"damage_healed":0,"gold_gain":0,"player_choice":"Trade","damage_taken":0,"relics_obtained":["NlothsMask"],"max_hp_gain":0,"max_hp_loss":0,"event_name":"FaceTrader","floor":13,"gold_loss":0},{"damage_healed":0,"gold_gain":0,"player_choice":"Insight","damage_taken":1,"max_hp_gain":0,"max_hp_loss":0,"event_name":"betterThird:BetterWriting","floor":30,"gold_loss":0,"cards_obtained":["Insight"]},{"cards_removed":["Insight"],"damage_healed":0,"gold_gain":0,"player_choice":"Took Card","damage_taken":0,"max_hp_gain":0,"max_hp_loss":0,"event_name":"NoteForYourself","floor":37,"gold_loss":0,"cards_obtained":["Iron Wave"]},{"damage_healed":0,"gold_gain":0,"player_choice":"Memory 1","damage_taken":0,"max_hp_gain":0,"max_hp_loss":0,"event_name":"SensoryStone","floor":38,"gold_loss":0},{"damage_healed":0,"gold_gain":0,"player_choice":"Paid Gold","damage_taken":0,"relics_obtained":["Letter Opener"],"max_hp_gain":0,"max_hp_loss":0,"event_name":"WeMeetAgain","floor":47,"gold_loss":106}],"is_beta":false,"boss_relics":[{"not_picked":["Fusion Hammer","vexMod:MegatonBomb"],"picked":"SlaversCollar"},{"not_picked":["hubris:HollowSoul","hubris:VirtuousBlindfold"],"picked":"hubris:TerracottaHorce"}],"items_purged_floors":[4,8,8,14,22,29,39],"is_endless":false,"potions_floor_spawned":[7,10,16,18,19,20,21,24,31,33,35,36,41,44,45,54],"ascension_level":5}}