{"host":"f55lpzc7830gmx23","time":1608159869,"event":{"mods":["BaseMod","Better Note","Downfall","Hermit","Minty Spire (QoL Compilation)","StSLib","The Blackbeard","The Cursed","The Necromancer"],"gold_per_floor":[111,336,286,286,297,323,323,38,113,413,413,426,426,441,441,539,539,551,551,551,587,602,602,628,639,664,692,709,74,74,116,116,243,243,268,147,176,225,77,77,141,141,141,141,168,201,31,97,97,112],"floor_reached":51,"playtime":2801,"items_purged":["Regret","blackbeard:BlackbeardStrike","blackbeard:BlackbeardStrike"],"score":1172,"play_id":"0af1f46e-d170-4001-a916-794b6846fb5d","local_time":"20201217000429","is_ascension_mode":true,"campfire_choices":[{"data":"blackbeard:Cutlass","floor":7,"key":"SMITH"},{"data":"blackbeard:BeatUp","floor":11,"key":"SMITH"},{"floor":15,"key":"REST"},{"data":"blackbeard:FinalBarrage","floor":23,"key":"SMITH"},{"floor":32,"key":"REST"},{"floor":40,"key":"RECALL"},{"floor":42,"key":"REST"},{"floor":49,"key":"REST"}],"circlet_count":0,"master_deck":["blackbeard:BlackbeardStrike","blackbeard:BlackbeardStrike+1","blackbeard:IntimidatingStrike","blackbeard:BlackbeardDefend","blackbeard:BlackbeardDefend","blackbeard:Cutlass+1","blackbeard:TacticalRetreat","blackbeard:TacticalRetreat","blackbeard:BountyHunter","blackbeard:RearmingStrike","blackbeard:Scrap","blackbeard:BeatUp+1","blackbeard:TerrorOfTheSeas","blackbeard:CloakAndCannonball","blackbeard:FinalBarrage+1","CurseOfTheBell","blackbeard:GoldenDefense","blackbeard:GoldenDefense","blackbeard:CannonBarrage+1","blackbeard:CannonballSupply","blackbeard:GoldenCannonball","blackbeard:TheDrunkenSailor","blackbeard:GoldenDefense","blackbeard:GoldenStrike+1","blackbeard:GoldenStrike+1","blackbeard:BoostMorale","blackbeard:GoldenCannonball+1","blackbeard:GoldenDefense","blackbeard:GoldenStrike","blackbeard:GoldenStrike+1","blackbeard:GoldenStrike","blackbeard:Sword+1"],"relics":["Regal Pillow","blackbeard:HipFlask","Anchor","Meat on the Bone","Old Coin","Du-Vu Doll","Calling Bell","blackbeard:CannonballsOfSteel","InkBottle","blackbeard:PoorMathSkills","Nloth\u0027s Gift","Orichalcum","Eternal Feather","blackbeard:TreasureChest","Lee\u0027s Waffle","Question Card","Fusion Hammer","Whetstone","Dead Branch","Toy Ornithopter","Pocketwatch"],"acts_visited":["Exordium","TheCity","TheBeyond"],"potions_floor_usage":[1,6,6,20,22,24,31,31,33,33,41,46,50],"damage_taken":[{"damage":0,"enemies":"Small Slimes","floor":1,"turns":3},{"damage":0,"enemies":"2 Louse","floor":5,"turns":3},{"damage":8,"enemies":"Lagavulin","floor":6,"turns":7},{"damage":0,"enemies":"Jaw Worm","floor":12,"turns":2},{"damage":0,"enemies":"Looter","floor":14,"turns":2},{"damage":1,"enemies":"Slime Boss","floor":16,"turns":7},{"damage":0,"enemies":"Chosen","floor":18,"turns":3},{"damage":0,"enemies":"3 Byrds","floor":20,"turns":1},{"damage":23,"enemies":"Centurion and Healer","floor":21,"turns":5},{"damage":2,"enemies":"Cultist and Chosen","floor":22,"turns":5},{"damage":17,"enemies":"Shelled Parasite and Fungi","floor":24,"turns":4},{"damage":2,"enemies":"Chosen and Byrds","floor":25,"turns":5},{"damage":2,"enemies":"Cultist and Chosen","floor":27,"turns":3},{"damage":2,"enemies":"Shelled Parasite and Fungi","floor":28,"turns":3},{"damage":38,"enemies":"Gremlin Leader","floor":31,"turns":4},{"damage":35,"enemies":"Automaton","floor":33,"turns":7},{"damage":5,"enemies":"3 Shapes","floor":35,"turns":3},{"damage":0,"enemies":"Orb Walker","floor":37,"turns":2},{"damage":0,"enemies":"3 Darklings","floor":38,"turns":4},{"damage":2,"enemies":"Giant Head","floor":41,"turns":4},{"damage":0,"enemies":"Writhing Mass","floor":46,"turns":3},{"damage":0,"enemies":"2 Orb Walkers","floor":48,"turns":3},{"damage":61,"enemies":"Donu and Deca","floor":50,"turns":8}],"seed_played":"-3958850032325361672","potions_obtained":[{"floor":0,"key":"SmokeBomb"},{"floor":0,"key":"PowerPotion"},{"floor":0,"key":"SteroidPotion"},{"floor":5,"key":"SpeedPotion"},{"floor":16,"key":"PowerPotion"},{"floor":18,"key":"blackbeard:OrangeJuicePotion"},{"floor":21,"key":"hexamod:EctoCoolerPotion"},{"floor":24,"key":"SkillPotion"},{"floor":28,"key":"SkillPotion"},{"floor":31,"key":"FearPotion"},{"floor":33,"key":"Swift Potion"},{"floor":37,"key":"LiquidMemories"},{"floor":38,"key":"LiquidMemories"},{"floor":41,"key":"ColorlessPotion"}],"is_trial":false,"path_per_floor":["M","?","?","?","M","E","R","$","T","?","R","M","?","M","R","B",null,"M","?","M","M","M","R","M","M","T","M","M","$","?","E","R","B",null,"M","$","M","M","$","R","E","R","T","?","T","M","$","?","R","B",null],"character_chosen":"BLACKBEARD_CLASS","items_purchased":["Anchor","blackbeard:RearmingStrike","blackbeard:Scrap","blackbeard:BeatUp","blackbeard:GoldenDefense","blackbeard:GoldenStrike","Eternal Feather","blackbeard:TreasureChest","Lee\u0027s Waffle","blackbeard:GoldenDefense","blackbeard:GoldenStrike","blackbeard:GoldenStrike"],"campfire_rested":4,"item_purchase_floors":[8,8,8,8,29,29,29,29,29,36,39,47],"current_hp_per_floor":[68,68,68,61,61,53,53,53,53,46,46,46,46,46,75,74,75,75,75,75,52,50,50,41,39,39,49,47,82,82,44,82,47,73,68,68,68,68,68,82,80,82,82,82,82,82,82,82,82,38],"gold":112,"neow_bonus":"THREE_SMALL_POTIONS","is_daily":false,"chose_seed":false,"campfire_upgraded":3,"win_rate":0.0,"timestamp":1608159869,"path_taken":["M","?","?","?","?","E","R","$","T","?","R","M","?","M","R","BOSS","M","?","M","M","M","R","?","M","T","?","M","$","?","E","R","BOSS","M","?","M","?","?","R","E","R","T","?","?","M","$","?","R","BOSS"],"items_purchased_type":["Relic","Card","Card","Card","Card","Card","Relic","Relic","Relic","Card","Card","Card"],"build_version":"2020-12-13","purchased_purges":3,"victory":true,"max_hp_per_floor":[75,75,75,75,75,75,75,75,75,75,75,75,75,75,75,75,75,75,75,75,75,75,75,75,75,75,75,75,82,82,82,82,82,82,82,82,82,82,82,82,82,82,82,82,82,82,82,82,82,82],"card_choices":[{"not_picked":["blackbeard:FieryDefense","blackbeard:ChaoticDefense"],"picked":"blackbeard:TacticalRetreat","floor":1},{"not_picked":["blackbeard:Toast","blackbeard:WiseDefense"],"picked":"blackbeard:TacticalRetreat","floor":5},{"not_picked":["blackbeard:Upgrade","blackbeard:Anchor"],"picked":"blackbeard:BountyHunter","floor":6},{"not_picked":["blackbeard:FieryDefense","blackbeard:WiseDefense"],"picked":"blackbeard:TerrorOfTheSeas","floor":12},{"not_picked":["blackbeard:WiseDefense","blackbeard:TacticalRetreat"],"picked":"blackbeard:CloakAndCannonball","floor":14},{"not_picked":["blackbeard:Halberd","blackbeard:BoostMorale"],"picked":"blackbeard:FinalBarrage","floor":16},{"not_picked":["blackbeard:BlindAttacks","blackbeard:Fencing"],"picked":"blackbeard:GoldenDefense","floor":18},{"not_picked":["blackbeard:SwordDance","blackbeard:RemoveScurvy+1"],"picked":"blackbeard:GoldenDefense","floor":21},{"not_picked":["blackbeard:TerrorOfTheSeas","blackbeard:BlindAttacks"],"picked":"blackbeard:CannonBarrage+1","floor":22},{"not_picked":["blackbeard:WoodenLeg","blackbeard:WiseDefense"],"picked":"blackbeard:CannonballSupply","floor":24},{"not_picked":["blackbeard:BrownPants","blackbeard:Sword"],"picked":"blackbeard:GoldenCannonball","floor":25},{"not_picked":["blackbeard:Shrapnel","blackbeard:PirateHook","blackbeard:BeatUp"],"picked":"SKIP","floor":27},{"not_picked":["blackbeard:WiseDefense","blackbeard:Fencing"],"picked":"blackbeard:TheDrunkenSailor","floor":28},{"not_picked":["blackbeard:Dagger","blackbeard:Spear"],"picked":"blackbeard:GoldenStrike+1","floor":31},{"not_picked":["blackbeard:WeaponMastery","blackbeard:HumongousCannonball","blackbeard:Intoxication"],"picked":"blackbeard:BoostMorale","floor":33},{"not_picked":["blackbeard:SwordDance+1","blackbeard:PiratesWill+1","blackbeard:Sword"],"picked":"blackbeard:GoldenCannonball+1","floor":35},{"not_picked":["blackbeard:Fencing+1","blackbeard:FieryDefense+1","blackbeard:RearmingStrike","blackbeard:DangerousBlow+1"],"picked":"SKIP","floor":37},{"not_picked":["blackbeard:BeatUp+1","blackbeard:DeadlyArsenal+1","blackbeard:FishingNets","blackbeard:PirateStrength"],"picked":"SKIP","floor":38},{"not_picked":["blackbeard:RearmingStrike+1","blackbeard:Scrap","blackbeard:ReapersScythe"],"picked":"blackbeard:GoldenStrike+1","floor":41},{"not_picked":["blackbeard:Toast+1","blackbeard:WeaponProficiency","blackbeard:SwordDance","blackbeard:WoodenLeg"],"picked":"SKIP","floor":46},{"not_picked":["blackbeard:Spear+1","blackbeard:RemoveScurvy+1","blackbeard:WoodenLeg"],"picked":"blackbeard:Sword+1","floor":48}],"player_experience":417890,"relics_obtained":[{"floor":6,"key":"blackbeard:HipFlask"},{"floor":9,"key":"Meat on the Bone"},{"floor":17,"key":"blackbeard:CannonballsOfSteel"},{"floor":17,"key":"InkBottle"},{"floor":17,"key":"blackbeard:PoorMathSkills"},{"floor":26,"key":"Orichalcum"},{"floor":31,"key":"Question Card"},{"floor":41,"key":"Whetstone"},{"floor":43,"key":"Dead Branch"},{"floor":45,"key":"Toy Ornithopter"},{"floor":48,"key":"Pocketwatch"}],"event_choices":[{"damage_healed":0,"gold_gain":225,"player_choice":"YARR","damage_taken":0,"relics_obtained":["Regal Pillow"],"max_hp_gain":0,"max_hp_loss":0,"event_name":"blackbeard:Ssssserpent","floor":2,"gold_loss":0},{"cards_removed":["blackbeard:BlackbeardDefend"],"damage_healed":0,"gold_gain":0,"player_choice":"Card Removal","damage_taken":0,"max_hp_gain":0,"max_hp_loss":0,"event_name":"The Cleric","floor":3,"gold_loss":50},{"cards_removed":["blackbeard:BlackbeardDefend"],"damage_healed":0,"gold_gain":0,"player_choice":"Card Removal","damage_taken":7,"max_hp_gain":0,"max_hp_loss":0,"event_name":"Golden Wing","floor":4,"gold_loss":0},{"damage_healed":0,"gold_gain":0,"player_choice":"Success","damage_taken":7,"relics_obtained":["Old Coin"],"max_hp_gain":0,"max_hp_loss":0,"event_name":"Scrap Ooze","floor":10,"gold_loss":0},{"damage_healed":0,"gold_gain":0,"player_choice":"Box","damage_taken":0,"relics_obtained":["Du-Vu Doll"],"max_hp_gain":0,"max_hp_loss":0,"event_name":"Big Fish","floor":13,"gold_loss":0,"cards_obtained":["Regret"]},{"damage_healed":0,"gold_gain":0,"player_choice":"Traded Relic","damage_taken":0,"relics_obtained":["Nloth\u0027s Gift"],"max_hp_gain":0,"max_hp_loss":0,"event_name":"N\u0027loth","floor":19,"relics_lost":["blackbeard:LoadTheCannons"],"gold_loss":0},{"cards_removed":["blackbeard:BlackbeardStrike"],"damage_healed":0,"gold_gain":0,"player_choice":"Give","damage_taken":0,"max_hp_gain":0,"max_hp_loss":0,"event_name":"betterNote:BetterNote","floor":30,"gold_loss":0,"cards_obtained":["blackbeard:BlackbeardStrike"]},{"damage_healed":0,"gold_gain":0,"player_choice":"Ignored","damage_taken":0,"max_hp_gain":0,"max_hp_loss":0,"event_name":"Tomb of Lord Red Mask","floor":44,"gold_loss":0},{"damage_healed":0,"gold_gain":0,"player_choice":"Fight","damage_taken":0,"max_hp_gain":0,"max_hp_loss":0,"event_name":"Mysterious Sphere","floor":48,"gold_loss":0}],"is_beta":false,"boss_relics":[{"not_picked":["SlaversCollar","Busted Crown"],"picked":"Calling Bell"},{"not_picked":["Runic Pyramid","Coffee Dripper"],"picked":"Fusion Hammer"}],"items_purged_floors":[36,39,47],"is_endless":false,"potions_floor_spawned":[5,16,18,21,24,28,31,33,37,38,41],"ascension_level":9}}