{"host":"j9rq22nraqsrbvz2","time":1608155353,"event":{"mods":["AchievementEnabler","Act Like it!","BaseMod","Bestiary","Better Note","Better Third Choice","BetterRewards","Colored Map","Colored Powertips","Conspire","Downfall","Friendly Minions","GifTheSpireLib","Googly Eyes","Gremlin Mod","Grow up Mod","Halation","Hallownest","Hermit","Hubris","Hunter ??","Kiyohime????","Lobotomy","LobotomyExtend","Minty Spire (QoL Compilation)","Relic Stats","Replay The Spire","Shop Mod","Spicy Shops","StSLib","Stuff the Spire","The Administrix","The Bug Knight","The Factory","The IronCluck","The Jungle","TheBandit"],"gold_per_floor":[364,377,377,76,95,95,111,126,153,9,9,9,9,35,35,138,138,149,149,5,5,16,16,16,33,33,33,33,60,60,60,60,159,159,177,97,257,369,379,379,140,140,140,172,195,195,195,95,95],"floor_reached":50,"playtime":4600,"items_purged":["ReplayTheSpireMod:Splinters"],"score":748,"play_id":"e5bbd3f5-3b2f-4918-b4a4-b23116ab9df9","local_time":"20201216164913","is_ascension_mode":false,"campfire_choices":[{"data":"HollowMod:HeavyBlow","floor":6,"key":"SMITH"},{"data":"HollowMod:CycloneSlash","floor":11,"key":"SMITH"},{"data":"HollowMod:VengefulVoid","floor":13,"key":"SMITH"},{"data":"HollowMod:MantisMark","floor":15,"key":"SMITH"},{"data":"HollowMod:HornetsHelp","floor":28,"key":"SMITH"},{"data":"Guardian:TwinSlam","floor":30,"key":"SMITH"},{"data":"HollowMod:PogoStrike","floor":31,"key":"SMITH"},{"data":"HollowMod:SoulEater","floor":32,"key":"SMITH"},{"floor":40,"key":"REST"},{"floor":42,"key":"REST"},{"floor":47,"key":"REST"},{"data":"HollowMod:SlysStrikes","floor":49,"key":"SMITH"}],"circlet_count":1,"master_deck":["HollowMod:NailStrikeStart+1","HollowMod:NailStrikeStart+1","HollowMod:NailStrikeStart+1","HollowMod:NailStrikeStart+1","HollowMod:QuickDashStart","HollowMod:QuickDashStart","HollowMod:QuickDashStart","HollowMod:QuickDashStart+1","HollowMod:FocusHealStart","HollowMod:PogoStrike+1","HpAim","Guardian:TwinSlam+1","HollowMod:Grubsong","HollowMod:HeavyBlow+1","HollowMod:CycloneSlash+1","HollowMod:VengefulVoid+1","HollowMod:MantisMark+1","HollowMod:SoulEater+1","HollowMod:HornetsHelp+1","CurseOfTheBell","HollowMod:BaldurShell+1","StuffTheSpire:CuriosityCurse","HollowMod:NewGlowingWomb","ReplayTheSpireMod:IOU","ReplayTheSpireMod:IOU","ReplayTheSpireMod:IOU","HollowMod:FastStrike+1","HollowMod:SlysStrikes+1","HollowMod:SoulVessel+1","Hallownest:attackMasterDashSlash","HollowMod:InfectedCysts+1","HollowMod:Hiveblood+1","HollowMod:GrimmsGift+1","HollowMod:SoulVessel+1","ReplayTheSpireMod:Necrogeddon","expansioncontent:BronzeBeam","HollowMod:WraithStrike","HollowMod:ZotesMagnificence","HollowMod:CloakDash","HollowMod:DreamGate","HollowMod:BaldurShell","ReplayTheSpireMod:Brewmster","expansioncontent:TimeRipple","StuffTheSpire:PlasmaPulse+1","HollowMod:CycloneSlash"],"relics":["HollowMod:VesselMask","Hallownest:DreamNailRelic","Gremlin Food","Orichalcum","LetterFromLob","Toy Ornithopter","Juzu Bracelet","Circlet","Replay:Mystery Machine","Calling Bell","Replay:Wax Seal","Pantograph","halation:BlackBeret","Strawberry","Vajra","halation:PinkSoulGem","halation:EternalFortune","Anchor","halation:Komachan","halation:AfternoonTea","hubris:DeckOfHolding","Replay:Bottled Eggs","hubris:CrackedHourglass","Hallownest:GodTamersBeastRelic","BargainBundle","Nunchaku","hubris:BundleOfHerbs","ReplayTheSpireMod:ShopPack","Lantern","ReplayTheSpireMod:Ninjato","MerchantsRug","Blood Vial","hubris:Teleporter","StuffTheSpire:Gunfinga"],"acts_visited":["Hallownest:Greenpath","Hallownest:CityofTears","Hallownest:KingdomsEdge"],"potions_floor_usage":[14,16,18,29,33,33,33,44,50,50,50],"damage_taken":[{"damage":7,"enemies":"Hallownest:2_Baldur","floor":1,"turns":2},{"damage":10,"enemies":"Hallownest:monsterHuskGuard","floor":2,"turns":5},{"damage":6,"enemies":"2_ Uuma","floor":5,"turns":5},{"damage":5,"enemies":"Hallownest:1_Baldur_1_Crawlid_1_Warrior","floor":7,"turns":4},{"damage":21,"enemies":"Hallownest:MossCreep_and_Mosskin","floor":8,"turns":5},{"damage":12,"enemies":"Hallownest:eliteMossKnight","floor":14,"turns":6},{"damage":41,"enemies":"Hallownest:BossBrokenVessel","floor":16,"turns":9},{"damage":18,"enemies":"Hallownest:Guard_and_Sentry","floor":18,"turns":6},{"damage":14,"enemies":"Hallownest:Flukemon_and_Top","floor":22,"turns":4},{"damage":69,"enemies":"Hallownest:eliteWatcherKnight","floor":29,"turns":16},{"damage":123,"enemies":"Hallownest:BossMantisLord","floor":33,"turns":9},{"damage":89,"enemies":"Hallownest:2_Littles","floor":35,"turns":6},{"damage":26,"enemies":"Hallownest:2_Littles","floor":37,"turns":6},{"damage":55,"enemies":"Hallownest:2_Littles","floor":37,"turns":7},{"damage":119,"enemies":"Hallownest:2_Littles","floor":37,"turns":7},{"damage":0,"enemies":"Hallownest:2_Littles","floor":37,"turns":2},{"damage":46,"enemies":"Hallownest:Shield_Heavy","floor":39,"turns":5},{"damage":73,"enemies":"conspire:MimicChest","floor":44,"turns":6},{"damage":58,"enemies":"Hallownest:Radiance","floor":50,"turns":8}],"seed_played":"-4060061320136961573","potions_obtained":[{"floor":1,"key":"Energy Potion"},{"floor":14,"key":"Strength Potion"},{"floor":18,"key":"EntropicBrew"},{"floor":29,"key":"PowerPotion"}],"is_trial":false,"path_per_floor":["M","M","?","$","M","R","M","M","T","$","R","?","R","E","R","B",null,"M","?","$","?","M","?","?","$","T","?","R","E","R","R","R","B",null,"M","?","?","?","M","R","$","R","T","?","T","R","R","B"],"character_chosen":"THE_BUGKNIGHT","items_purchased":["Gremlin Food","Orichalcum","Juzu Bracelet","Vajra","Anchor","halation:Komachan","halation:AfternoonTea","BargainBundle","Nunchaku","hubris:BundleOfHerbs","ReplayTheSpireMod:ShopPack","ReplayTheSpireMod:Necrogeddon","expansioncontent:BronzeBeam","HollowMod:WraithStrike","HollowMod:ZotesMagnificence","HollowMod:CloakDash","HollowMod:DreamGate","HollowMod:BaldurShell","Lantern","ReplayTheSpireMod:Ninjato","Explosive Potion","SneckoOil","MerchantsRug"],"campfire_rested":3,"item_purchase_floors":[4,4,10,20,25,25,25,41,41,41,41,41,41,41,41,41,41,41,41,41,41,41,41],"current_hp_per_floor":[88,92,102,112,120,130,135,124,134,144,154,164,174,177,187,161,255,252,269,279,289,285,298,308,318,328,338,348,294,304,314,324,251,435,356,366,180,190,163,318,328,489,499,458,468,555,565,0,0],"gold":95,"neow_bonus":"TWO_FIFTY_GOLD","is_daily":false,"chose_seed":false,"campfire_upgraded":9,"win_rate":0.0,"timestamp":1608155353,"path_taken":["M","?","?","?","M","R","M","M","T","$","R","?","R","E","R","BOSS","M","?","$","?","M","?","?","?","T","?","R","E","R","R","R","BOSS","M","?","?","?","M","R","?","R","T","?","?","R","R","BOSS"],"items_purchased_type":["Relic","Relic","Relic","Relic","Relic","Relic","Relic","Relic","Relic","Relic","Relic","Card","Card","Card","Card","Card","Card","Card","Card","Relic","Potion","Potion","Relic"],"build_version":"2020-12-13","purchased_purges":1,"victory":false,"max_hp_per_floor":[95,105,115,125,135,145,155,165,175,185,195,205,215,225,235,245,255,265,282,292,302,312,325,335,345,355,365,375,385,395,405,415,425,435,445,455,465,475,485,495,505,515,525,535,545,555,565,565,565],"relic_stats":{"Blood Vial":2,"Nunchaku":[2],"counters":[19,118],"Pantograph":25,"Juzu Bracelet":2,"Orichalcum":[234],"obtain_stats":[{"halation:BlackBeret":17,"Lantern":41,"Vajra":20,"HollowMod:VesselMask":0,"Hallownest:DreamNailRelic":3,"Juzu Bracelet":10,"halation:Komachan":25,"Replay:Mystery Machine":14,"Hallownest:GodTamersBeastRelic":37,"Blood Vial":43,"Nunchaku":41,"StuffTheSpire:Gunfinga":46,"Pantograph":17,"Strawberry":19,"hubris:DeckOfHolding":26,"Replay:Wax Seal":17,"Replay:Bottled Eggs":29,"Gremlin Food":4,"MerchantsRug":41,"BargainBundle":41,"ReplayTheSpireMod:Ninjato":41,"hubris:Teleporter":44,"Circlet":12,"Orichalcum":4,"Calling Bell":17,"Anchor":25,"halation:EternalFortune":23,"hubris:BundleOfHerbs":41,"LetterFromLob":5,"halation:AfternoonTea":25,"hubris:CrackedHourglass":34,"halation:PinkSoulGem":21,"Toy Ornithopter":9,"ReplayTheSpireMod:ShopPack":41},{"halation:BlackBeret":7,"Lantern":17,"Vajra":8,"HollowMod:VesselMask":0,"Hallownest:DreamNailRelic":2,"Juzu Bracelet":5,"halation:Komachan":9,"Replay:Mystery Machine":6,"Hallownest:GodTamersBeastRelic":16,"Blood Vial":17,"Nunchaku":17,"StuffTheSpire:Gunfinga":18,"Pantograph":7,"Strawberry":8,"hubris:DeckOfHolding":9,"Replay:Wax Seal":7,"Replay:Bottled Eggs":10,"Gremlin Food":2,"MerchantsRug":17,"BargainBundle":17,"ReplayTheSpireMod:Ninjato":17,"hubris:Teleporter":18,"Circlet":5,"Orichalcum":2,"Calling Bell":7,"Anchor":9,"halation:EternalFortune":9,"hubris:BundleOfHerbs":17,"LetterFromLob":3,"halation:AfternoonTea":9,"hubris:CrackedHourglass":11,"halation:PinkSoulGem":8,"Toy Ornithopter":5,"ReplayTheSpireMod:ShopPack":17},{"halation:BlackBeret":36,"Lantern":104,"Vajra":42,"HollowMod:VesselMask":0,"Hallownest:DreamNailRelic":7,"Juzu Bracelet":21,"halation:Komachan":46,"Replay:Mystery Machine":27,"Hallownest:GodTamersBeastRelic":99,"Blood Vial":104,"Nunchaku":104,"StuffTheSpire:Gunfinga":110,"Pantograph":36,"Strawberry":42,"hubris:DeckOfHolding":46,"Replay:Wax Seal":36,"Replay:Bottled Eggs":62,"Gremlin Food":7,"MerchantsRug":104,"BargainBundle":104,"ReplayTheSpireMod:Ninjato":104,"hubris:Teleporter":110,"Circlet":21,"Orichalcum":7,"Calling Bell":36,"Anchor":46,"halation:EternalFortune":46,"hubris:BundleOfHerbs":104,"LetterFromLob":12,"halation:AfternoonTea":46,"hubris:CrackedHourglass":71,"halation:PinkSoulGem":42,"Toy Ornithopter":21,"ReplayTheSpireMod:ShopPack":104}],"Toy Ornithopter":50},"card_choices":[{"not_picked":["HollowMod:BaldurShell","HollowMod:InfectedAttack"],"picked":"HollowMod:Grubsong","floor":1},{"not_picked":["HollowMod:SoulSplash","HollowMod:InfectedAttack"],"picked":"HollowMod:HeavyBlow","floor":2},{"not_picked":["HollowMod:FallenFury","HollowMod:HowlingWraiths"],"picked":"HollowMod:CycloneSlash","floor":5},{"not_picked":["HollowMod:SoulSplash","HollowMod:DesolateDive"],"picked":"HollowMod:VengefulVoid","floor":7},{"not_picked":["HollowMod:GreatSlash","HollowMod:GoodIntentions"],"picked":"HollowMod:MantisMark","floor":8},{"not_picked":["HollowMod:SiblingsShadow","HollowMod:ChannelNail"],"picked":"HollowMod:SoulEater","floor":14},{"not_picked":["HollowMod:SoulMaster","HollowMod:PureVessel"],"picked":"HollowMod:HornetsHelp","floor":16},{"not_picked":["HollowMod:TaintedHusks","HollowMod:DungDefenderAura"],"picked":"HollowMod:BaldurShell+1","floor":18},{"not_picked":["HollowMod:MonarchWings","HollowMod:CoiledNail"],"picked":"HollowMod:NewGlowingWomb","floor":22},{"not_picked":["HollowMod:ShadowDash+1","HollowMod:CloakDash"],"picked":"HollowMod:FastStrike+1","floor":29},{"not_picked":["HollowMod:ElderbugsWisdom","HollowMod:NewInfectedGuardian"],"picked":"HollowMod:SlysStrikes","floor":33},{"not_picked":["HollowMod:DungDefenderAura","HollowMod:InfectedAttack"],"picked":"HollowMod:SoulVessel+1","floor":35},{"not_picked":["HollowMod:CloakDash","HollowMod:LifebloodCocoon+1"],"picked":"HollowMod:InfectedCysts+1","floor":38},{"not_picked":["HollowMod:SharpenedNail","HollowMod:InfectionAssault"],"picked":"HollowMod:Hiveblood","floor":38},{"not_picked":["HollowMod:SharpenedNail","HollowMod:NewJinnsSoul"],"picked":"HollowMod:GrimmsGift+1","floor":38},{"not_picked":["HollowMod:SharpenedNail+1","HollowMod:RecoilStrike"],"picked":"HollowMod:SoulVessel+1","floor":39},{"not_picked":["Metamorphosis","Transmutation"],"picked":"ReplayTheSpireMod:Brewmster","floor":41},{"not_picked":["hubris:Ssssneak","Discovery"],"picked":"expansioncontent:TimeRipple","floor":41},{"not_picked":["expansioncontent:SlimeTackle","Discovery"],"picked":"StuffTheSpire:PlasmaPulse","floor":41},{"not_picked":["HollowMod:CoiledNail","HollowMod:CloakDash+1"],"picked":"HollowMod:CycloneSlash","floor":44}],"player_experience":118100,"relics_obtained":[{"floor":5,"key":"LetterFromLob"},{"floor":9,"key":"Toy Ornithopter"},{"floor":14,"key":"Replay:Mystery Machine"},{"floor":17,"key":"Replay:Wax Seal"},{"floor":17,"key":"Pantograph"},{"floor":17,"key":"halation:BlackBeret"},{"floor":26,"key":"hubris:DeckOfHolding"},{"floor":29,"key":"Replay:Bottled Eggs"},{"floor":43,"key":"Blood Vial"},{"floor":44,"key":"hubris:Teleporter"},{"floor":46,"key":"StuffTheSpire:Gunfinga"}],"event_choices":[{"damage_healed":0,"gold_gain":0,"player_choice":"Leave","damage_taken":0,"max_hp_gain":0,"max_hp_loss":0,"event_name":"conspire:Investor","floor":24,"gold_loss":0}],"is_beta":false,"boss_relics":[{"not_picked":["ChewingGum","Empty Cage"],"picked":"Calling Bell"},{"not_picked":["halation:Yufonium","halation:PinkAlligatorPlush"],"picked":"hubris:CrackedHourglass"}],"items_purged_floors":[41],"is_endless":false,"potions_floor_spawned":[1,14,18,29,37],"killed_by":"Hallownest:Radiance","ascension_level":0}}