{"host":"lctcqud4f9t1q6q5","time":1608097375,"event":{"mods":["BaseMod","Better Vampires","Block Reminder","Colored Map","Colored Powertips","Downfall","Highlight Path","KinomotoSakuraMod(木之本樱)","Lobotomy","LobotomyExtend","Marisa（F雨　魔理沙）","Minty Spire (QoL Compilation)","Quick Restart","Reimu（博丽灵梦）","Relic Stats","Replay The Spire","RumiaBox-露米娅的神秘盒子","Shop Mod","Spicy Shops","StSLib","TestMod","The Bug Knight","Thieving Mod","WarShipGirlsR/战舰少女R mod","vexMod","【功能Mod】混沌之环修复补丁","篝火指南"],"gold_per_floor":[113,288,288,302,302,332,346,375,375,89,89,89,121,271,271,370,370],"floor_reached":16,"playtime":835,"items_purged":[],"score":227,"play_id":"22a17e75-bf3a-40f7-9503-b7ba65b3229c","local_time":"20201216134255","is_ascension_mode":true,"campfire_choices":[{"data":"HollowMod:ShadowDash","floor":11.0,"key":"SMITH"},{"floor":15,"key":"RECALL"}],"circlet_count":0,"master_deck":["HollowMod:NailStrikeStart","HollowMod:NailStrikeStart","HollowMod:NailStrikeStart","HollowMod:NailStrikeStart","HollowMod:QuickDashStart","HollowMod:QuickDashStart","HollowMod:QuickDashStart","HollowMod:QuickDashStart","HollowMod:FocusHealStart","HollowMod:PogoStrike","HollowMod:SharpenedShadows","HollowMod:ShadowDash+1","HollowMod:ShapeofUnn","Voices"],"relics":["HollowMod:VesselMask","testmod-TestBox","CogitoBucket","testmod-D_4","Ancient Tea Set","vexMod:InvisibilityCloak","vexMod:ScavengeHelm","Medical Kit","Orichalcum","Replay:Bottled Steam","ReplayTheSpireMod:CursedCoin"],"acts_visited":["Exordium"],"potions_floor_usage":[],"damage_taken":[{"damage":0.0,"enemies":"Small Slimes","floor":1.0,"turns":3.0},{"damage":11.0,"enemies":"Jaw Worm","floor":4.0,"turns":2.0},{"damage":31.0,"enemies":"Lagavulin","floor":6.0,"turns":5.0},{"damage":0.0,"enemies":"Cultist","floor":7.0,"turns":2.0},{"damage":16.0,"enemies":"Gremlin Nob","floor":8.0,"turns":3.0},{"damage":6,"enemies":"HollowMod:MossKnight","floor":13,"turns":3},{"damage":0,"enemies":"Slime Boss","floor":16,"turns":5}],"seed_played":"3921171421433517799","potions_obtained":[{"floor":6.0,"key":"BlessingOfTheForge"},{"floor":7.0,"key":"LiquidBronze"},{"floor":16,"key":"BlessingOfTheForge"}],"is_trial":false,"path_per_floor":["M","?","?","M","?","E","M","E","T","$","R","$","E","$","R","B"],"character_chosen":"THE_BUGKNIGHT","items_purchased":["Medical Kit","Orichalcum","ReplayTheSpireMod:CursedCoin"],"campfire_rested":0,"item_purchase_floors":[10,10,14],"current_hp_per_floor":[75,75,75,64,64,43,43,33,33,33,33,33,27,27,27,27,27],"gold":370,"neow_bonus":"","is_daily":false,"chose_seed":false,"campfire_upgraded":1,"win_rate":0.0,"timestamp":1608097375,"path_taken":["M","?","?","?","?","E","M","E","T","?","R","?","E","$","R","BOSS"],"items_purchased_type":["Relic","Relic","Relic"],"build_version":"2020-12-13","purchased_purges":0,"victory":false,"max_hp_per_floor":[75,75,75,75,75,75,75,75,75,75,75,75,75,75,75,75,75],"relic_stats":{"counters":[7,23],"Orichalcum":[6],"Medical Kit":[0],"obtain_stats":[{"vexMod:InvisibilityCloak":8,"CogitoBucket":0,"testmod-TestBox":0,"testmod-D_4":0,"vexMod:ScavengeHelm":9,"ReplayTheSpireMod:CursedCoin":14,"HollowMod:VesselMask":0,"Orichalcum":10,"Ancient Tea Set":6,"Medical Kit":10,"Replay:Bottled Steam":13},{"vexMod:InvisibilityCloak":5,"CogitoBucket":0,"testmod-TestBox":0,"testmod-D_4":0,"vexMod:ScavengeHelm":5,"ReplayTheSpireMod:CursedCoin":6,"HollowMod:VesselMask":0,"Orichalcum":5,"Ancient Tea Set":3,"Medical Kit":5,"Replay:Bottled Steam":6},{"vexMod:InvisibilityCloak":15,"CogitoBucket":0,"testmod-TestBox":0,"testmod-D_4":0,"vexMod:ScavengeHelm":15,"ReplayTheSpireMod:CursedCoin":18,"HollowMod:VesselMask":0,"Orichalcum":15,"Ancient Tea Set":10,"Medical Kit":15,"Replay:Bottled Steam":18}]},"card_choices":[{"not_picked":["HollowMod:ShadowDash","HollowMod:DashSlash","HollowMod:ChannelNail"],"picked":"SKIP","floor":1.0},{"not_picked":["HollowMod:SiblingsShadow","HollowMod:LifebloodCocoon","HollowMod:DescendingDark"],"picked":"SKIP","floor":4.0},{"not_picked":["HollowMod:NewJinnsSoul","HollowMod:InfectionAssault"],"picked":"HollowMod:SharpenedShadows","floor":6.0},{"not_picked":["HollowMod:SharpenedNail","HollowMod:CycloneSlash","HollowMod:InfectedAttack"],"picked":"SKIP","floor":7.0},{"not_picked":["HollowMod:InfectionAssault","HollowMod:NewGlowingWomb"],"picked":"HollowMod:ShadowDash","floor":8.0},{"not_picked":["HollowMod:DesolateDive","HollowMod:AbyssShriek"],"picked":"HollowMod:ShapeofUnn","floor":13}],"player_experience":327610,"relics_obtained":[{"floor":6.0,"key":"Ancient Tea Set"},{"floor":8.0,"key":"vexMod:InvisibilityCloak"},{"floor":9.0,"key":"vexMod:ScavengeHelm"},{"floor":13,"key":"Replay:Bottled Steam"}],"event_choices":[{"damage_healed":0.0,"max_hp_gain":0.0,"max_hp_loss":0.0,"gold_gain":175.0,"event_name":"Liars Game","player_choice":"AGREE","floor":2.0,"gold_loss":0.0,"damage_taken":0.0,"cards_obtained":["Doubt"]},{"damage_healed":0.0,"max_hp_gain":0.0,"max_hp_loss":0.0,"gold_gain":0.0,"event_name":"Wheel of Change","player_choice":"Cursed","floor":3.0,"gold_loss":0.0,"damage_taken":0.0,"cards_obtained":["Decay"]},{"cards_removed":["Decay","Doubt"],"damage_healed":0.0,"max_hp_gain":0.0,"max_hp_loss":0.0,"gold_gain":0.0,"event_name":"Fountain of Cleansing","player_choice":"Removed Curses","floor":5.0,"gold_loss":0.0,"damage_taken":0.0}],"is_beta":false,"boss_relics":[],"items_purged_floors":[],"is_endless":false,"potions_floor_spawned":[6,7,16],"killed_by":"Slime Boss","ascension_level":1}}