{"host":"jw4qy1ihmjslahm8","time":1608103257,"event":{"mods":["Act Like it!","BaseMod","Colored Map","Downfall","Gensokyo","HololiveMod","Infinite Spire","MarisaÅiñ∂âJÅ@ñÇóùçπÅj","Minty Spire (QoL Compilation)","Replay The Spire","StSLib","The Animator"],"gold_per_floor":[99,99,99,99,99,131,131,171,171,171,171,177,189,198,206,311,411,336,360,369,216,227,231,231,240,240,240,240,259,259,109,129,129,129],"floor_reached":33,"playtime":3402,"items_purged":[],"score":292,"play_id":"bf60a1dd-3a4d-41dd-84d1-384cfbc5c1d3","local_time":"20201215232057","is_ascension_mode":false,"campfire_choices":[{"data":"animator:Shinoa","floor":1,"key":"SMITH"},{"data":"animator:Defend_OwariNoSeraph","floor":4,"key":"SMITH"},{"data":"animator:DolaSchwi","floor":10,"key":"SMITH"},{"data":"ReplayTheSpireMod:??????????????????????","floor":18,"key":"SMITH"},{"floor":27,"key":"REST"}],"circlet_count":0,"master_deck":["animator:Strike_OwariNoSeraph","animator:Defend_OwariNoSeraph+1","animator:Strike","animator:Strike","animator:Strike","animator:Defend","animator:Defend","animator:Defend","animator:Shinoa+1","animator:DolaSchwi+1","animator:CrowleyEusford","Doubt","ReplayTheSpireMod:??????????????????????+1","animator:Greed","animator:Shuna","animator:Alexander","animator:SakuraMatou","animator:Elesis","animator:NagisaMomoe","animator:Caster+1","animator:RinTohsaka","animator:Yoichi","animator:SuzuneAmano","animator:Ara","animator:KyokoSakura+1","animator:IrohaTamaki","animator:Pride","animator:NagisaMomoe+1","animator:Eve","animator:Jibril"],"relics":["animator:TheMissingPiece","Runic Dome","Gensokyo:Mercy","Gensokyo:NagashiBinaDoll","ReplayTheSpireMod:Ring of Addiction","White Beast Statue","SacredBark","Ring of Panic","Orichalcum","Strawberry","Replay:Wanted Poster","downfall:HeartBlessingBlue","Snack Pack","Mercury Hourglass"],"acts_visited":["Gensokyo:Gensokyo","TheCity"],"potions_floor_usage":[16,16,16,19,19,19,22,23,25,25,25,33,33,33],"damage_taken":[{"damage":1,"enemies":"Gensokyo:2_Kodama","floor":6,"turns":4},{"damage":10,"enemies":"Gensokyo:Cirno","floor":8,"turns":9},{"damage":0,"enemies":"Gensokyo:Python","floor":12,"turns":3},{"damage":7,"enemies":"Gensokyo:3_Fairies","floor":13,"turns":5},{"damage":22,"enemies":"Gensokyo:LivingMonolith","floor":14,"turns":4},{"damage":0,"enemies":"Gensokyo:3_Kodama","floor":15,"turns":4},{"damage":23,"enemies":"downfall:Defect","floor":16,"turns":10},{"damage":28,"enemies":"Slavers","floor":19,"turns":10},{"damage":2,"enemies":"Shell Parasite","floor":20,"turns":3},{"damage":0,"enemies":"downfall:FleeingMerchant","floor":21,"turns":4},{"damage":33,"enemies":"Snake Plant","floor":22,"turns":4},{"damage":15,"enemies":"Snecko","floor":23,"turns":6},{"damage":11,"enemies":"3 Cultists","floor":25,"turns":6},{"damage":4,"enemies":"Snake Plant","floor":29,"turns":3},{"damage":0,"enemies":"downfall:FleeingMerchant","floor":31,"turns":4},{"damage":11,"enemies":"Centurion and Healer","floor":32,"turns":7},{"damage":66,"enemies":"downfall:Ironclad","floor":33,"turns":5}],"seed_played":"5485477018086017274","potions_obtained":[{"floor":5,"key":"sneckomod:MuddlingPotion"},{"floor":5,"key":"champ:CounterPotion"},{"floor":5,"key":"Regen Potion"},{"floor":6,"key":"sneckomod:MuddlingPotion"},{"floor":12,"key":"Ancient Potion"},{"floor":13,"key":"SneckoOil"},{"floor":14,"key":"LifebloodPotion"},{"floor":16,"key":"EntropicBrew"},{"floor":19,"key":"Flashbang"},{"floor":20,"key":"Slimebound:ThreeZeroPotion"},{"floor":22,"key":"Venom Potion"},{"floor":23,"key":"SkillPotion"},{"floor":25,"key":"Energy Potion"},{"floor":29,"key":"sneckomod:MuddlingPotion"},{"floor":31,"key":"hexamod:EctoCoolerPotion"},{"floor":32,"key":"Death Potion"}],"is_trial":false,"path_per_floor":["R","?","?","R","?","M","T","E","T","R","?","M","M","M","M","B",null,"R","E","M","$","M","M","T","M","?","R","?","M","AVR","$","M","B"],"character_chosen":"THE_ANIMATOR","items_purchased":["animator:Yoichi","animator:SuzuneAmano","animator:Eve"],"campfire_rested":1,"item_purchase_floors":[21,21,31],"current_hp_per_floor":[66,66,66,66,66,65,65,55,62,62,62,62,55,33,33,10,67,77,49,53,59,29,18,18,21,21,44,44,44,44,48,46,0,0],"gold":129,"neow_bonus":"BOSS_RELIC","is_daily":false,"chose_seed":false,"campfire_upgraded":4,"win_rate":0.0,"timestamp":1608103257,"path_taken":["R","?","?","R","?","M","T","E","?","R","?","M","M","?","M","BOSS","R","E","M","$","M","M","T","M","?","R","?","?","AVR","?","M","BOSS"],"items_purchased_type":["Card","Card","Card"],"build_version":"2020-12-13","purchased_purges":0,"victory":false,"max_hp_per_floor":[66,66,66,66,66,66,66,66,71,71,71,69,69,69,67,67,67,77,77,77,77,78,78,78,78,78,78,78,76,76,76,75,75,75],"card_choices":[{"not_picked":["animator:Illya","animator:LeleiLaLalena"],"picked":"animator:DolaSchwi","floor":6},{"not_picked":["animator:YaoHaDucy","animator:Laby"],"picked":"animator:CrowleyEusford","floor":8},{"not_picked":["infinitespire:FutureSight","infinitespire:NeuralNetwork"],"picked":"ReplayTheSpireMod:??????????????????????","floor":11},{"not_picked":["animator:YuiTsuruno","animator:Gluttony"],"picked":"animator:Greed","floor":12},{"not_picked":["animator:GazelDwargon","animator:Hakurou"],"picked":"animator:Shuna","floor":13},{"not_picked":["animator:Tyuule","animator:YaoHaDucy"],"picked":"animator:Alexander","floor":14},{"not_picked":["animator:Shion","animator:KrulTepes"],"picked":"animator:SakuraMatou","floor":15},{"not_picked":["animator:Kyubey","animator:ItamiYouji"],"picked":"animator:Elesis","floor":16},{"not_picked":["animator:ShinjiMatou","animator:KrulTepes+1"],"picked":"animator:NagisaMomoe","floor":19},{"not_picked":["animator:ShinjiMatou","animator:Berserker"],"picked":"animator:Caster","floor":20},{"not_picked":["animator:Envy","animator:Caster"],"picked":"animator:RinTohsaka","floor":21},{"not_picked":["animator:Benimaru","animator:Rider+1"],"picked":"animator:Ara","floor":22},{"not_picked":["animator:DolaRiku","animator:Shigure"],"picked":"animator:KyokoSakura+1","floor":23},{"not_picked":["animator:YuiTsuruno","animator:KyokoSakura"],"picked":"animator:IrohaTamaki","floor":25},{"not_picked":["animator:DolaSchwi+1","animator:Tyuule"],"picked":"animator:Pride","floor":29},{"not_picked":["animator:Shigure","animator:MamiTomoe"],"picked":"animator:NagisaMomoe+1","floor":31},{"not_picked":["animator:Archer","animator:Father"],"picked":"animator:Jibril","floor":32}],"player_experience":21373,"relics_obtained":[{"floor":5,"key":"ReplayTheSpireMod:Ring of Addiction"},{"floor":5,"key":"White Beast Statue"},{"floor":5,"key":"SacredBark"},{"floor":5,"key":"Ring of Panic"},{"floor":8,"key":"Orichalcum"},{"floor":9,"key":"Strawberry"},{"floor":19,"key":"Snack Pack"},{"floor":24,"key":"Mercury Hourglass"}],"event_choices":[{"cards_removed":["Hololive_RevenueRecovery"],"damage_healed":0,"gold_gain":0,"player_choice":"Removed","damage_taken":0,"max_hp_gain":0,"max_hp_loss":0,"event_name":"The Cursed Forest","floor":26,"gold_loss":0},{"cards_removed":["Delirium"],"damage_healed":0,"gold_gain":0,"player_choice":"Removed","damage_taken":0,"max_hp_gain":0,"max_hp_loss":0,"event_name":"The Cursed Forest","floor":26,"gold_loss":0},{"damage_healed":0,"gold_gain":0,"player_choice":"Upgraded","damage_taken":0,"max_hp_gain":0,"max_hp_loss":0,"event_name":"Upgrade Shrine","floor":28,"gold_loss":0,"cards_upgraded":["animator:Caster"]}],"is_beta":false,"boss_relics":[{"not_picked":["Painkiller Herb","ChewingGum"],"picked":"Replay:Wanted Poster"}],"items_purged_floors":[],"is_endless":false,"potions_floor_spawned":[6,8,12,13,14,15,16,19,20,21,22,23,25,29,31,32],"killed_by":"downfall:Ironclad","ascension_level":0}}