{"host":"y89x8uui45kcjy42","time":1608162243,"event":{"mods":["2.2 Compatiblity","BaseMod","CapriCore","Colored Map","Colored Powertips","Custom Start","Friendly Minions","Highlight Path","Keyboard Shortcuts","Minty Spire (QoL Compilation)","Relic Stats","Slay the Relics Exporter","StSLib","SuperFastMode","Waifu the Spire"],"gold_per_floor":[109,123,142,158,169,169,169,169,239,239,267,280,298,60,60,60,60],"floor_reached":16,"playtime":435,"items_purged":["Strike_G"],"score":208,"play_id":"6426a310-a7e6-4b9a-b202-df82a84e2f51","local_time":"20201217084403","is_ascension_mode":true,"campfire_choices":[{"data":"Eviscerate","floor":6,"key":"SMITH"},{"data":"Predator","floor":8,"key":"SMITH"},{"data":"Poisoned Stab","floor":10,"key":"SMITH"},{"floor":15,"key":"REST"}],"circlet_count":0,"master_deck":["AscendersBane","Strike_G","Strike_G","Strike_G","Defend_G","Defend_G","Defend_G","Defend_G","Defend_G","Survivor","Neutralize","Poisoned Stab+1","Blade Dance","Calculated Gamble","Eviscerate+1","Predator+1","Tools of the Trade","Flying Knee","Footwork"],"relics":["Ring of the Snake","NeowsBlessing","The Courier","FossilizedHelix","Membership Card"],"acts_visited":["Exordium"],"potions_floor_usage":[11,11,13,16,16],"damage_taken":[{"damage":0,"enemies":"Small Slimes","floor":1,"turns":1},{"damage":0,"enemies":"Cultist","floor":2,"turns":1},{"damage":0,"enemies":"Jaw Worm","floor":3,"turns":1},{"damage":6,"enemies":"3 Louse","floor":4,"turns":5},{"damage":22,"enemies":"Exordium Thugs","floor":5,"turns":5},{"damage":20,"enemies":"Lagavulin","floor":11,"turns":5},{"damage":0,"enemies":"Red Slaver","floor":12,"turns":1},{"damage":2,"enemies":"Gremlin Gang","floor":13,"turns":3},{"damage":47,"enemies":"The Guardian","floor":16,"turns":9}],"seed_played":"1213327276119703597","potions_obtained":[{"floor":1,"key":"Swift Potion"},{"floor":5,"key":"PowerPotion"},{"floor":11,"key":"DistilledChaos"},{"floor":12,"key":"DistilledChaos"}],"is_trial":false,"path_per_floor":["M","M","M","M","M","R","?","R","T","R","E","M","M","$","R","B"],"character_chosen":"THE_SILENT","items_purchased":["Membership Card","Footwork","Regen Potion"],"campfire_rested":1,"item_purchase_floors":[14,14,14],"current_hp_per_floor":[59,59,59,53,31,31,31,31,31,31,11,11,9,9,28,0,0],"gold":60,"neow_bonus":"THREE_ENEMY_KILL","is_daily":false,"chose_seed":false,"campfire_upgraded":3,"win_rate":0.0,"timestamp":1608162243,"path_taken":["M","M","M","M","M","R","?","R","T","R","E","?","M","$","R","BOSS"],"items_purchased_type":["Relic","Card","Potion"],"build_version":"2020-12-13","purchased_purges":1,"victory":false,"max_hp_per_floor":[66,66,66,66,66,66,66,66,66,66,66,66,66,66,66,66,66],"relic_stats":{"counters":[9,31],"obtain_stats":[{"NeowsBlessing":0,"The Courier":9,"Membership Card":14,"FossilizedHelix":11,"Ring of the Snake":0},{"NeowsBlessing":0,"The Courier":5,"Membership Card":8,"FossilizedHelix":6,"Ring of the Snake":0},{"NeowsBlessing":0,"The Courier":13,"Membership Card":22,"FossilizedHelix":18,"Ring of the Snake":0}],"Ring of the Snake":[18]},"card_choices":[{"not_picked":["Flechettes","Outmaneuver"],"picked":"Poisoned Stab","floor":1},{"not_picked":["Slice","Endless Agony"],"picked":"Blade Dance","floor":2},{"not_picked":["Predator","Deflect"],"picked":"Calculated Gamble","floor":3},{"not_picked":["Prepared","Bane"],"picked":"Eviscerate","floor":4},{"not_picked":["PiercingWail","Underhanded Strike"],"picked":"Predator","floor":5},{"not_picked":["Quick Slash","Cloak And Dagger"],"picked":"Tools of the Trade","floor":11},{"not_picked":["Caltrops","Dagger Spray","Backflip"],"picked":"SKIP","floor":12},{"not_picked":["Outmaneuver","Dagger Spray"],"picked":"Flying Knee","floor":13}],"player_experience":496757,"relics_obtained":[{"floor":9,"key":"The Courier"},{"floor":11,"key":"FossilizedHelix"}],"event_choices":[{"cards_removed":["Strike_G"],"damage_healed":0,"gold_gain":0,"player_choice":"Purged","damage_taken":0,"max_hp_gain":0,"max_hp_loss":0,"event_name":"Purifier","floor":7,"gold_loss":0}],"is_beta":false,"boss_relics":[],"items_purged_floors":[14],"is_endless":false,"potions_floor_spawned":[1,5,11,12],"killed_by":"The Guardian","ascension_level":20}}