{"host":"tm3ghj8mno6gwywm","time":1608096515,"event":{"mods":["2.2 Compatiblity","AchievementEnabler","Bard","BaseMod","Beaked The Cultist","Better Third Choice","Colored Map","Colored Powertips","Conspire","Downfall","Glutton Mod","GungeonMod","Halation","Hermit","Hubris","Infinite Spire","Jorbs\u0027s Wanderer Trilogy","Lobotomy","Mad Scientist","Marisa????????","Marked Mod","Mimic Mod","Minty Spire (QoL Compilation)","Potionbrewer","Quick Restart","READ ME - Guardian Mod","Replay The Spire","Shade Mod","Shop Mod","Somnambulant","Spicy Shops","StSLib","SuperFastMode","The Bug Knight","The Construct","The Cursed","The Disciple","The Factory","The Hierophant","The IronCluck","The Judge","The Jungle","The Necromancer","The Runesmith","The Servant 0.9.4","egg"],"gold_per_floor":[99,47,58,71,4,4,4,4,32,49,49,72,91,163,178,277,277,52,37,22,22,22,39,39,39,72,90,122,122,122,138,30,30,46,150,150,150,168,198,198,213,231,231,231,250,250,264,278,291,302,319,319,319,319,345,100,100,100],"floor_reached":59,"playtime":2231,"items_purged":["Clumsy"],"score":1841,"play_id":"fe991661-cee4-43b0-a349-ca9491a6d44f","local_time":"20201216002835","is_ascension_mode":false,"campfire_choices":[{"floor":1,"key":"RECALL"},{"data":"champ:Execute","floor":8,"key":"SMITH"},{"data":"champ:Defend","floor":18,"key":"SMITH"},{"data":"champ:Defend","floor":22,"key":"SMITH"},{"data":"champ:Defend","floor":29,"key":"SMITH"},{"data":"champ:Strike","floor":37,"key":"SMITH"},{"data":"champ:Strike","floor":44,"key":"SMITH"},{"data":"champ:Strike","floor":46,"key":"SMITH"},{"floor":57,"key":"REST"}],"circlet_count":0,"master_deck":["champ:Strike+1","champ:Strike+1","champ:Strike+1","champ:Strike+1","champ:Defend+1","champ:Defend+1","champ:Defend+1","champ:Defend+1","champ:Execute+1","champ:Taunt+1","expansioncontent:Hexaburn+1","champ:FocusedDefense+1","champ:Balance+1","champ:FanOfKnives+1","champ:Duel+1","champ:FlashCut+1","champ:VampiricStrike+1","champ:BerserkersShout+1","champ:BladeFlurry+1","champ:GladiatorStyle+1","champ:Haymaker+1","champ:FlashCut+1","champ:FalseCounter+1","champ:DancingMaster+1","champ:FocusedBerserking+1","champ:FalseCounter+1","champ:Encircle+1","champ:Control+1","champ:Backstep+1","champ:IronFortress+1","champ:DancingMaster+1","champ:ShieldWall+1","champ:CrookedStrike+1","champ:StrikeOfGenius+1","champ:Shatter+1","champ:Circumvent+1","champ:RisingSlash+1","champ:RisingSlash+1","champ:HeartStrike+1","champ:ViciousMockery+1","champ:BladeFlurry+1","champ:Aggression+1","champ:EndlessRage+1","DemoMod:Spice+1"],"relics":["champ:ChampionCrown","WingedGreaves","Membership Card","Quantum Egg","Frozen Egg 2","Toxic Egg 2","Molten Egg 2","Black Star","Mummified Hand","Lizard Tail","Bag of Preparation","Anchor","champ:LiftRelic","Odd Mushroom","champ:ChampionCrownUpgraded","downfall:HeartBlessingGreen","downfall:HeartBlessingRed","downfall:HeartBlessingBlue","ReplayTheSpireMod:Shallot","downfall:KnowingSkull","War Paint","Sling","Replay:Bottled Snecko","DemoMod:MeatBun","conspire:TopHat","halation:LettersToHer","hubris:ToyBattleship","Meat on the Bone","MealTicket","halation:KoshaPiece","Whetstone","Gremlin Horn","halation:Komachan"],"acts_visited":["Exordium","TheCity","TheBeyond","TheEnding"],"potions_floor_usage":[5,16,16,16,58,58,58,58],"damage_taken":[{"damage":10,"enemies":"downfall:FleeingMerchant","floor":2,"turns":4},{"damage":8,"enemies":"2 Louse","floor":3,"turns":2},{"damage":15,"enemies":"Small Slimes","floor":4,"turns":4},{"damage":5,"enemies":"downfall:FleeingMerchant","floor":5,"turns":4},{"damage":10,"enemies":"Gremlin Nob","floor":9,"turns":3},{"damage":0,"enemies":"Jaw Worm","floor":10,"turns":1},{"damage":8,"enemies":"The Mushroom Lair","floor":12,"turns":2},{"damage":18,"enemies":"Red Slaver","floor":13,"turns":2},{"damage":18,"enemies":"Gremlin Gang","floor":15,"turns":3},{"damage":32,"enemies":"downfall:Silent","floor":16,"turns":6},{"damage":20,"enemies":"downfall:FleeingMerchant","floor":19,"turns":4},{"damage":34,"enemies":"downfall:FleeingMerchant","floor":20,"turns":4},{"damage":12,"enemies":"Chosen","floor":23,"turns":3},{"damage":44,"enemies":"Snake Plant","floor":26,"turns":7},{"damage":19,"enemies":"Snake Plant","floor":27,"turns":2},{"damage":21,"enemies":"Book of Stabbing","floor":28,"turns":4},{"damage":20,"enemies":"Centurion and Healer","floor":31,"turns":3},{"damage":6,"enemies":"downfall:FleeingMerchant","floor":32,"turns":1},{"damage":28,"enemies":"3 Cultists","floor":34,"turns":3},{"damage":30,"enemies":"downfall:Defect","floor":35,"turns":7},{"damage":10,"enemies":"Orb Walker","floor":38,"turns":2},{"damage":57,"enemies":"Reptomancer","floor":39,"turns":4},{"damage":63,"enemies":"3 Darklings","floor":41,"turns":7},{"damage":36,"enemies":"Transient","floor":42,"turns":5},{"damage":29,"enemies":"Spire Growth","floor":45,"turns":3},{"damage":18,"enemies":"4 Shapes","floor":47,"turns":4},{"damage":52,"enemies":"3 Darklings","floor":48,"turns":4},{"damage":37,"enemies":"Writhing Mass","floor":49,"turns":3},{"damage":51,"enemies":"Transient","floor":50,"turns":5},{"damage":6,"enemies":"3 Darklings","floor":51,"turns":2},{"damage":41,"enemies":"downfall:Ironclad","floor":52,"turns":7},{"damage":107,"enemies":"downfall:CharBossMerchant","floor":55,"turns":7},{"damage":143,"enemies":"downfall:NeowBoss","floor":58,"turns":18}],"seed_played":"5053251112566784295","potions_obtained":[{"floor":3,"key":"ColorlessPotion"},{"floor":10,"key":"AttackPotion"},{"floor":12,"key":"potionbrewer:CleansingPotion"},{"floor":21,"key":"hexamod:EctoCoolerPotion"},{"floor":21,"key":"LiquidMemories"},{"floor":21,"key":"potionbrewer:ToxicPotion"},{"floor":23,"key":"Strength Potion"},{"floor":27,"key":"FearPotion"},{"floor":38,"key":"Energy Potion"}],"is_trial":false,"path_per_floor":["R","$","M","M","$","?","T","R","E","M","?","?","M","?","M","B",null,"R","$","$","?","R","M","PTL","PTL","MIM","M","E","R","?","M","$","?","M","B",null,"R","M","E","?","M","M","T","R","M","R","M","M","M","M","M","B",null,null,"E","$","R","B",null],"character_chosen":"THE_CHAMP","items_purchased":["champ:Balance+1","CultistPotion","champ:ShieldWall+1","War Paint","Sling","Replay:Bottled Snecko","DemoMod:MeatBun","conspire:TopHat","halation:LettersToHer","Whetstone","Gremlin Horn","halation:Komachan","DemoMod:Spice+1"],"campfire_rested":1,"item_purchase_floors":[2,5,32,32,32,32,32,32,32,56,56,56,56],"current_hp_per_floor":[90,90,87,80,80,80,80,80,70,85,85,83,86,50,38,27,90,100,100,100,100,100,100,100,100,92,91,100,100,91,84,98,98,100,86,100,100,100,88,88,89,88,88,88,95,95,95,79,88,95,95,102,102,102,83,98,102,100],"gold":100,"neow_bonus":"RANDOM_COLORLESS","is_daily":false,"chose_seed":false,"campfire_upgraded":7,"win_rate":0.0,"timestamp":1608096515,"path_taken":["R","$","M","M","$","?","T","R","E","M","?","?","M","?","M","BOSS","R","$","$","?","R","M","PTL","PTL","MIM","M","E","R","?","?","?","?","M","BOSS","R","M","E","?","M","M","T","R","M","R","M","M","M","M","M","BOSS","E","$","R","BOSS"],"items_purchased_type":["Card","Potion","Card","Relic","Relic","Relic","Relic","Relic","Relic","Relic","Relic","Relic","Card"],"build_version":"2020-12-13","purchased_purges":1,"victory":true,"max_hp_per_floor":[90,90,90,90,90,90,90,90,90,90,90,90,90,90,90,90,90,100,100,100,100,100,100,100,100,100,100,100,100,100,100,100,100,100,100,100,100,100,100,100,100,100,100,100,100,100,100,100,100,100,100,102,102,102,102,102,102,100],"card_choices":[{"not_picked":["Replay:SS_fish_2","expansioncontent:PrepareCrush"],"picked":"expansioncontent:Hexaburn","floor":0},{"not_picked":["champ:Encircle+1","champ:Circumvent+1"],"picked":"champ:FocusedDefense+1","floor":2},{"not_picked":["champ:RapidStrikes+1","champ:RisingSlash+1"],"picked":"champ:FanOfKnives+1","floor":3},{"not_picked":["champ:HoldFirm+1","champ:CrookedStrike+1"],"picked":"champ:Duel+1","floor":4},{"not_picked":["champ:Haymaker+1","champ:CrookedStrike+1"],"picked":"champ:FlashCut+1","floor":5},{"not_picked":["champ:Lariat+1","champ:FocusedBerserking+1"],"picked":"champ:VampiricStrike+1","floor":9},{"not_picked":["champ:SkillfulDodge+1","champ:BladeFlurry+1"],"picked":"champ:BerserkersShout+1","floor":10},{"not_picked":["champ:DefensiveStyle+1","champ:AdrenalArmor+1"],"picked":"champ:BladeFlurry+1","floor":12},{"not_picked":["champ:FlashCut+1","champ:BerserkersShout+1"],"picked":"champ:GladiatorStyle+1","floor":13},{"not_picked":["champ:Circumvent+1","champ:TornadoPunch+1"],"picked":"champ:Haymaker+1","floor":14},{"not_picked":["champ:CrookedStrike+1","champ:FanOfKnives+1"],"picked":"champ:FlashCut+1","floor":14},{"not_picked":["champ:BringItOn+1","champ:Riposte+1"],"picked":"champ:FalseCounter+1","floor":15},{"not_picked":["champ:IgnorePain+1","champ:SwordThrow+1"],"picked":"champ:DancingMaster+1","floor":16},{"not_picked":["champ:StanceDance+1","champ:ArenaPreparation+1"],"picked":"champ:FocusedBerserking+1","floor":19},{"not_picked":["champ:EnragedBash+1","champ:RisingSlash+1"],"picked":"champ:FalseCounter+1","floor":20},{"not_picked":["champ:EnGarde+1","champ:ArenaPreparation+1"],"picked":"champ:Encircle+1","floor":23},{"not_picked":["champ:FanOfKnives+1","champ:TornadoPunch+1"],"picked":"champ:Control+1","floor":26},{"not_picked":["champ:FalseCounter+1","champ:Encircle+1"],"picked":"champ:Backstep+1","floor":27},{"not_picked":["champ:DefensiveStyle+1","champ:PerfectedStrike+1"],"picked":"champ:IronFortress+1","floor":28},{"not_picked":["champ:StanceDance+1","champ:BerserkersShout+1","champ:Duel+1"],"picked":"SKIP","floor":31},{"not_picked":["champ:BringItOn+1","champ:RapidStrikes+1"],"picked":"champ:DancingMaster+1","floor":32},{"not_picked":["champ:Haymaker+1","champ:AdrenalArmor+1"],"picked":"champ:CrookedStrike+1","floor":34},{"not_picked":["champ:Devastate+1","champ:VampiricStrike+1"],"picked":"champ:StrikeOfGenius+1","floor":35},{"not_picked":["champ:FanOfKnives+1","champ:ShieldWall+1","champ:GladiatorsShout+1"],"picked":"SKIP","floor":38},{"not_picked":["champ:FanOfKnives+1","champ:ShieldWall+1","champ:GladiatorsShout+1"],"picked":"SKIP","floor":38},{"not_picked":["champ:DancingMaster+1","champ:FlashCut+1"],"picked":"champ:Shatter+1","floor":39},{"not_picked":["champ:EnGarde+1","champ:StanceDance+1"],"picked":"champ:Circumvent+1","floor":41},{"not_picked":["champ:Lariat+1","champ:StanceDance+1"],"picked":"champ:RisingSlash+1","floor":42},{"not_picked":["champ:Encircle+1","champ:BladeFlurry+1"],"picked":"champ:RisingSlash+1","floor":45},{"not_picked":["champ:BladeFlurry+1","champ:FanOfKnives+1"],"picked":"champ:HeartStrike+1","floor":47},{"not_picked":["champ:PerfectedStrike+1","champ:DefensiveShout+1"],"picked":"champ:ViciousMockery+1","floor":48},{"not_picked":["champ:BerserkersShout+1","champ:GladiatorsShout+1"],"picked":"champ:BladeFlurry+1","floor":49},{"not_picked":["champ:CrookedStrike+1","champ:BringItOn+1"],"picked":"champ:Aggression+1","floor":50},{"not_picked":["champ:FlashCut+1","champ:Circumvent+1"],"picked":"champ:EndlessRage+1","floor":51},{"not_picked":["champ:Backstep+1","champ:ArenaPreparation+1","champ:PreciseThrust+1"],"picked":"SKIP","floor":55}],"player_experience":767291,"relics_obtained":[{"floor":9,"key":"Bag of Preparation"},{"floor":9,"key":"Anchor"},{"floor":12,"key":"Odd Mushroom"},{"floor":14,"key":"Bag of Marbles"},{"floor":28,"key":"ReplayTheSpireMod:Shallot"},{"floor":39,"key":"hubris:ToyBattleship"},{"floor":39,"key":"Meat on the Bone"},{"floor":43,"key":"halation:LettersToHer"},{"floor":43,"key":"MealTicket"},{"floor":55,"key":"halation:KoshaPiece"}],"event_choices":[{"damage_healed":0,"gold_gain":0,"player_choice":"Fought Mushrooms","damage_taken":0,"max_hp_gain":0,"max_hp_loss":0,"event_name":"Mushrooms","floor":12,"gold_loss":0},{"damage_healed":0,"gold_gain":0,"player_choice":"Leave","damage_taken":0,"max_hp_gain":0,"max_hp_loss":0,"event_name":"conspire:Investor","floor":40,"gold_loss":0}],"is_beta":false,"boss_relics":[{"not_picked":["Cursed Key","Coffee Dripper"],"picked":"champ:ChampionCrownUpgraded"},{"not_picked":["halation:PlatinumPhoenix","Honey Jar","infinitespire:Cupcake"]}],"items_purged_floors":[56],"is_endless":false,"potions_floor_spawned":[3,10,12,23,27,28,31,35,38,41,42,47,48,50],"ascension_level":0}}