{"host":"1ekcoogqdgv35x0i","time":1608089893,"event":{"mods":["AchievementEnabler","Act Like it!","AlwaysNeverKeys","Aspiration","BaseMod","Better Note","Better Sensory Stone","Block Reminder","Colored Powertips","Conspire","Disable Question Mark Monsters","Downfall","Halation","Hermit","Hubris","Infinite Spire","Magitek Elite","Mimic Mod","Minty Spire (QoL Compilation)","Quick Restart","Rare Cards Sparkle","Replay The Spire","Shop Mod","StSLib","The Animator","The Cursed","The Death Knight","The Druid","The Elementalist","The Hierophant","The Judge","The Jungle","The Mystic","Wandering Minibosses"],"gold_per_floor":[99,126,142,153,172,172,208,208,220,245,155,173,190,229,241,338,338,338,350,350,376,376,395,468,497,497,531,108,119,26,45,62,160,160,160,160,190,190,225,225,277,277,293,322,348,96,108,121,141,141],"floor_reached":51,"playtime":3385,"items_purged":["champ:Strike","champ:Defend"],"score":907,"play_id":"9ade50d3-00d3-4f2c-bbef-0ad851172151","local_time":"20201215213813","is_ascension_mode":false,"campfire_choices":[{"data":"champ:Taunt","floor":1,"key":"SMITH"},{"data":"champ:AdrenalArmor","floor":6,"key":"SMITH"},{"data":"champ:FanOfKnives","floor":8,"key":"SMITH"},{"data":"champ:EndlessRage","floor":18,"key":"SMITH"},{"data":"champ:CalledShot","floor":20,"key":"SMITH"},{"data":"champ:Encircle","floor":26,"key":"SMITH"},{"data":"champ:GladiatorsShout","floor":35,"key":"SMITH"},{"data":"champ:PerfectForm","floor":40,"key":"SMITH"}],"circlet_count":0,"master_deck":["champ:Strike","champ:Strike","champ:Strike","champ:Defend","champ:Defend","champ:Defend","champ:Execute","champ:Taunt+1","champ:AdrenalArmor","champ:FanOfKnives+1","champ:CalledShot+1","champ:AdrenalArmor+1","champ:RisingSlash","champ:EndlessRage+1","champ:CheapShot","champ:Encircle+1","champ:GladiatorsShout+1","champ:LastStand","champ:BladeFlurry+1","champ:PerfectForm+1","champ:BerserkersShout","champ:PreciseThrust+1","champ:ShieldSlam","champ:RapidStrikes+1","champ:FanOfKnives+1","champ:EndlessRage+1"],"relics":["champ:ChampionCrown","hubris:ToyBattleship","Regal Pillow","halation:LettersToHer","Oddly Smooth Stone","Painkiller Herb","Dream Catcher","conspire:Dentures","infinitespire:Golems Mask","aspiration:Stabinomicon","ClockworkSouvenir","Juzu Bracelet","hubris:DeckOfHolding","Pear","MawBank","halation:TrafficLight"],"acts_visited":["Exordium","TheCity","TheBeyond"],"potions_floor_usage":[10,10,10,13,16,23,25,28,33,37,37,37,49],"damage_taken":[{"damage":40,"enemies":"Gremlin Nob","floor":2,"turns":5},{"damage":11,"enemies":"conspire:RoseBush","floor":3,"turns":3},{"damage":10,"enemies":"Jaw Worm","floor":4,"turns":5},{"damage":16,"enemies":"Cultist","floor":5,"turns":4},{"damage":53,"enemies":"Blue Slaver","floor":7,"turns":8},{"damage":39,"enemies":"Blue Slaver","floor":9,"turns":6},{"damage":49,"enemies":"Lagavulin","floor":10,"turns":4},{"damage":32,"enemies":"downfall:FleeingMerchant","floor":11,"turns":4},{"damage":8,"enemies":"2 Fungi Beasts","floor":12,"turns":2},{"damage":31,"enemies":"Exordium Wildlife","floor":13,"turns":4},{"damage":31,"enemies":"Large Slime","floor":14,"turns":5},{"damage":34,"enemies":"Large Slime","floor":15,"turns":6},{"damage":76,"enemies":"downfall:Defect","floor":16,"turns":7},{"damage":27,"enemies":"Chosen","floor":19,"turns":3},{"damage":32,"enemies":"conspire:Head Lice","floor":21,"turns":6},{"damage":24,"enemies":"Snake Plant","floor":23,"turns":5},{"damage":49,"enemies":"Replay:Snechameleon","floor":25,"turns":6},{"damage":37,"enemies":"Book of Stabbing","floor":27,"turns":3},{"damage":33,"enemies":"downfall:FleeingMerchant","floor":28,"turns":4},{"damage":44,"enemies":"Shelled Parasite and Fungi","floor":29,"turns":4},{"damage":38,"enemies":"downfall:FleeingMerchant","floor":30,"turns":4},{"damage":22,"enemies":"Sentry and Sphere","floor":31,"turns":4},{"damage":23,"enemies":"Cultist and Chosen","floor":32,"turns":3},{"damage":43,"enemies":"downfall:Silent","floor":33,"turns":4},{"damage":59,"enemies":"R_Hoarder","floor":37,"turns":4},{"damage":29,"enemies":"Nemesis","floor":39,"turns":4},{"damage":19,"enemies":"Orb Walker","floor":43,"turns":3},{"damage":55,"enemies":"Giant Head","floor":44,"turns":5},{"damage":14,"enemies":"downfall:FleeingMerchant","floor":46,"turns":3},{"damage":14,"enemies":"3 Darklings","floor":47,"turns":3},{"damage":35,"enemies":"4 Shapes","floor":48,"turns":5},{"damage":46,"enemies":"Transient","floor":49,"turns":5},{"damage":14,"enemies":"downfall:Ironclad","floor":50,"turns":3}],"seed_played":"8284403579349394339","potions_obtained":[{"floor":3,"key":"Dexterity Potion"},{"floor":4,"key":"Slimebound:ThreeZeroPotion"},{"floor":9,"key":"LiquidMemories"},{"floor":12,"key":"hexamod:EctoCoolerPotion"},{"floor":15,"key":"ColorlessPotion"},{"floor":16,"key":"champ:OpenerPotion"},{"floor":21,"key":"Languid Potion"},{"floor":25,"key":"champ:OpenerPotion"},{"floor":31,"key":"CultistPotion"},{"floor":32,"key":"SkillPotion"},{"floor":33,"key":"champ:OpenerPotion"},{"floor":44,"key":"Regen Potion"},{"floor":47,"key":"FearPotion"},{"floor":49,"key":"Explosive Potion"}],"is_trial":false,"path_per_floor":["R","E","M","M","M","R","MIM","R","M","E","$","M","M","MIM","M","B",null,"T","?","T","E","?","?","T","E","T","E","T","?","T","?","?","B",null,"T","?","E","?","E","T","T","?","?","E","T","T","?","?","?","B",null],"character_chosen":"THE_CHAMP","items_purchased":["champ:ShieldSlam","ClockworkSouvenir","Milkshake","halation:TrafficLight","Guardian:BlockOnCardUsePotion","DuplicationPotion","DistilledChaos"],"campfire_rested":0,"item_purchase_floors":[28,28,30,46,46,46,46],"current_hp_per_floor":[99,69,65,64,64,64,61,61,63,63,59,53,61,74,70,33,104,104,104,104,104,104,104,104,84,84,81,92,90,96,74,80,85,104,104,104,104,104,99,99,99,99,97,114,114,114,105,98,114,114],"gold":141,"neow_bonus":"TEN_PERCENT_HP_BONUS","is_daily":false,"chose_seed":false,"campfire_upgraded":8,"win_rate":0.0,"timestamp":1608089893,"path_taken":["R","E","M","M","?","R","MIM","R","M","E","$","M","M","?","M","BOSS","T","?","T","E","?","?","T","E","T","E","T","?","T","?","?","BOSS","T","?","E","?","E","T","T","?","?","E","?","T","?","?","?","BOSS"],"items_purchased_type":["Card","Relic","Potion","Relic","Potion","Potion","Potion"],"build_version":"2020-12-13","purchased_purges":2,"victory":true,"max_hp_per_floor":[99,99,99,99,99,99,99,99,104,104,104,104,104,104,104,104,104,104,104,104,104,104,104,104,104,104,104,104,104,104,104,104,104,104,104,104,104,104,104,104,104,104,104,114,114,114,114,114,114,114],"card_choices":[{"not_picked":["champ:StanceDance","champ:RisingSlash"],"picked":"champ:AdrenalArmor","floor":2},{"not_picked":["champ:CrookedStrike","champ:Backstep"],"picked":"champ:FanOfKnives","floor":3},{"not_picked":["champ:PerfectedStrike","champ:Backstep"],"picked":"champ:CalledShot","floor":4},{"not_picked":["champ:FocusedGladiator","champ:RapidStrikes"],"picked":"champ:AdrenalArmor","floor":5},{"not_picked":["champ:CrookedStrike","champ:FlashCut"],"picked":"champ:FightOn","floor":7},{"not_picked":["champ:AdrenalArmor","champ:Circumvent"],"picked":"champ:RisingSlash","floor":9},{"not_picked":["champ:FightOn","champ:Haymaker"],"picked":"champ:EndlessRage","floor":10},{"not_picked":["champ:ArenaPreparation","champ:HeartStrike"],"picked":"champ:CheapShot","floor":11},{"not_picked":["champ:DefensiveStyle","champ:DefensiveShout"],"picked":"champ:Encircle","floor":12},{"not_picked":["champ:RecklessLeap","champ:CrownThrow"],"picked":"champ:GladiatorsShout","floor":13},{"not_picked":["champ:Backstep","champ:IronFortress","champ:CrookedStrike"],"picked":"SKIP","floor":15},{"not_picked":["champ:DancingMaster","champ:HeavySlash"],"picked":"champ:LastStand","floor":16},{"not_picked":["champ:ShieldWall","champ:Circumvent"],"picked":"champ:BladeFlurry+1","floor":19},{"not_picked":["champ:CalledShot","champ:FightOn","champ:BringItOn"],"picked":"SKIP","floor":21},{"not_picked":["champ:CalledShot","champ:Backstep"],"picked":"champ:PerfectForm","floor":23},{"not_picked":["champ:BringItOn","champ:CrookedStrike"],"picked":"champ:BerserkersShout","floor":25},{"not_picked":["champ:GutPunch","champ:AdrenalArmor"],"picked":"champ:PreciseThrust+1","floor":27},{"not_picked":["champ:EnGarde","champ:ViciousMockery+1","champ:FocusedBerserking"],"picked":"SKIP","floor":28},{"not_picked":["champ:AdrenalArmor","champ:Backstep","champ:DefensiveShout"],"picked":"SKIP","floor":29},{"not_picked":["champ:StanceDance+1","champ:PerfectedStrike"],"picked":"champ:RapidStrikes+1","floor":30},{"not_picked":["champ:DefensiveShout","champ:Duel","champ:LastStand"],"picked":"SKIP","floor":31},{"not_picked":["champ:RisingSlash","champ:FightOn","champ:DefensiveStyle"],"picked":"SKIP","floor":32},{"not_picked":["champ:SwordThrow","champ:CrookedStrike","champ:TornadoPunch"],"picked":"SKIP","floor":37},{"not_picked":["champ:CalledShot+1","champ:DeathBlow","champ:Lariat"],"picked":"SKIP","floor":39},{"not_picked":["champ:Backstep+1","champ:PerfectedStrike+1","champ:TornadoPunch"],"picked":"SKIP","floor":43},{"not_picked":["champ:Haymaker","champ:StanceDance+1","champ:BerserkersShout+1"],"picked":"SKIP","floor":44},{"not_picked":["champ:Shatter","champ:Encircle","champ:BringItOn+1"],"picked":"SKIP","floor":46},{"not_picked":["champ:FocusedBerserking+1","champ:Haymaker+1"],"picked":"champ:FanOfKnives+1","floor":47},{"not_picked":["champ:DefensiveShout","champ:Shatter+1"],"picked":"champ:EndlessRage+1","floor":48},{"not_picked":["champ:RisingSlash","champ:SkillfulDodge+1","champ:EnGarde"],"picked":"SKIP","floor":49}],"player_experience":117047,"relics_obtained":[{"floor":2,"key":"hubris:ToyBattleship"},{"floor":7,"key":"Regal Pillow"},{"floor":10,"key":"halation:LettersToHer"},{"floor":14,"key":"Oddly Smooth Stone"},{"floor":14,"key":"halation:LettersToHer"},{"floor":21,"key":"Dream Catcher"},{"floor":24,"key":"halation:LettersToHer"},{"floor":24,"key":"conspire:Dentures"},{"floor":25,"key":"infinitespire:Golems Mask"},{"floor":27,"key":"aspiration:Stabinomicon"},{"floor":37,"key":"Juzu Bracelet"},{"floor":39,"key":"hubris:DeckOfHolding"},{"floor":41,"key":"halation:LettersToHer"},{"floor":44,"key":"Pear"},{"floor":45,"key":"halation:LettersToHer"},{"floor":45,"key":"MawBank"}],"event_choices":[{"cards_removed":["champ:Defend"],"damage_healed":0,"gold_gain":0,"player_choice":"Give","damage_taken":0,"max_hp_gain":0,"max_hp_loss":0,"event_name":"betterNote:BetterNote","floor":22,"gold_loss":0,"cards_obtained":["hexamod:Defend"]},{"damage_healed":0,"gold_gain":0,"player_choice":"Ignored","damage_taken":0,"max_hp_gain":0,"max_hp_loss":0,"event_name":"Transmorgrifier","floor":42,"gold_loss":0}],"is_beta":false,"boss_relics":[{"not_picked":["halation:CatFaceCupcake","halation:PlatinumPhoenix"],"picked":"Painkiller Herb"},{"not_picked":["hubris:CrackedHourglass","conspire:SeveredTorchhead","ReplayTheSpireMod:DimensionalGlitch"]}],"items_purged_floors":[11,28],"is_endless":false,"potions_floor_spawned":[3,4,9,12,15,16,21,25,31,32,33,44,47,48,49],"ascension_level":0}}