{"host":"08z5bj28eube4vug","time":1608120898,"event":{"mods":["2.2 Compatiblity","Abigail Mod","Act Like it!","BaseMod","Beaked The Cultist","Friendly Minions","Gensokyo","GungeonMod","Hallownest","Kiyohime????","Koishi","Lobotomy","Marisa????????","Minty Spire (QoL Compilation)","Prisma Mod","Remilia??????","Replay The Spire","StSLib","Td1madao Mod","The Bug Knight","The Jungle","The Sage","The Senshi","The Servant 0.9.4","Waifu the Spire","WarShipGirlsR/????R mod","Yuri Mod"],"gold_per_floor":[114,188,6,6,20,45,45,75,75,86,114,125,125,125,125,228,228,246,246,246,96,115,115,127,127,153,181,181,208,218,218,218,322,322,341,341,341,52,68,68,79,89,89,102,127,155,155,184,184,184],"floor_reached":51,"playtime":4468,"items_purged":[],"score":1029,"play_id":"539dd338-1c1c-4e94-ad49-a4cc5e1d4e4b","local_time":"20201216151458","is_ascension_mode":true,"campfire_choices":[{"data":"CasketOfStar","floor":7.0,"key":"SMITH"},{"data":"BlazeAway","floor":15.0,"key":"SMITH"},{"data":"MilkyWay","floor":23.0,"key":"SMITH"},{"data":"MasterSpark","floor":25.0,"key":"SMITH"},{"data":"EnergyFlow","floor":28.0,"key":"SMITH"},{"data":"MachineGunSpark","floor":32.0,"key":"SMITH"},{"data":"OrrerysSun","floor":40,"key":"SMITH"},{"data":"GrandCross","floor":47,"key":"SMITH"},{"data":"AsteroidBelt","floor":49,"key":"SMITH"}],"circlet_count":0,"master_deck":["Strike_MRS+1","Strike_MRS+1","Strike_MRS+1","Strike_MRS+1","Defend_MRS+1","Defend_MRS+1","Defend_MRS+1","Defend_MRS+1","MasterSpark+1","UpSweep","6A","EnergyFlow+1","AsteroidBelt+1","MachineGunSpark+1","GrandCross+1","CasketOfStar+1","BlazeAway+1","AsteroidBelt+1","DoubleSpark","AsteroidBelt+1","MilkyWay+1","MysteriousBeam+1","AsteroidBelt+1","MagicAbsorber","OrrerysSun+1","AsteroidBelt+1","MysteriousBeam+1","GrandCross+1","PowerUp+1","6A+1","MysteriousBeam+1"],"relics":["MiniHakkero","Bronze Scales","Membership Card","AmplifyWand","Incense Burner","Iron Hammer","DemoMod:SerJunkan","Matryoshka","Black Star","HollowMod:PaleOreRelic","Lee\u0027s Waffle","DemoMod:ClearGuonStone","Boot","DemoMod:Junk","Lizard Tail","DemoMod:WhiteGuonStone","ReplayTheSpireMod:TigerMarble","Replay:Fungal Core","theSenshi:SuperSailorFukuRelic","ClockworkSouvenir","Regal Pillow","Mummified Hand","Centennial Puzzle","Mango","DemoMod:GlassGuonStoneRelic"],"acts_visited":["Exordium","TheCity","TheBeyond"],"potions_floor_usage":[42,46],"damage_taken":[{"damage":1.0,"enemies":"Cultist","floor":1.0,"turns":3.0},{"damage":0.0,"enemies":"2 Louse","floor":5.0,"turns":3.0},{"damage":4.0,"enemies":"Lagavulin","floor":6.0,"turns":6.0},{"damage":13.0,"enemies":"Gremlin Nob","floor":8.0,"turns":4.0},{"damage":0.0,"enemies":"Small Slimes","floor":10.0,"turns":3.0},{"damage":8.0,"enemies":"HollowMod:MossKnight","floor":11.0,"turns":4.0},{"damage":0.0,"enemies":"3 Louse","floor":12.0,"turns":2.0},{"damage":2.0,"enemies":"Hexaghost","floor":16.0,"turns":8.0},{"damage":0.0,"enemies":"3 Byrds","floor":18.0,"turns":3.0},{"damage":0.0,"enemies":"Spheric Guardian","floor":22.0,"turns":4.0},{"damage":17.0,"enemies":"3 Cultists","floor":24.0,"turns":5.0},{"damage":0.0,"enemies":"Replay:Snechameleon","floor":27.0,"turns":4.0},{"damage":0.0,"enemies":"Book of Stabbing","floor":29.0,"turns":5.0},{"damage":0.0,"enemies":"Sentry and Sphere","floor":30.0,"turns":3.0},{"damage":53.0,"enemies":"Collector","floor":33.0,"turns":12.0},{"damage":2.0,"enemies":"3 Darklings","floor":35.0,"turns":6.0},{"damage":0.0,"enemies":"3 Shapes","floor":39.0,"turns":2.0},{"damage":0,"enemies":"3 Darklings","floor":41,"turns":3},{"damage":0,"enemies":"4 Shapes","floor":42,"turns":3},{"damage":0,"enemies":"Maw","floor":44,"turns":3},{"damage":0,"enemies":"Giant Head","floor":46,"turns":4},{"damage":0,"enemies":"R_Hoarder","floor":48,"turns":4},{"damage":0,"enemies":"Donu and Deca","floor":50,"turns":8}],"seed_played":"5697315296788464729","potions_obtained":[{"floor":1.0,"key":"Adrenaline Potion"},{"floor":8.0,"key":"SteroidPotion"},{"floor":11.0,"key":"DemoMod:LeadSkinPotion"},{"floor":18.0,"key":"Toxic Potion"},{"floor":22.0,"key":"PowerPotion"},{"floor":27.0,"key":"Fruit Juice"},{"floor":35.0,"key":"Explosive Potion"},{"floor":39.0,"key":"FearPotion"},{"floor":42,"key":"Venom Potion"}],"is_trial":false,"path_per_floor":["M","?","$","?","M","E","R","E","T","M","E","M","?","?","R","B",null,"M","?","?","$","M","R","M","R","T","E","R","E","M","?","R","B",null,"M","?","?","$","M","R","M","M","T","M","T","E","R","E","R","B",null],"character_chosen":"MARISA","items_purchased":["Membership Card","MachineGunSpark","HollowMod:PaleOreRelic","Lee\u0027s Waffle","theSenshi:SuperSailorFukuRelic","ClockworkSouvenir","OrrerysSun","Regal Pillow"],"campfire_rested":0,"item_purchase_floors":[3,3,21,21,38,38,38,38],"current_hp_per_floor":[81,81,81,81,81,77,77,64,64,64,56,56,56,61,61,59,87,87,87,87,94,94,94,77,77,77,82,82,82,86,86,86,33,99,97,97,97,97,97,97,97,97,97,97,97,111,111,111,111,111],"gold":184,"neow_bonus":"TEN_PERCENT_HP_BONUS","is_daily":false,"chose_seed":false,"campfire_upgraded":9,"win_rate":0.0,"timestamp":1608120898,"path_taken":["M","?","$","?","M","E","R","E","T","M","E","?","?","?","R","BOSS","M","?","?","$","M","R","M","R","T","E","R","E","M","?","R","BOSS","M","?","?","$","M","R","M","M","T","M","?","E","R","E","R","BOSS"],"items_purchased_type":["Relic","Card","Relic","Relic","Relic","Relic","Card","Relic"],"build_version":"2020-12-13","purchased_purges":0,"victory":true,"max_hp_per_floor":[82,82,82,82,82,82,82,82,82,82,82,82,82,87,87,87,87,87,87,87,94,94,94,94,94,94,99,99,99,99,99,99,99,99,99,99,99,99,99,99,99,99,99,99,99,113,113,113,113,113],"card_choices":[{"not_picked":["IllusionStar","WitchLeyline"],"picked":"6A","floor":1.0},{"not_picked":["SuperPerseids","6A"],"picked":"EnergyFlow","floor":2.0},{"not_picked":["6A","NonDirectionalLaser"],"picked":"AsteroidBelt","floor":2.0},{"not_picked":["GravityBeat","MachineGunSpark"],"picked":"GrandCross","floor":5.0},{"not_picked":["PulseMagic","DarkSpark"],"picked":"CasketOfStar","floor":6.0},{"not_picked":["AsteroidBelt","IllusionStar"],"picked":"BlazeAway","floor":8.0},{"not_picked":["MachineGunSpark","GrandCross"],"picked":"AsteroidBelt","floor":10.0},{"not_picked":["DarkMatter","ShootingEcho","EscapeVelocity"],"picked":"SKIP","floor":11.0},{"not_picked":["MeteoricShower","GalacticHalo"],"picked":"DoubleSpark","floor":12.0},{"not_picked":["IllusionStar+1","PulseMagic"],"picked":"AsteroidBelt+1","floor":18.0},{"not_picked":["SporeBomb","LuminesStrike"],"picked":"MysteriousBeam+1","floor":22.0},{"not_picked":["GrandCross","ShootingEcho"],"picked":"AsteroidBelt+1","floor":24.0},{"not_picked":["SprinkleStarSeal+1","GalacticHalo"],"picked":"MagicAbsorber","floor":27.0},{"not_picked":["UnstableBomb","EnergyFlow"],"picked":"6A","floor":29.0},{"not_picked":["GalacticHalo","StarlightTyphoon","StarBarrage"],"picked":"SKIP","floor":30.0},{"not_picked":["EventHorizon","ShootingEcho","WitchOfGreed"],"picked":"SKIP","floor":35.0},{"not_picked":["SuperPerseids","Occultation+1"],"picked":"AsteroidBelt+1","floor":39.0},{"not_picked":["PowerUp","DoubleSpark"],"picked":"MysteriousBeam+1","floor":41},{"not_picked":["BlazingStar","IllusionStar+1"],"picked":"GrandCross+1","floor":42},{"not_picked":["UnstableBomb+1","BlazeAway+1"],"picked":"PowerUp+1","floor":44},{"not_picked":["GrandCross","OpenUniverse"],"picked":"6A+1","floor":46},{"not_picked":["LuminesStrike+1","StarBarrage"],"picked":"MysteriousBeam+1","floor":48}],"player_experience":688643,"relics_obtained":[{"floor":2.0,"key":"Bronze Scales"},{"floor":6.0,"key":"Incense Burner"},{"floor":8.0,"key":"Iron Hammer"},{"floor":9.0,"key":"DemoMod:SerJunkan"},{"floor":11.0,"key":"Matryoshka"},{"floor":26.0,"key":"DemoMod:ClearGuonStone"},{"floor":26.0,"key":"Boot"},{"floor":27.0,"key":"DemoMod:Junk"},{"floor":27.0,"key":"Lizard Tail"},{"floor":29.0,"key":"DemoMod:WhiteGuonStone"},{"floor":29.0,"key":"ReplayTheSpireMod:TigerMarble"},{"floor":43,"key":"Mummified Hand"},{"floor":43,"key":"DemoMod:Junk"},{"floor":45,"key":"Centennial Puzzle"},{"floor":46,"key":"DemoMod:Junk"},{"floor":46,"key":"Mango"},{"floor":48,"key":"DemoMod:Junk"},{"floor":48,"key":"DemoMod:Junk"}],"event_choices":[{"damage_healed":0.0,"max_hp_gain":0.0,"max_hp_loss":0.0,"gold_gain":0.0,"event_name":"WeMeetAgain","player_choice":"Gave Potion","floor":4.0,"gold_loss":0.0,"damage_taken":0.0,"relics_obtained":["AmplifyWand"]},{"damage_healed":0.0,"max_hp_gain":5.0,"max_hp_loss":0.0,"gold_gain":0.0,"event_name":"Big Fish","player_choice":"Donut","floor":14.0,"gold_loss":0.0,"damage_taken":0.0},{"damage_healed":0.0,"max_hp_gain":0.0,"max_hp_loss":0.0,"gold_gain":0.0,"event_name":"The Library","player_choice":"Read","floor":19.0,"gold_loss":0.0,"damage_taken":0.0,"cards_obtained":["MilkyWay"]},{"damage_healed":0.0,"max_hp_gain":0.0,"max_hp_loss":0.0,"gold_gain":0.0,"event_name":"Back to Basics","player_choice":"Simplicity","floor":20.0,"gold_loss":0.0,"damage_taken":0.0,"cards_upgraded":["Strike_MRS","Strike_MRS","Strike_MRS","Strike_MRS","Defend_MRS","Defend_MRS","Defend_MRS","Defend_MRS"]},{"damage_healed":0.0,"max_hp_gain":0.0,"max_hp_loss":0.0,"gold_gain":0.0,"event_name":"Vampires","player_choice":"Ignored","floor":31.0,"gold_loss":0.0,"damage_taken":0.0},{"cards_removed":["6A"],"damage_healed":0.0,"max_hp_gain":0.0,"max_hp_loss":0.0,"gold_gain":0.0,"event_name":"Falling","player_choice":"Removed Attack","floor":36.0,"gold_loss":0.0,"damage_taken":0.0}],"is_beta":false,"boss_relics":[{"not_picked":["ChewingGum","Empty Cage"],"picked":"Black Star"},{"not_picked":["SlaversCollar","sagemod:Falmels_Amulet"],"picked":"Replay:Fungal Core"}],"items_purged_floors":[],"is_endless":false,"potions_floor_spawned":[1,8,11,18,22,27,35,39,42],"ascension_level":1}}