{"host":"yy8mitdds7tg9c5m","time":1608101946,"event":{"mods":["Act Like it!","AlwaysNeverKeys","BaseMod","Better Note","Better Third Choice","Duelist Mod","GifTheSpireLib","Minty Spire (QoL Compilation)","Permanent Neow","Quick Restart","StSLib","egg"],"gold_per_floor":[139,139,6,6,24,56,56,68,68,93,93,113,35,50,50,129,129,129,129],"floor_reached":18,"playtime":1001,"items_purged":[],"score":440,"play_id":"68f28945-5464-4a92-a3a7-87732394a963","local_time":"20201216025906","is_ascension_mode":true,"campfire_choices":[{"data":"theDuelist:VendreadReunion","floor":11.0,"key":"SMITH"},{"data":"theDuelist:ShallowGrave","floor":15,"key":"SMITH"}],"circlet_count":0,"master_deck":["theDuelist:ArchfiendSoldier","theDuelist:ArmoredZombie","AscendersBane","theDuelist:BloodSparks","theDuelist:CastleWalls","theDuelist:CastleWalls","theDuelist:ClownZombie","theDuelist:PatricianDarkness","theDuelist:ShallowGrave+1","theDuelist:Sparks","theDuelist:SummonedSkull","theDuelist:RevendreadSlayer","theDuelist:GhostBelle","theDuelist:TributeDoomed","theDuelist:GhostrickAlucard","theDuelist:GhostrickSkeleton","theDuelist:GhostrickSpecter","theDuelist:VendreadReunion+1","theDuelist:IlBlud","theDuelist:GhostrickVanish","theDuelist:CallGrave"],"relics":["theDuelist:MillenniumPuzzle","theDuelist:CardPoolRelic","theDuelist:CardPoolBasicRelic","theDuelist:BoosterPackPoolRelic","theDuelist:CardPoolAddRelic","theDuelist:CardPoolMinusRelic","theDuelist:CardPoolSaveRelic","theDuelist:CardPoolOptionsRelic","NeowsBlessing","theDuelist:DuelistOrichalcum","theDuelist:DuelistTeaSet","theDuelist:MerchantNecklace","Juzu Bracelet","SlaversCollar"],"acts_visited":["Exordium","TheCity"],"potions_floor_usage":[16,16],"damage_taken":[{"damage":0.0,"enemies":"Jaw Worm","floor":1.0,"turns":1.0},{"damage":0.0,"enemies":"Cultist","floor":5.0,"turns":1.0},{"damage":0.0,"enemies":"Lagavulin","floor":6.0,"turns":1.0},{"damage":0.0,"enemies":"2 Louse","floor":8.0,"turns":2.0},{"damage":0.0,"enemies":"Gremlin Nob","floor":10.0,"turns":3.0},{"damage":0.0,"enemies":"Red Slaver","floor":12.0,"turns":3.0},{"damage":7,"enemies":"Exordium Wildlife","floor":14,"turns":3},{"damage":11,"enemies":"Hexaghost","floor":16,"turns":9},{"damage":36,"enemies":"3 Byrds","floor":18,"turns":5}],"seed_played":"-7518886370114109046","potions_obtained":[{"floor":2.0,"key":"EntropicBrew"},{"floor":2.0,"key":"AttackPotion"},{"floor":5.0,"key":"Strength Potion"},{"floor":10.0,"key":"Swift Potion"},{"floor":12.0,"key":"Regen Potion"},{"floor":14,"key":"theDuelist:StunPotion"}],"is_trial":false,"path_per_floor":["M","?","$","?","M","E","?","M","T","E","R","M","$","M","R","B",null,"M"],"character_chosen":"THE_DUELIST","items_purchased":["theDuelist:GhostBelle","theDuelist:TributeDoomed","theDuelist:GhostrickVanish"],"campfire_rested":0,"item_purchase_floors":[3,3,13],"current_hp_per_floor":[67,67,67,59,59,63,63,67,67,67,67,67,67,64,64,68,82,46,46],"gold":129,"neow_bonus":"THREE_ENEMY_KILL","is_daily":false,"chose_seed":false,"campfire_upgraded":2,"win_rate":0.0,"timestamp":1608101946,"path_taken":["M","?","?","?","?","E","?","?","T","E","R","M","$","M","R","BOSS","M"],"items_purchased_type":["Card","Card","Card"],"build_version":"2020-12-13","purchased_purges":0,"victory":false,"max_hp_per_floor":[74,74,74,74,74,78,78,82,82,82,82,82,82,86,86,86,86,86,86],"card_choices":[{"not_picked":["theDuelist:VendreadStriges","theDuelist:VendreadHoundhorde","theDuelist:VendreadBattlelord","theDuelist:VendreadAnima"],"picked":"theDuelist:RevendreadSlayer","floor":1.0},{"not_picked":["theDuelist:GhostrickStein","theDuelist:GhostrickSkeleton","theDuelist:GhostrickJackfrost","theDuelist:GhostrickGhoul"],"picked":"theDuelist:GhostrickAlucard","floor":5.0},{"not_picked":["theDuelist:GhostrickWarwolf","theDuelist:GhostrickSpecter","theDuelist:GhostrickJackfrost","theDuelist:GhostrickGhoul"],"picked":"theDuelist:GhostrickSkeleton","floor":6.0},{"not_picked":["theDuelist:BeastTalwar","theDuelist:VampireSorcerer","theDuelist:OvertexQoatlus","theDuelist:DarkFusion"],"picked":"theDuelist:GhostrickSpecter","floor":8.0},{"not_picked":["theDuelist:BottomlessTrapHole","theDuelist:VendreadReorigin","theDuelist:VampireDomination","theDuelist:Mispolymerization"],"picked":"theDuelist:VendreadReunion","floor":10.0},{"not_picked":["theDuelist:MechMoleZombie","theDuelist:BattleFusion","theDuelist:Hajun","theDuelist:VendreadChimera"],"picked":"theDuelist:IlBlud","floor":12.0},{"not_picked":["theDuelist:Chewbone","theDuelist:VampireFraulein","theDuelist:Tengu","theDuelist:CyberArchfiend","theDuelist:DarknessNeosphere"],"picked":"SKIP","floor":14},{"not_picked":["theDuelist:FusionGuard","theDuelist:RobbinZombie","theDuelist:VampireGrace","theDuelist:VendreadDaybreak"],"picked":"theDuelist:CallGrave","floor":16}],"player_experience":263527,"relics_obtained":[{"floor":6.0,"key":"theDuelist:DuelistTeaSet"},{"floor":9.0,"key":"theDuelist:MerchantNecklace"},{"floor":10.0,"key":"Juzu Bracelet"}],"event_choices":[{"damage_healed":0.0,"max_hp_gain":0.0,"max_hp_loss":0.0,"gold_gain":0.0,"event_name":"Lab","player_choice":"Got Potions","floor":2.0,"gold_loss":0.0,"damage_taken":0.0},{"damage_healed":0.0,"max_hp_gain":0.0,"max_hp_loss":0.0,"gold_gain":0.0,"event_name":"Aknamkanon\u0027s Tomb","player_choice":"Dig - random Duelist relic","duelist":true,"floor":4.0,"gold_loss":0.0,"damage_taken":0.0},{"damage_healed":0.0,"max_hp_gain":0.0,"max_hp_loss":0.0,"gold_gain":0.0,"event_name":"Visit from Anubis","player_choice":"Leave","duelist":true,"floor":7.0,"gold_loss":0.0,"damage_taken":0.0}],"is_beta":false,"boss_relics":[{"not_picked":["theDuelist:HauntedRelic","Velvet Choker"],"picked":"SlaversCollar"}],"items_purged_floors":[],"is_endless":false,"potions_floor_spawned":[5,10,12,14],"killed_by":"3 Byrds","ascension_level":20}}