{"host":"2461dio7vetlq1z3","time":1608146578,"event":{"mods":["2.2 Compatiblity","AchievementEnabler","BaseMod","Better Third Choice","Hermit","Marisa????????","Minty Spire (QoL Compilation)","Relic Stats","Spicy Shops","StSLib","The Servant 0.9.4","Waifu the Spire"],"gold_per_floor":[111,186,196,206,222,222,251,251,302,315,315,19,29,54,54,157,157,176,28,28,40,40,40,69,69,119,119,132,163,176,176,176,280,280,280],"floor_reached":34,"playtime":1430,"items_purged":["Strike_S"],"score":689,"play_id":"ad73233a-b42a-4a1d-89af-63f57e307c6f","local_time":"20201216202258","is_ascension_mode":true,"campfire_choices":[{"data":"Spin","floor":6,"key":"SMITH"},{"data":"FlawlessForm","floor":8,"key":"SMITH"},{"data":"Spin","floor":15,"key":"SMITH"},{"data":"LightFlow","floor":23,"key":"SMITH"},{"data":"MoonPhase","floor":25,"key":"SMITH"},{"data":"InstantArmor","floor":27,"key":"SMITH"},{"data":"Comet","floor":32,"key":"SMITH"}],"circlet_count":0,"master_deck":["Strike_S+1","Strike_S+1","Defend_S+1","Defend_S+1","Defend_S+1","KidneyShot","Exchange","InstantArmor+1","Spin+1","Ricochet","Moondial+1","FlawlessForm+1","SurpressingFire","Spin+1","Rearm","LightFlow+1","BottledTime","MoonPhase+1","Rewind+1","Unruled+1","Comet+1","DualDimension","Necronomicurse","FlawlessForm"],"relics":["SplendidAttire","Eternal Feather","Oddly Smooth Stone","Vajra","Pen Nib","StoneMask","Smiling Mask","Bag of Preparation","Tiny Chest","Necronomicon"],"acts_visited":["Exordium","TheCity","TheBeyond"],"potions_floor_usage":[14,16],"damage_taken":[{"damage":0,"enemies":"Cultist","floor":1,"turns":4},{"damage":0,"enemies":"Jaw Worm","floor":3,"turns":5},{"damage":0,"enemies":"2 Louse","floor":4,"turns":1},{"damage":1,"enemies":"Large Slime","floor":5,"turns":3},{"damage":2,"enemies":"3 Sentries","floor":7,"turns":3},{"damage":0,"enemies":"Lots of Slimes","floor":10,"turns":2},{"damage":0,"enemies":"2 Fungi Beasts","floor":13,"turns":2},{"damage":0,"enemies":"Gremlin Nob","floor":14,"turns":3},{"damage":0,"enemies":"The Guardian","floor":16,"turns":8},{"damage":0,"enemies":"Chosen","floor":18,"turns":3},{"damage":0,"enemies":"Shell Parasite","floor":21,"turns":4},{"damage":19,"enemies":"Slavers","floor":24,"turns":4},{"damage":0,"enemies":"Snecko","floor":28,"turns":4},{"damage":1,"enemies":"Gremlin Leader","floor":29,"turns":4},{"damage":0,"enemies":"Cultist and Chosen","floor":30,"turns":3},{"damage":12,"enemies":"Collector","floor":33,"turns":10}],"seed_played":"-4336723545948566438","potions_obtained":[{"floor":1,"key":"Energy Potion"},{"floor":7,"key":"AttackPotion"},{"floor":13,"key":"SteroidPotion"},{"floor":14,"key":"LiquidMemories"},{"floor":16,"key":"FearPotion"},{"floor":29,"key":"Dexterity Potion"}],"is_trial":false,"path_per_floor":["M","?","M","M","M","R","E","R","T","M","?","$","M","E","R","B",null,"M","$","?","M","?","R","E","R","T","R","M","E","M","?","R","B",null],"character_chosen":"THE_SERVANT","items_purchased":["SurpressingFire","Vajra","MoonPhase"],"campfire_rested":0,"item_purchase_floors":[12,12,19],"current_hp_per_floor":[59,54,54,54,53,53,51,57,57,57,57,57,57,57,59,59,59,60,60,60,61,61,61,51,60,60,64,65,66,68,52,64,55,66,66],"gold":280,"neow_bonus":"REMOVE_TWO","is_daily":false,"chose_seed":false,"campfire_upgraded":7,"win_rate":0.0,"timestamp":1608146578,"path_taken":["M","?","M","?","M","R","E","R","T","M","?","$","?","E","R","BOSS","M","$","?","M","?","R","E","R","T","R","M","E","M","?","R","BOSS"],"items_purchased_type":["Card","Relic","Card"],"build_version":"2020-12-13","purchased_purges":1,"victory":false,"max_hp_per_floor":[59,59,59,59,59,59,59,59,59,59,59,59,59,59,59,59,59,60,60,60,61,61,61,64,64,64,64,65,66,68,68,68,69,69,69],"relic_stats":{"counters":[16,63],"Eternal Feather":33,"Tiny Chest":0,"Pen Nib":[7],"Bag of Preparation":[8],"Necronomicon":[0],"Smiling Mask":0,"obtain_stats":[{"SplendidAttire":34,"StoneMask":17,"Oddly Smooth Stone":9,"Vajra":12,"Eternal Feather":7,"Tiny Chest":29,"Pen Nib":14,"Uniform":0,"Bag of Preparation":26,"Necronomicon":31,"Smiling Mask":24},{"SplendidAttire":16,"StoneMask":9,"Oddly Smooth Stone":5,"Vajra":6,"Eternal Feather":5,"Tiny Chest":14,"Pen Nib":8,"Uniform":0,"Bag of Preparation":12,"Necronomicon":15,"Smiling Mask":12},{"SplendidAttire":63,"StoneMask":31,"Oddly Smooth Stone":16,"Vajra":18,"Eternal Feather":16,"Tiny Chest":50,"Pen Nib":23,"Uniform":0,"Bag of Preparation":42,"Necronomicon":53,"Smiling Mask":42}]},"card_choices":[{"not_picked":["DualDimension","BottledTime"],"picked":"InstantArmor","floor":1},{"not_picked":["Replace","Unruled"],"picked":"Spin","floor":3},{"not_picked":["Rewind","TimeWarp"],"picked":"Ricochet","floor":4},{"not_picked":["FanOfKnives","BottledTime"],"picked":"Moondial","floor":5},{"not_picked":["Spin","Gouge"],"picked":"FlawlessForm","floor":7},{"not_picked":["Foresight","ShatteredReality","Shuttle"],"picked":"SKIP","floor":10},{"not_picked":["Foresight","StarChef"],"picked":"Spin","floor":13},{"not_picked":["Moonlight","Spin"],"picked":"Rearm","floor":14},{"not_picked":["Dilation","ForgedInTime"],"picked":"LightFlow","floor":16},{"not_picked":["Revamp","Alleviate"],"picked":"BottledTime","floor":18},{"not_picked":["WasteNot","TimeWarp"],"picked":"Rewind+1","floor":21},{"not_picked":["Contraction+1","Potential","Defy"],"picked":"SKIP","floor":24},{"not_picked":["Contraction+1","Potential","Defy"],"picked":"SKIP","floor":24},{"not_picked":["RealityMarble","Replace"],"picked":"Unruled+1","floor":28},{"not_picked":["Comet","Sunlight","Revamp"],"picked":"SKIP","floor":29},{"not_picked":["Sunlight","Revamp"],"picked":"Comet","floor":29},{"not_picked":["Ricochet","Defy"],"picked":"DualDimension","floor":30},{"not_picked":["Solidify","Dilation"],"picked":"FlawlessForm","floor":33}],"player_experience":840861,"relics_obtained":[{"floor":7,"key":"Eternal Feather"},{"floor":9,"key":"Oddly Smooth Stone"},{"floor":14,"key":"Pen Nib"},{"floor":24,"key":"Smiling Mask"},{"floor":26,"key":"Bag of Preparation"},{"floor":29,"key":"Tiny Chest"},{"floor":31,"key":"Necronomicon"}],"event_choices":[{"damage_healed":0,"gold_gain":75,"player_choice":"Touch","damage_taken":5,"max_hp_gain":0,"max_hp_loss":0,"event_name":"FaceTrader","floor":2,"gold_loss":0},{"damage_healed":0,"gold_gain":0,"player_choice":"Upgraded","damage_taken":0,"max_hp_gain":0,"max_hp_loss":0,"event_name":"Upgrade Shrine","floor":11,"gold_loss":0,"cards_upgraded":["Moondial"]},{"damage_healed":0,"gold_gain":0,"player_choice":"Simplicity","damage_taken":0,"max_hp_gain":0,"max_hp_loss":5,"event_name":"betterThird:BetterWriting","floor":20,"gold_loss":0},{"damage_healed":0,"gold_gain":0,"player_choice":"Ignored","damage_taken":0,"max_hp_gain":0,"max_hp_loss":0,"event_name":"The Mausoleum","floor":22,"gold_loss":0},{"damage_healed":0,"gold_gain":0,"player_choice":"Obtained Book","damage_taken":16,"max_hp_gain":0,"max_hp_loss":0,"event_name":"Cursed Tome","floor":31,"gold_loss":0}],"is_beta":false,"boss_relics":[{"not_picked":["Fusion Hammer","Calling Bell"],"picked":"StoneMask"},{"not_picked":["Runic Dome","Pandora\u0027s Box"],"picked":"SplendidAttire"}],"items_purged_floors":[12],"is_endless":false,"potions_floor_spawned":[1,7,13,14,16,18,28,29],"ascension_level":9}}