{"host":"sum4dy402bbv9y4o","time":1608138317,"event":{"mods":["Aspiration","BaseMod","Conspire","Highlight Path","Minty Spire (QoL Compilation)","StSLib"],"gold_per_floor":[111,11,11,11,11,11,43,43,43,43,76,93,93,112,112,188,188,206,24,24,24,24,24,51,68,144,0,0,20,20,20,20,20,20],"floor_reached":33,"playtime":2479,"items_purged":["conspire:GhostlyStrike"],"score":584,"play_id":"d2ee2b81-27f7-4d0f-a48f-81230f1670e8","local_time":"20201216200517","is_ascension_mode":true,"campfire_choices":[{"data":"Poisoned Stab","floor":6,"key":"SMITH"},{"floor":8,"key":"REST"},{"data":"Neutralize","floor":10,"key":"SMITH"},{"data":"Blur","floor":15,"key":"SMITH"},{"data":"After Image","floor":23,"key":"SMITH"},{"floor":32,"key":"REST"}],"circlet_count":0,"master_deck":["AscendersBane","conspire:GhostlyStrike","conspire:GhostlyStrike","conspire:GhostlyStrike","conspire:GhostlyStrike","conspire:GhostlyDefend","conspire:GhostlyDefend","conspire:GhostlyDefend","conspire:GhostlyDefend","conspire:GhostlyDefend","Survivor","Neutralize+1","Poisoned Stab+1","Heel Hook","Deadly Poison","Flechettes","Bane","Blur+1","Noxious Fumes","After Image+1","Gash+1","Ball Lightning","Footwork","Cold Snap","Lockon","Go for the Eyes","Decay"],"relics":["Ring of the Snake","aspiration:Nostalgia","PureWater","Pen Nib","HornCleat","TungstenRod","aspiration:DefectSkillbook","Ancient Tea Set","aspiration:StickyExplosives","Pocketwatch"],"acts_visited":["Exordium","TheCity"],"potions_floor_usage":[7,24,29],"damage_taken":[{"damage":1,"enemies":"Jaw Worm","floor":1,"turns":5},{"damage":32,"enemies":"3 Sentries","floor":7,"turns":13},{"damage":18,"enemies":"Gremlin Nob","floor":11,"turns":4},{"damage":0,"enemies":"2 Louse","floor":12,"turns":2},{"damage":3,"enemies":"Small Slimes","floor":14,"turns":3},{"damage":17,"enemies":"The Guardian","floor":16,"turns":8},{"damage":6,"enemies":"3 Byrds","floor":18,"turns":6},{"damage":41,"enemies":"Book of Stabbing","floor":24,"turns":6},{"damage":4,"enemies":"2 Thieves","floor":25,"turns":4},{"damage":4,"enemies":"Shelled Parasite and Fungi","floor":29,"turns":5},{"damage":37,"enemies":"Automaton","floor":33,"turns":6}],"seed_played":"9073859325301706334","potions_obtained":[{"floor":1,"key":"Block Potion"},{"floor":7,"key":"SkillPotion"},{"floor":14,"key":"Ancient Potion"}],"is_trial":false,"path_per_floor":["M","$","?","?","?","R","E","R","T","R","E","M","?","M","R","B",null,"M","$","?","?","?","R","E","M","T","?","?","M","?","T","R","B"],"character_chosen":"THE_SILENT","items_purchased":["Heel Hook","Deadly Poison","Ball Lightning","Footwork"],"campfire_rested":2,"item_purchase_floors":[2,2,19,19],"current_hp_per_floor":[58,58,54,54,54,54,22,41,41,41,23,23,45,42,42,25,56,50,50,50,50,63,63,22,18,18,18,18,14,14,14,33,0,0],"gold":20,"neow_bonus":"NOSTALGIA","is_daily":false,"chose_seed":false,"campfire_upgraded":4,"win_rate":0.0,"timestamp":1608138317,"path_taken":["M","$","?","?","?","R","E","R","T","R","E","M","?","?","R","BOSS","M","$","?","?","?","R","E","M","T","?","?","?","?","?","R","BOSS"],"items_purchased_type":["Card","Card","Card","Card"],"build_version":"2020-12-13","purchased_purges":1,"victory":false,"max_hp_per_floor":[66,66,66,66,66,66,66,66,66,66,66,66,66,66,66,66,66,66,66,66,66,66,66,66,66,66,66,66,66,66,66,66,66,66],"card_choices":[{"not_picked":["Footwork","Caltrops"],"picked":"Poisoned Stab","floor":1},{"not_picked":["Outmaneuver","Endless Agony"],"picked":"Flechettes","floor":7},{"not_picked":["Dash","Masterful Stab"],"picked":"Bane","floor":11},{"not_picked":["Underhanded Strike","Cloak And Dagger"],"picked":"Blur","floor":12},{"not_picked":["Masterful Stab","Footwork"],"picked":"Noxious Fumes","floor":14},{"not_picked":["Malaise","Storm of Steel"],"picked":"After Image","floor":16},{"not_picked":["Go for the Eyes","White Noise","Reprogram"],"picked":"Gash+1","floor":18},{"not_picked":["Blade Dance","Footwork","Auto Shields+1"],"picked":"Cold Snap","floor":24},{"not_picked":["Coolheaded","Reinforced Body","Outmaneuver"],"picked":"Lockon","floor":25},{"not_picked":["Steam","Rebound","Slice"],"picked":"Go for the Eyes","floor":29}],"player_experience":2795243,"relics_obtained":[{"floor":7,"key":"Pen Nib"},{"floor":9,"key":"HornCleat"},{"floor":11,"key":"TungstenRod"},{"floor":24,"key":"Ancient Tea Set"},{"floor":26,"key":"aspiration:StickyExplosives"},{"floor":31,"key":"Pocketwatch"}],"event_choices":[{"damage_healed":0,"gold_gain":0,"player_choice":"Leave","damage_taken":0,"max_hp_gain":0,"max_hp_loss":0,"event_name":"conspire:Investor","floor":3,"gold_loss":0},{"damage_healed":0,"gold_gain":0,"player_choice":"Agree","damage_taken":0,"max_hp_gain":0,"max_hp_loss":0,"event_name":"conspire:LoneGhost","floor":4,"gold_loss":0},{"damage_healed":0,"gold_gain":0,"player_choice":"Ignored","damage_taken":0,"max_hp_gain":0,"max_hp_loss":0,"event_name":"Golden Idol","floor":5,"gold_loss":0},{"damage_healed":22,"gold_gain":0,"player_choice":"Banana","damage_taken":0,"max_hp_gain":0,"max_hp_loss":0,"event_name":"Big Fish","floor":13,"gold_loss":0},{"damage_healed":0,"gold_gain":0,"player_choice":"Ignored","damage_taken":0,"max_hp_gain":0,"max_hp_loss":0,"event_name":"Vampires","floor":21,"gold_loss":0},{"damage_healed":13,"gold_gain":0,"player_choice":"Heal","damage_taken":0,"max_hp_gain":0,"max_hp_loss":0,"event_name":"The Library","floor":22,"gold_loss":0},{"damage_healed":0,"gold_gain":0,"player_choice":"Paid Fearfully","damage_taken":0,"max_hp_gain":0,"max_hp_loss":0,"event_name":"Masked Bandits","floor":27,"gold_loss":144},{"damage_healed":0,"gold_gain":0,"player_choice":"Ignored","damage_taken":0,"max_hp_gain":0,"max_hp_loss":0,"event_name":"The Mausoleum","floor":28,"gold_loss":0},{"damage_healed":0,"gold_gain":0,"player_choice":"Smashed Altar","damage_taken":0,"max_hp_gain":0,"max_hp_loss":0,"event_name":"Forgotten Altar","floor":30,"gold_loss":0,"cards_obtained":["Decay"]}],"is_beta":false,"boss_relics":[{"not_picked":["aspiration:PoetsPen","Black Star"],"picked":"aspiration:DefectSkillbook"}],"items_purged_floors":[19],"is_endless":false,"potions_floor_spawned":[1,7,14,18],"killed_by":"Automaton","ascension_level":20}}