{"host":"5uvzo7moqy5vd63g","time":1608138631,"event":{"mods":["Aspiration","BaseMod","Conspire","Dio Mod","Downfall","Hermit","Hubris","Jedi Mod","Jorbs\u0027s Wanderer Trilogy","Mimic Mod","Minty Spire (QoL Compilation)","Replay The Spire","StSLib","The Animator","Wandering Minibosses"],"gold_per_floor":[130,130,42,72,87,87,87],"floor_reached":6,"playtime":392,"items_purged":[],"score":45,"play_id":"574b1d55-15a0-4922-b850-b833f89b751b","local_time":"20201216121031","is_ascension_mode":true,"campfire_choices":[],"circlet_count":0,"master_deck":["animator:Strike_FullmetalAlchemist","animator:Defend_FullmetalAlchemist","animator:Strike","animator:Strike","animator:Strike","animator:Defend","animator:Defend","animator:Defend","animator:ElricEdward","animator:ElricAlphonse","animator:Father","animator:SakuraMatou","animator:Kuroyukihime","animator:Pride","animator:ElricEdward"],"relics":["animator:LivingPicture","animator:TheMissingPiece","animator:PurgingStone"],"acts_visited":["Exordium"],"potions_floor_usage":[],"damage_taken":[{"damage":10,"enemies":"Small Slimes","floor":1,"turns":4},{"damage":11,"enemies":"Jaw Worm","floor":4,"turns":5},{"damage":0,"enemies":"2 Louse","floor":5,"turns":3},{"damage":45,"enemies":"Gremlin Nob","floor":6,"turns":4}],"seed_played":"5295310801690620888","potions_obtained":[],"is_trial":false,"path_per_floor":["M","?","$","M","M","E"],"character_chosen":"THE_ANIMATOR","items_purchased":["animator:Kuroyukihime"],"campfire_rested":0,"item_purchase_floors":[3],"current_hp_per_floor":[56,56,56,45,45,0,0],"gold":87,"neow_bonus":"ONE_RANDOM_RARE_CARD","is_daily":false,"chose_seed":false,"campfire_upgraded":0,"win_rate":0.0,"timestamp":1608138631,"path_taken":["M","?","?","M","M","E"],"items_purchased_type":["Card"],"build_version":"2020-12-13","purchased_purges":0,"victory":false,"max_hp_per_floor":[66,66,66,66,66,66,66],"card_choices":[{"not_picked":["animator:YaoHaDucy","animator:Yuuichirou"],"picked":"animator:SakuraMatou","floor":1},{"not_picked":["animator:Illya","animator:Mitsuba"],"picked":"animator:Pride","floor":4},{"not_picked":["animator:Gluttony","animator:RoryMercury"],"picked":"animator:ElricEdward","floor":5}],"player_experience":1346578,"relics_obtained":[],"event_choices":[{"damage_healed":0,"gold_gain":0,"player_choice":"Ignored","damage_taken":0,"max_hp_gain":0,"max_hp_loss":0,"event_name":"Liars Game","floor":2,"gold_loss":0}],"is_beta":false,"boss_relics":[],"items_purged_floors":[],"is_endless":false,"potions_floor_spawned":[],"killed_by":"Gremlin Nob","ascension_level":5}}