{"host":"lw874zp3en0pz6a7","time":1608102460,"event":{"mods":["Act Like it!","BaseMod","Downfall","Key Reminder","KinomotoSakuraMod(木之本樱)","LagranYue(拉格朗・月)","Luminous","Marisa（F雨　魔理沙）","Minty Spire (QoL Compilation)","Quick Restart","READ ME - Guardian Mod","Reimu（博丽灵梦）","Remilia（蕾米莉亚）","Replay The Spire","SIMod","SOS（斯巴达之子）","Shop Mod","StSLib","Td1madao Mod","The Administrix","The Bladedancer","The Bug Knight","The Construct","The Cursed","The Gatherer","The Runesmith","The Servant 0.9.4","WarShipGirlsR/战舰少女R mod","Youmu（魂魄妖梦）","[地精首领爬塔]The Maniac","vexMod"],"gold_per_floor":[110,129,149,163,163,163,163],"floor_reached":6,"playtime":183,"items_purged":[],"score":40,"play_id":"2615d907-7ae6-4938-96b6-0b3f144c787b","local_time":"20201216150740","is_ascension_mode":true,"campfire_choices":[],"circlet_count":0,"master_deck":["construct:Strike_Gold","construct:Strike_Gold","construct:Strike_Gold","construct:Strike_Gold","construct:Strike_Gold","construct:Defend_Gold","construct:Defend_Gold","construct:Defend_Gold","construct:Defend_Gold","construct:Defend_Gold","construct:AttackMode","construct:DefenseMode","construct:Reinforce","construct:ShiftGuard"],"relics":["construct:Cogwheel","LagranYue:RandomDrawCardRelic","Lizard Tail","Golden Idol"],"acts_visited":["Exordium"],"potions_floor_usage":[],"damage_taken":[{"damage":0,"enemies":"Cultist","floor":1,"turns":6},{"damage":0,"enemies":"2 Louse","floor":2,"turns":3},{"damage":4,"enemies":"Jaw Worm","floor":3,"turns":4},{"damage":12,"enemies":"Blue Slaver","floor":4,"turns":4},{"damage":0,"enemies":"3 Sentries","floor":6,"turns":1}],"seed_played":"7573156317763750856","potions_obtained":[{"floor":2,"key":"Venom Potion"},{"floor":3,"key":"Regen Potion"}],"is_trial":false,"path_per_floor":["M","M","M","M","?","E"],"character_chosen":"THE_CONSTRUCT_MOD","items_purchased":[],"campfire_rested":0,"item_purchase_floors":[],"current_hp_per_floor":[77,77,73,61,42,42,42],"gold":163,"neow_bonus":"ONE_RARE_RELIC","is_daily":false,"chose_seed":false,"campfire_upgraded":0,"win_rate":0.0,"timestamp":1608102460,"path_taken":["M","M","M","M","?","E"],"items_purchased_type":[],"build_version":"2020-12-13","purchased_purges":0,"victory":false,"max_hp_per_floor":[77,77,77,77,77,77,77],"card_choices":[{"not_picked":["construct:Versatility","construct:Analyze","construct:HeavyBolt"],"picked":"SKIP","floor":1},{"not_picked":["construct:SweepLaser","construct:SaveState","construct:Analyze"],"picked":"SKIP","floor":2},{"not_picked":["construct:Bunker","construct:FierceBash"],"picked":"construct:Reinforce","floor":3},{"not_picked":["construct:HeavyBolt","construct:Backfire"],"picked":"construct:ShiftGuard","floor":4}],"player_experience":260965,"relics_obtained":[],"event_choices":[{"damage_healed":0,"gold_gain":0,"player_choice":"Take Damage","damage_taken":19,"relics_obtained":["Golden Idol"],"max_hp_gain":0,"max_hp_loss":0,"event_name":"Golden Idol","floor":5,"gold_loss":0}],"is_beta":false,"boss_relics":[],"items_purged_floors":[],"is_endless":false,"potions_floor_spawned":[2,3],"killed_by":"3 Sentries","ascension_level":1}}