{"host":"0z6l31g9ps0v9zzp","time":1608087780,"event":{"mods":["Act Like it!","BaseMod","CapriCore","Minty Spire (QoL Compilation)","MostiFishMod","StSLib","Waifu the Spire"],"gold_per_floor":[118,132,146,221,221,248,260,295,295,326,344,358,20,20,20,95,95,114,132,132,144,144,144,171,191,191,202,227,238,251,276,288,374,386,412,436,448,477,292,322,322,322,374,374,408,197,197,247,247,247,247,247,147,175,175],"floor_reached":56,"playtime":928,"items_purged":["Defend_B","Strike_B+1","Defend_B"],"score":2262,"play_id":"a5e38916-0720-4876-80bb-92dcb687d755","local_time":"20201216110300","is_ascension_mode":true,"campfire_choices":[{"data":"Coolheaded","floor":15,"key":"SMITH"},{"floor":23,"key":"RECALL"},{"data":"MostiFishMod:SeaWaves","floor":32,"key":"SMITH"},{"data":"MostiFishMod:STOP","floor":41,"key":"SMITH"},{"data":"Apotheosis","floor":47,"key":"SMITH"},{"data":"Zap","floor":49,"key":"SMITH"},{"data":"Dualcast","floor":52,"key":"SMITH"}],"circlet_count":0,"master_deck":["AscendersBane","Defend_B","Zap+1","Dualcast+1","Gash","Beam Cell","Coolheaded+1","Gash","Gash+1","MostiFishMod:SeaWaves+1","MostiFishMod:STOP+1","Apotheosis+1","All For One"],"relics":["Cracked Core","DaveBox","Transparent","NeowsBlessing","Question Card","Sundial","Shuriken","Mummified Hand","Anchor","Civilization","ImportantClient","FeatherPendant","DaCapo","PreservedInsect","Ornamental Fan","DataDisk","MawBank","Empty Cage","TheAbacus","Boot","Whetstone","Vajra","StrikeDummy"],"acts_visited":["Exordium","TheCity","TheBeyond","TheEnding"],"potions_floor_usage":[8,16,16],"damage_taken":[{"damage":7,"enemies":"Jaw Worm","floor":1,"turns":1},{"damage":7,"enemies":"2 Louse","floor":2,"turns":1},{"damage":7,"enemies":"Small Slimes","floor":3,"turns":1},{"damage":41,"enemies":"Gremlin Nob","floor":6,"turns":3},{"damage":14,"enemies":"Exordium Wildlife","floor":7,"turns":2},{"damage":45,"enemies":"3 Sentries","floor":8,"turns":5},{"damage":14,"enemies":"Gremlin Nob","floor":10,"turns":2},{"damage":14,"enemies":"Looter","floor":11,"turns":2},{"damage":14,"enemies":"Exordium Thugs","floor":12,"turns":2},{"damage":38,"enemies":"Slime Boss","floor":16,"turns":5},{"damage":14,"enemies":"2 Thieves","floor":18,"turns":2},{"damage":8,"enemies":"Shell Parasite","floor":19,"turns":1},{"damage":9,"enemies":"Centurion and Healer","floor":21,"turns":1},{"damage":9,"enemies":"Slavers","floor":24,"turns":2},{"damage":0,"enemies":"Snake Plant","floor":25,"turns":1},{"damage":2,"enemies":"Snecko","floor":27,"turns":1},{"damage":3,"enemies":"Gremlin Leader","floor":28,"turns":1},{"damage":4,"enemies":"Shelled Parasite and Fungi","floor":29,"turns":1},{"damage":6,"enemies":"Centurion and Healer","floor":30,"turns":1},{"damage":8,"enemies":"Book of Stabbing","floor":31,"turns":1},{"damage":30,"enemies":"Automaton","floor":33,"turns":2},{"damage":12,"enemies":"Orb Walker","floor":35,"turns":1},{"damage":18,"enemies":"3 Shapes","floor":36,"turns":1},{"damage":17,"enemies":"Writhing Mass","floor":38,"turns":1},{"damage":19,"enemies":"Reptomancer","floor":40,"turns":1},{"damage":21,"enemies":"Giant Head","floor":45,"turns":1},{"damage":58,"enemies":"Donu and Deca","floor":50,"turns":2},{"damage":27,"enemies":"Shield and Spear","floor":54,"turns":1},{"damage":127,"enemies":"The Heart","floor":55,"turns":3}],"seed_played":"-5775006429933895109","potions_obtained":[{"floor":1,"key":"Dexterity Potion"},{"floor":8,"key":"Fruit Juice"},{"floor":11,"key":"FocusPotion"},{"floor":21,"key":"LiquidMemories"},{"floor":25,"key":"SmokeBomb"},{"floor":45,"key":"LiquidMemories"}],"is_trial":false,"path_per_floor":["M","M","M","?","?","E","M","E","T","E","M","M","$","?","R","B",null,"M","M","?","M","?","R","E","M","T","M","E","M","M","E","R","B",null,"M","M","?","M","$","E","R","?","T","?","E","$","R","?","R","B",null,"R","$","E","B",null],"character_chosen":"DEFECT","items_purchased":["Civilization","TheAbacus","Vajra"],"campfire_rested":0,"item_purchase_floors":[13,39,46],"current_hp_per_floor":[71,71,71,60,60,68,71,76,76,76,76,76,76,69,69,79,79,84,90,69,98,98,98,109,121,121,134,148,164,182,201,201,223,223,246,272,272,299,299,329,329,319,319,313,344,344,344,344,344,377,377,377,377,412,448],"gold":175,"neow_bonus":"THREE_ENEMY_KILL","is_daily":false,"chose_seed":false,"campfire_upgraded":6,"win_rate":0.0,"timestamp":1608087780,"path_taken":["M","M","M","?","?","E","?","E","T","E","M","M","$","?","R","BOSS","M","M","?","M","?","R","E","M","T","M","E","M","?","E","R","BOSS","M","M","?","?","$","E","R","?","T","?","E","$","R","?","R","BOSS","R","$","E","BOSS"],"items_purchased_type":["Relic","Relic","Relic"],"build_version":"2020-12-13","purchased_purges":3,"victory":true,"max_hp_per_floor":[71,71,71,71,71,71,71,76,76,76,76,76,76,76,76,79,79,84,90,90,98,98,98,109,121,121,134,148,164,182,201,201,223,223,246,272,272,299,299,329,329,329,329,313,344,344,344,344,344,377,377,377,377,412,448],"card_choices":[{"not_picked":["Double Energy","Blizzard","Stack"],"picked":"SKIP","floor":1},{"not_picked":["Chill","Consume","Loop","Barrage"],"picked":"SKIP","floor":2},{"not_picked":["Barrage","Cold Snap","Consume","Redo"],"picked":"SKIP","floor":3},{"not_picked":["Go for the Eyes","Conserve Battery","Scrape","White Noise"],"picked":"SKIP","floor":6},{"not_picked":["Redo","Undo","Rebound","Melter"],"picked":"SKIP","floor":7},{"not_picked":["Sweeping Beam","Thunder Strike","Rebound"],"picked":"Gash","floor":8},{"not_picked":["Stack","Steam Power","Self Repair"],"picked":"Beam Cell","floor":10},{"not_picked":["Go for the Eyes","Steam","Beam Cell"],"picked":"Coolheaded","floor":11},{"not_picked":["Aggregate","Conserve Battery","Redo","Go for the Eyes"],"picked":"SKIP","floor":12},{"not_picked":["MostiFishMod:Impulse","Thunder Strike","MostiFishMod:GoodWordForIt"],"picked":"Echo Form","floor":16},{"not_picked":["Undo","Coolheaded+1","Tempest+1","Leap"],"picked":"SKIP","floor":18},{"not_picked":["Barrage","Conserve Battery","Sweeping Beam+1"],"picked":"Gash","floor":19},{"not_picked":["Compile Driver","Cold Snap","Redo+1","Steam+1"],"picked":"SKIP","floor":21},{"not_picked":["FTL+1","Streamline","MostiFishMod:ATRI","Rebound"],"picked":"SKIP","floor":24},{"not_picked":["Steam","Go for the Eyes","Cold Snap","Ball Lightning"],"picked":"SKIP","floor":25},{"not_picked":["Turbo","Redo","Hologram","Consume"],"picked":"SKIP","floor":27},{"not_picked":["MostiFishMod:ReadyAimFire","Scrape","Beam Cell","Coolheaded"],"picked":"SKIP","floor":28},{"not_picked":["Genetic Algorithm","Hologram","Compile Driver","Rebound"],"picked":"SKIP","floor":29},{"not_picked":["Beam Cell","FTL","Rebound"],"picked":"Gash","floor":30},{"not_picked":["Cold Snap","Chaos","Rebound"],"picked":"MostiFishMod:SeaWaves","floor":31},{"not_picked":["Core Surge","MostiFishMod:Nova","Machine Learning"],"picked":"MostiFishMod:STOP","floor":33},{"not_picked":["Coolheaded","Steam Power+1","Stack","Compile Driver"],"picked":"SKIP","floor":35},{"not_picked":["Redo","Gash","Turbo","Glacier"],"picked":"SKIP","floor":36},{"not_picked":["Capacitor","Creative AI","Conserve Battery","Force Field+1"],"picked":"SKIP","floor":38},{"not_picked":["Rebound","Sweeping Beam+1","Storm","Ball Lightning"],"picked":"SKIP","floor":40},{"not_picked":["PanicButton","Enlightenment","Mind Blast"],"picked":"Apotheosis","floor":42},{"not_picked":["Aggregate","Stack","MostiFishMod:PushDownKick","Hologram"],"picked":"SKIP","floor":45},{"not_picked":["Aggregate","Chaos","Redo"],"picked":"All For One","floor":54}],"player_experience":265016,"relics_obtained":[{"floor":1,"key":"Question Card"},{"floor":6,"key":"Sundial"},{"floor":8,"key":"Shuriken"},{"floor":9,"key":"Mummified Hand"},{"floor":10,"key":"Anchor"},{"floor":16,"key":"ImportantClient"},{"floor":24,"key":"PreservedInsect"},{"floor":26,"key":"Ornamental Fan"},{"floor":28,"key":"DataDisk"},{"floor":31,"key":"MawBank"},{"floor":40,"key":"Boot"},{"floor":45,"key":"Whetstone"},{"floor":54,"key":"StrikeDummy"}],"event_choices":[{"damage_healed":0,"gold_gain":75,"player_choice":"Gather Gold","damage_taken":11,"max_hp_gain":0,"max_hp_loss":0,"event_name":"World of Goop","floor":4,"gold_loss":0},{"damage_healed":0,"gold_gain":0,"player_choice":"Ignored","damage_taken":0,"max_hp_gain":0,"max_hp_loss":0,"event_name":"Liars Game","floor":5,"gold_loss":0},{"cards_removed":["Strike_B"],"damage_healed":0,"gold_gain":0,"player_choice":"Card Removal","damage_taken":7,"max_hp_gain":0,"max_hp_loss":0,"event_name":"Golden Wing","floor":14,"gold_loss":0},{"damage_healed":0,"gold_gain":0,"player_choice":"Obtained Book","damage_taken":21,"max_hp_gain":0,"max_hp_loss":0,"event_name":"Cursed Tome","floor":20,"gold_loss":0},{"cards_removed":["Echo Form"],"damage_healed":0,"gold_gain":0,"player_choice":"Gave Card","damage_taken":0,"relics_obtained":["DaCapo"],"max_hp_gain":0,"max_hp_loss":0,"event_name":"WeMeetAgain","floor":22,"gold_loss":0},{"cards_removed":["Defend_B"],"damage_healed":0,"gold_gain":0,"player_choice":"Offered Basic","damage_taken":0,"max_hp_gain":0,"max_hp_loss":0,"event_name":"Bonfire Elementals","floor":37,"gold_loss":0},{"damage_healed":0,"gold_gain":0,"player_choice":"Memory 3","damage_taken":10,"max_hp_gain":0,"max_hp_loss":0,"event_name":"SensoryStone","floor":42,"gold_loss":0},{"damage_healed":0,"gold_gain":0,"player_choice":"Max HP","damage_taken":0,"max_hp_gain":0,"max_hp_loss":16,"event_name":"Winding Halls","floor":44,"gold_loss":0},{"damage_healed":0,"gold_gain":50,"player_choice":"Pray","damage_taken":0,"max_hp_gain":0,"max_hp_loss":0,"event_name":"Golden Shrine","floor":48,"gold_loss":0}],"is_beta":false,"boss_relics":[{"not_picked":["RhineCircuit","EE1DDrone"],"picked":"FeatherPendant"},{"not_picked":["Coffee Dripper","GreenFoldingFan"],"picked":"Empty Cage"}],"items_purged_floors":[39,46,53],"is_endless":false,"potions_floor_spawned":[1,8,11,21,25,27,28,31,35,45,54],"ascension_level":16}}