{"host":"63yhhrjweyj22b0v","time":1608162344,"event":{"mods":["BaseMod","Minty Spire (QoL Compilation)","Quick Restart"],"gold_per_floor":[116,191,191,46,46,82,95,95,119,153,172,172,188,202,202,330,330,354,2,2,2,2,2,16,59,59,9,29,29,49,67,67,190,190,209,222,322,18,18,18],"floor_reached":39,"playtime":1557,"items_purged":["Strike_G","Strike_G","Strike_G"],"score":456,"play_id":"bc9e69f9-7668-44f7-ab23-752f15fb8cd6","local_time":"20201216174544","is_ascension_mode":true,"campfire_choices":[{"floor":8,"key":"REST"},{"floor":12,"key":"REST"},{"floor":15,"key":"REST"},{"data":"Envenom","floor":23,"key":"SMITH"},{"floor":29,"key":"REST"},{"floor":32,"key":"REST"}],"circlet_count":0,"master_deck":["Strike_G","Strike_G","Defend_G","Defend_G","Defend_G","Defend_G","Survivor","Neutralize","Backstab","Caltrops","Bane","Burst","Caltrops","Crippling Poison","Bouncing Flask","Poisoned Stab","Envenom+1","Dagger Spray","Flying Knee+1","Deadly Poison","Terror+1","Endless Agony","Deadly Poison+1","Adrenaline","Flying Knee+1","Masterful Stab"],"relics":["Ring of the Serpent","NeowsBlessing","Golden Idol","Mummified Hand","Boot","Omamori","Cursed Key","PreservedInsect","MutagenicStrength","Smiling Mask","The Courier","Tough Bandages"],"acts_visited":["Exordium","TheCity","TheBeyond"],"potions_floor_usage":[25,33,33,38],"damage_taken":[{"damage":0,"enemies":"Small Slimes","floor":1,"turns":1},{"damage":0,"enemies":"Lagavulin","floor":6,"turns":1},{"damage":0,"enemies":"Jaw Worm","floor":7,"turns":1},{"damage":53,"enemies":"Gremlin Nob","floor":10,"turns":6},{"damage":5,"enemies":"Cultist","floor":11,"turns":3},{"damage":9,"enemies":"Exordium Thugs","floor":13,"turns":5},{"damage":20,"enemies":"Exordium Wildlife","floor":14,"turns":4},{"damage":14,"enemies":"Hexaghost","floor":16,"turns":8},{"damage":5,"enemies":"Chosen","floor":18,"turns":3},{"damage":7,"enemies":"Shell Parasite","floor":24,"turns":4},{"damage":20,"enemies":"Gremlin Leader","floor":25,"turns":4},{"damage":22,"enemies":"3 Cultists","floor":28,"turns":4},{"damage":18,"enemies":"Snake Plant","floor":30,"turns":3},{"damage":4,"enemies":"Snecko","floor":31,"turns":4},{"damage":60,"enemies":"Champ","floor":33,"turns":10},{"damage":15,"enemies":"3 Shapes","floor":35,"turns":4},{"damage":26,"enemies":"3 Darklings","floor":36,"turns":4},{"damage":0,"enemies":"Sphere and 2 Shapes","floor":39,"turns":2}],"seed_played":"-1541811222305235570","potions_obtained":[{"floor":13,"key":"LiquidMemories"},{"floor":16,"key":"Poison Potion"},{"floor":18,"key":"ColorlessPotion"},{"floor":30,"key":"EssenceOfSteel"},{"floor":33,"key":"LiquidMemories"},{"floor":35,"key":"LiquidMemories"},{"floor":36,"key":"GamblersBrew"}],"is_trial":false,"path_per_floor":["M","?","?","$","?","E","M","R","T","E","M","R","M","M","R","B",null,"M","$","?","$","?","R","M","E","T","$","M","R","M","M","R","B",null,"M","M","?","$","M"],"character_chosen":"THE_SILENT","items_purchased":["Caltrops","PreservedInsect","FairyPotion","Tough Bandages","Fruit Juice"],"campfire_rested":5,"item_purchase_floors":[4,19,19,38,38],"current_hp_per_floor":[70,59,42,42,47,47,47,69,69,16,11,33,24,4,26,12,75,70,70,70,70,70,70,63,43,43,43,21,43,25,21,43,22,75,60,34,34,39,39,39],"gold":18,"neow_bonus":"THREE_ENEMY_KILL","is_daily":false,"chose_seed":false,"campfire_upgraded":1,"win_rate":0.0,"timestamp":1608162344,"path_taken":["M","?","?","$","?","E","?","R","T","E","M","R","M","M","R","BOSS","M","$","?","?","?","R","M","E","T","$","M","R","M","M","R","BOSS","M","M","?","$","M"],"items_purchased_type":["Card","Relic","Potion","Relic","Potion"],"build_version":"2020-12-13","purchased_purges":3,"victory":false,"max_hp_per_floor":[70,70,70,70,75,75,75,75,75,75,75,75,75,75,75,75,75,75,75,75,75,75,75,75,75,75,75,75,75,75,75,75,75,75,75,75,75,80,80,80],"card_choices":[{"not_picked":["Quick Slash","Masterful Stab"],"picked":"Backstab","floor":1},{"not_picked":["Quick Slash","Backflip"],"picked":"Bane","floor":6},{"not_picked":["Predator","Well Laid Plans"],"picked":"Burst","floor":7},{"not_picked":["Deflect","Crippling Poison"],"picked":"Caltrops","floor":10},{"not_picked":["Acrobatics","Bane"],"picked":"Crippling Poison","floor":11},{"not_picked":["Cloak And Dagger","Masterful Stab"],"picked":"Bouncing Flask","floor":13},{"not_picked":["Dagger Throw","Choke"],"picked":"Poisoned Stab","floor":14},{"not_picked":["Wraith Form v2","Tools of the Trade"],"picked":"Envenom","floor":16},{"not_picked":["PiercingWail","Backflip+1"],"picked":"Dagger Spray","floor":18},{"not_picked":["Cloak And Dagger","Leg Sweep"],"picked":"Flying Knee+1","floor":24},{"not_picked":["Dagger Throw","Sucker Punch"],"picked":"Deadly Poison","floor":25},{"not_picked":["Bullet Time","Endless Agony"],"picked":"Terror+1","floor":28},{"not_picked":["Quick Slash","Blade Dance+1"],"picked":"Endless Agony","floor":30},{"not_picked":["Predator","Distraction"],"picked":"Deadly Poison+1","floor":31},{"not_picked":["After Image","Corpse Explosion"],"picked":"Adrenaline","floor":33},{"not_picked":["Slice","Acrobatics+1"],"picked":"Flying Knee+1","floor":35},{"not_picked":["Dagger Throw","Blur"],"picked":"Masterful Stab","floor":36}],"player_experience":610793,"relics_obtained":[{"floor":6,"key":"Mummified Hand"},{"floor":9,"key":"Boot"},{"floor":10,"key":"Omamori"},{"floor":25,"key":"Smiling Mask"},{"floor":26,"key":"The Courier"}],"event_choices":[{"damage_healed":0,"gold_gain":75,"player_choice":"Gather Gold","damage_taken":11,"max_hp_gain":0,"max_hp_loss":0,"event_name":"World of Goop","floor":2,"gold_loss":0},{"damage_healed":0,"gold_gain":0,"player_choice":"Take Damage","damage_taken":17,"relics_obtained":["Golden Idol"],"max_hp_gain":0,"max_hp_loss":0,"event_name":"Golden Idol","floor":3,"gold_loss":0},{"damage_healed":0,"gold_gain":0,"player_choice":"Donut","damage_taken":0,"max_hp_gain":5,"max_hp_loss":0,"event_name":"Big Fish","floor":5,"gold_loss":0},{"cards_removed":["Defend_G"],"damage_healed":0,"gold_gain":0,"player_choice":"Offered Basic","damage_taken":0,"max_hp_gain":0,"max_hp_loss":0,"event_name":"Bonfire Elementals","floor":20,"gold_loss":0},{"damage_healed":0,"gold_gain":0,"player_choice":"Inject Mutagens","damage_taken":0,"relics_obtained":["MutagenicStrength"],"max_hp_gain":0,"max_hp_loss":0,"event_name":"Drug Dealer","floor":22,"gold_loss":0},{"damage_healed":0,"gold_gain":100,"player_choice":"Pray","damage_taken":0,"max_hp_gain":0,"max_hp_loss":0,"event_name":"Golden Shrine","floor":37,"gold_loss":0}],"is_beta":false,"boss_relics":[{"not_picked":["Astrolabe","Ectoplasm"],"picked":"Cursed Key"},{"not_picked":["Busted Crown","Calling Bell"],"picked":"Ring of the Serpent"}],"items_purged_floors":[4,19,27],"is_endless":false,"potions_floor_spawned":[7,13,16,18,24,30,33,35,36],"killed_by":"Sphere and 2 Shapes","ascension_level":1}}