{"host":"utqe55yv0jihe4d6","time":1608155995,"event":{"mods":["2.2 Compatiblity","AchievementEnabler","BaseMod","Block Reminder","Colored Map","Colored Powertips","Minty Spire (QoL Compilation)","Quick Restart","Rare Cards Sparkle","Relic Stats","SuperFastMode"],"gold_per_floor":[11,11,11,11,30,30,64,87,114,114,114,137,62,62,62,158,158,122,122,122,142,166,166,12,12,12],"floor_reached":25,"playtime":770,"items_purged":["Strike_G","Strike_G"],"score":398,"play_id":"66a63ca0-fc35-43ba-b90c-6304e696203d","local_time":"20201216165955","is_ascension_mode":true,"campfire_choices":[{"data":"Quick Slash","floor":6,"key":"SMITH"},{"floor":11,"key":"REST"},{"data":"Deadly Poison","floor":15,"key":"SMITH"},{"floor":23,"key":"REST"}],"circlet_count":0,"master_deck":["AscendersBane","Strike_G","Strike_G+1","Defend_G","Defend_G","Defend_G+1","Defend_G+1","Defend_G+1","Survivor","Neutralize+1","Quick Slash+1","PiercingWail","Poisoned Stab","Blade Dance","Deadly Poison+1","Flechettes","Envenom","CurseOfTheBell","Escape Plan+1","PiercingWail","PiercingWail"],"relics":["Ring of the Snake","Golden Idol","Nunchaku","Vajra","Dream Catcher","Calling Bell","War Paint","Singing Bowl","Unceasing Top"],"acts_visited":["Exordium","TheCity"],"potions_floor_usage":[7,16,21,25,25],"damage_taken":[{"damage":0,"enemies":"Jaw Worm","floor":1,"turns":7},{"damage":0,"enemies":"Small Slimes","floor":5,"turns":3},{"damage":20,"enemies":"3 Sentries","floor":7,"turns":8},{"damage":0,"enemies":"2 Louse","floor":8,"turns":3},{"damage":6,"enemies":"2 Fungi Beasts","floor":12,"turns":3},{"damage":17,"enemies":"The Guardian","floor":16,"turns":10},{"damage":14,"enemies":"2 Thieves","floor":18,"turns":5},{"damage":4,"enemies":"3 Byrds","floor":21,"turns":6},{"damage":34,"enemies":"Snake Plant","floor":22,"turns":5},{"damage":29,"enemies":"Book of Stabbing","floor":25,"turns":4}],"seed_played":"-2248647469896353313","potions_obtained":[{"floor":5,"key":"Strength Potion"},{"floor":7,"key":"Fire Potion"},{"floor":12,"key":"Energy Potion"},{"floor":18,"key":"EssenceOfSteel"}],"is_trial":false,"path_per_floor":["M","?","?","?","M","R","E","M","T","?","R","M","$","$","R","B",null,"M","?","?","M","M","R","$","E"],"character_chosen":"THE_SILENT","items_purchased":["SkillPotion"],"campfire_rested":2,"item_purchase_floors":[24],"current_hp_per_floor":[71,71,50,50,50,50,30,30,30,19,40,34,34,34,34,17,58,46,46,46,42,8,29,29,0,0],"gold":12,"neow_bonus":"TWENTY_PERCENT_HP_BONUS","is_daily":false,"chose_seed":false,"campfire_upgraded":2,"win_rate":0.0,"timestamp":1608155995,"path_taken":["M","?","?","?","M","R","E","M","T","?","R","M","?","$","R","BOSS","M","?","?","M","M","R","$","E"],"items_purchased_type":["Potion"],"build_version":"2020-12-13","purchased_purges":2,"victory":false,"max_hp_per_floor":[78,71,71,71,71,71,71,71,71,71,71,71,71,71,71,71,71,73,73,73,73,73,73,73,73,73],"relic_stats":{"Nunchaku":[6],"Dream Catcher":2,"Singing Bowl":2,"counters":[10,54],"Golden Idol":54,"War Paint":["Defend_G","Defend_G"],"obtain_stats":[{"Calling Bell":17,"Nunchaku":7,"Dream Catcher":10,"Singing Bowl":17,"Golden Idol":2,"Vajra":9,"War Paint":17,"Unceasing Top":17,"Ring of the Snake":0},{"Calling Bell":6,"Nunchaku":3,"Dream Catcher":4,"Singing Bowl":6,"Golden Idol":1,"Vajra":4,"War Paint":6,"Unceasing Top":6,"Ring of the Snake":0},{"Calling Bell":34,"Nunchaku":18,"Dream Catcher":21,"Singing Bowl":34,"Golden Idol":7,"Vajra":21,"War Paint":34,"Unceasing Top":34,"Ring of the Snake":0}],"Unceasing Top":[0],"Ring of the Snake":[20]},"card_choices":[{"not_picked":["Setup","Riddle With Holes"],"picked":"Quick Slash","floor":1},{"not_picked":["Bane","Riddle With Holes"],"picked":"PiercingWail","floor":5},{"not_picked":["Well Laid Plans","Expertise"],"picked":"Poisoned Stab","floor":7},{"not_picked":["Underhanded Strike","Sucker Punch"],"picked":"Blade Dance","floor":8},{"not_picked":["Dagger Throw","Slice"],"picked":"Deadly Poison","floor":11},{"not_picked":["Escape Plan","Caltrops"],"picked":"Flechettes","floor":12},{"not_picked":["Doppelganger","Night Terror"],"picked":"Envenom","floor":16},{"not_picked":["Distraction","Dagger Throw","Prepared+1"],"picked":"Singing Bowl","floor":18},{"not_picked":["Well Laid Plans","Dodge and Roll"],"picked":"Escape Plan+1","floor":21},{"not_picked":["Quick Slash","Flechettes"],"picked":"PiercingWail","floor":22},{"not_picked":["Slice","Outmaneuver+1"],"picked":"PiercingWail","floor":23}],"player_experience":2770149,"relics_obtained":[{"floor":7,"key":"Nunchaku"},{"floor":9,"key":"Vajra"},{"floor":17,"key":"War Paint"},{"floor":17,"key":"Singing Bowl"},{"floor":17,"key":"Unceasing Top"}],"event_choices":[{"damage_healed":0,"gold_gain":0,"player_choice":"Lose Max HP","damage_taken":0,"relics_obtained":["Golden Idol"],"max_hp_gain":0,"max_hp_loss":7,"event_name":"Golden Idol","floor":2,"gold_loss":0},{"damage_healed":0,"gold_gain":0,"player_choice":"Entered Light","damage_taken":21,"max_hp_gain":0,"max_hp_loss":0,"event_name":"Shining Light","floor":3,"gold_loss":0,"cards_upgraded":["Defend_G","Strike_G"]},{"damage_healed":0,"gold_gain":0,"player_choice":"Grow","damage_taken":0,"max_hp_gain":0,"max_hp_loss":0,"event_name":"Living Wall","floor":4,"gold_loss":0,"cards_upgraded":["Neutralize"]},{"damage_healed":0,"gold_gain":0,"player_choice":"Success","damage_taken":11,"relics_obtained":["Dream Catcher"],"max_hp_gain":0,"max_hp_loss":0,"event_name":"Scrap Ooze","floor":10,"gold_loss":0},{"cards_removed":["Strike_G"],"damage_healed":0,"gold_gain":0,"player_choice":"Elegance","damage_taken":0,"max_hp_gain":0,"max_hp_loss":0,"event_name":"Back to Basics","floor":19,"gold_loss":0},{"damage_healed":0,"gold_gain":0,"player_choice":"Ignored","damage_taken":0,"max_hp_gain":0,"max_hp_loss":0,"event_name":"The Mausoleum","floor":20,"gold_loss":0}],"is_beta":false,"boss_relics":[{"not_picked":["Ring of the Serpent","Pandora\u0027s Box"],"picked":"Calling Bell"}],"items_purged_floors":[13,24],"is_endless":false,"potions_floor_spawned":[5,7,12,18],"killed_by":"Book of Stabbing","ascension_level":20}}