{"host":"p084pgp93u1tv48k","time":1608156499,"event":{"mods":["AchievementEnabler","BaseMod","Bestiary","Colored Map","Hermit","Minty Spire (QoL Compilation)","Quick Restart","StSLib"],"gold_per_floor":[117,135,151,167,183,213,228,228,228,283,283,318,318,332,332,431,431,445,27,39,0,11,11,43,58,58,58,58],"floor_reached":27,"playtime":1144,"items_purged":["Writhe"],"score":247,"play_id":"25d415c5-da1a-48cc-9cda-cc7019a9c7e5","local_time":"20201216173819","is_ascension_mode":false,"campfire_choices":[{"data":"hermit:Maintenance","floor":8,"key":"SMITH"},{"data":"hermit:Determination","floor":13,"key":"SMITH"},{"data":"hermit:Combo","floor":15,"key":"SMITH"},{"data":"hermit:EyeOfTheStorm","floor":23,"key":"SMITH"}],"circlet_count":0,"master_deck":["hermit:Strike_Hermit","hermit:Strike_Hermit","hermit:Strike_Hermit","hermit:Strike_Hermit","hermit:Defend_Hermit","hermit:Defend_Hermit","hermit:Defend_Hermit","hermit:Defend_Hermit","hermit:Snapshot","hermit:Covet","hermit:Desperado","hermit:Quickdraw","hermit:Maintenance+1","hermit:Snipe","hermit:EyeOfTheStorm+1","hermit:Deadeye","Decay","hermit:Determination+1","hermit:Combo+1","hermit:HoleUp","hermit:Desperado","hermit:Combo+1","Decay"],"relics":["Cursed Key","hermit:Spyglass","hermit:RyeStalk","Pen Nib","StoneCalendar","Runic Pyramid","Mercury Hourglass","Blood Vial","Bag of Preparation"],"acts_visited":["Exordium","TheCity"],"potions_floor_usage":[6,6,16,25,25,27],"damage_taken":[{"damage":0,"enemies":"Cultist","floor":1,"turns":3},{"damage":6,"enemies":"Jaw Worm","floor":2,"turns":3},{"damage":0,"enemies":"2 Louse","floor":3,"turns":2},{"damage":8,"enemies":"Exordium Thugs","floor":4,"turns":4},{"damage":0,"enemies":"2 Fungi Beasts","floor":5,"turns":2},{"damage":19,"enemies":"3 Sentries","floor":6,"turns":8},{"damage":3,"enemies":"Exordium Wildlife","floor":7,"turns":3},{"damage":6,"enemies":"Lagavulin","floor":12,"turns":5},{"damage":5,"enemies":"Blue Slaver","floor":14,"turns":3},{"damage":27,"enemies":"The Guardian","floor":16,"turns":8},{"damage":27,"enemies":"2 Thieves","floor":18,"turns":3},{"damage":6,"enemies":"3 Byrds","floor":20,"turns":4},{"damage":0,"enemies":"Snecko","floor":22,"turns":3},{"damage":21,"enemies":"Gremlin Leader","floor":24,"turns":4},{"damage":27,"enemies":"3 Cultists","floor":25,"turns":5},{"damage":27,"enemies":"Book of Stabbing","floor":27,"turns":4}],"seed_played":"-4612074617461853495","potions_obtained":[{"floor":2,"key":"FairyPotion"},{"floor":4,"key":"Swift Potion"},{"floor":5,"key":"Fire Potion"},{"floor":12,"key":"Energy Potion"},{"floor":14,"key":"GamblersBrew"},{"floor":18,"key":"Swift Potion"},{"floor":25,"key":"Block Potion"}],"is_trial":false,"path_per_floor":["M","M","M","M","M","E","M","R","T","T","?","E","R","M","R","B",null,"M","$","M","?","M","R","E","M","T","E"],"character_chosen":"HERMIT","items_purchased":["Mercury Hourglass","hermit:HoleUp","hermit:Desperado"],"campfire_rested":0,"item_purchase_floors":[19,19,19],"current_hp_per_floor":[75,69,69,61,61,42,39,39,39,39,39,33,33,28,28,1,75,48,48,42,42,42,42,21,22,22,0,0],"gold":58,"neow_bonus":"BOSS_RELIC","is_daily":false,"chose_seed":false,"campfire_upgraded":4,"win_rate":0.0,"timestamp":1608156499,"path_taken":["M","M","M","M","M","E","M","R","T","?","?","E","R","M","R","BOSS","M","$","M","?","M","R","E","M","T","E"],"items_purchased_type":["Relic","Card","Card"],"build_version":"2020-12-13","purchased_purges":1,"victory":false,"max_hp_per_floor":[75,75,75,75,75,75,75,75,75,75,75,75,75,75,75,75,75,75,75,75,75,75,75,75,75,75,75,75],"card_choices":[{"not_picked":["hermit:Glare","hermit:HoleUp"],"picked":"hermit:Desperado","floor":1},{"not_picked":["hermit:TrackingShot","hermit:Misfire"],"picked":"hermit:Quickdraw","floor":2},{"not_picked":["hermit:TrackingShot","hermit:Dive"],"picked":"hermit:Maintenance","floor":3},{"not_picked":["hermit:Virtue","hermit:Headshot"],"picked":"hermit:Snipe","floor":4},{"not_picked":["hermit:GhostlyPresence","hermit:CalledShot"],"picked":"hermit:EyeOfTheStorm","floor":5},{"not_picked":["hermit:Vantage","hermit:BigShot"],"picked":"hermit:Deadeye","floor":6},{"not_picked":["hermit:FatalDesire","hermit:NoHoldsBarred","hermit:Glare"],"picked":"SKIP","floor":7},{"not_picked":["hermit:Grudge","hermit:SprayPray","hermit:HighCaliber"],"picked":"SKIP","floor":12},{"not_picked":["hermit:CalledShot","hermit:Feint"],"picked":"hermit:Combo","floor":14},{"not_picked":["hermit:TrackingShot","hermit:Feint+1","hermit:BodyArmor"],"picked":"SKIP","floor":18},{"not_picked":["hermit:BodyArmor+1","hermit:Coalescence"],"picked":"hermit:Combo+1","floor":20},{"not_picked":["hermit:ShadowCloak","hermit:Roulette","hermit:Dive"],"picked":"SKIP","floor":22},{"not_picked":["hermit:Grudge","hermit:Horror","hermit:TakeAim"],"picked":"SKIP","floor":24},{"not_picked":["hermit:Virtue","hermit:BodyArmor","hermit:Desperado"],"picked":"SKIP","floor":25}],"player_experience":144661,"relics_obtained":[{"floor":6,"key":"hermit:Spyglass"},{"floor":9,"key":"hermit:RyeStalk"},{"floor":10,"key":"Pen Nib"},{"floor":12,"key":"StoneCalendar"},{"floor":24,"key":"Blood Vial"},{"floor":26,"key":"Bag of Preparation"}],"event_choices":[{"damage_healed":0,"gold_gain":0,"player_choice":"1 cards matched","damage_taken":0,"max_hp_gain":0,"max_hp_loss":0,"event_name":"Match and Keep!","floor":11,"gold_loss":0,"cards_obtained":["hermit:Determination"]},{"damage_healed":0,"gold_gain":0,"player_choice":"Paid Fearfully","damage_taken":0,"max_hp_gain":0,"max_hp_loss":0,"event_name":"Masked Bandits","floor":21,"gold_loss":39}],"is_beta":false,"boss_relics":[{"not_picked":["Tiny House","Runic Dome"],"picked":"Runic Pyramid"}],"items_purged_floors":[19],"is_endless":false,"potions_floor_spawned":[2,4,5,12,14,18,22,24,25],"killed_by":"Book of Stabbing","ascension_level":0}}