{"host":"svdrdpvpxtppvaze","time":1608139521,"event":{"mods":["AchievementEnabler","Bard","BaseMod","BetterRewards","Colored Powertips","Downfall","Infinite Spire","Marisa????????","Minty Spire (QoL Compilation)","Quick Restart","Rare Cards Sparkle","Replay The Spire","Shop Mod","StSLib"],"gold_per_floor":[118,118,128,138,150,183,109,109,186,197,209,227,145,17,17,112,112,122,78,78,109,124,124,151,151,176,176,190,245,265,285,285,381,381,401,412,431,447,467,467,500,500,500,514,527,540,540,540],"floor_reached":47,"playtime":2243,"items_purged":[],"score":485,"play_id":"7d20de6f-376b-4dbc-93d7-7532d1b3f5fe","local_time":"20201216232521","is_ascension_mode":false,"campfire_choices":[{"data":"bard:Blink","floor":8.0,"key":"SMITH"},{"data":"bard:SixFourTime","floor":8.0,"key":"SMITH"},{"data":"bard:Doot","floor":15.0,"key":"SMITH"},{"data":"bard:ThickOfTheFight","floor":15.0,"key":"SMITH"},{"data":"bard:Sonata","floor":23.0,"key":"SMITH"},{"data":"bard:Encore","floor":23.0,"key":"SMITH"},{"data":"1","floor":27.0,"key":"LIFT"},{"data":"2","floor":32,"key":"LIFT"},{"floor":40,"key":"REST"},{"data":"bard:SixFourTime","floor":42,"key":"SMITH"},{"data":"bard:DervishDance","floor":42,"key":"SMITH"}],"circlet_count":0,"master_deck":["bard:Strike","bard:Strike","bard:Strike","bard:Defend","bard:Defend","bard:Defend","bard:Defend","bard:Riposte","bard:Inspire","bard:ThickOfTheFight+1","bard:DervishDance+1","bard:SixFourTime+1","bard:ViciousMockery","bard:Blink+1","bard:PhantasmalForce","bard:FirstStrike","bard:Encore+1","bard:LingeringEcho","bard:Doot+1","bard:Sift+1","bard:Sonata+1","bard:SixFourTime+1","bard:Heroism","bard:SixFourTime+1","Parasite","bard:Demoralize+1","bard:Doot+1"],"relics":["bard:PitchPipe","bard:BagPipes","ClockworkSouvenir","Pantograph","Girya","Replay:Arrowhead","Replay:Bottled Flurry","Blue Doll","Busted Crown","Red Mask","Meat on the Bone","Pen Nib","Black Star","Kunai","ReplayTheSpireMod:Shallot","Question Card"],"acts_visited":["Exordium","TheCity","TheBeyond"],"potions_floor_usage":[47],"damage_taken":[{"damage":0.0,"enemies":"Jaw Worm","floor":1.0,"turns":3.0},{"damage":2.0,"enemies":"infinitespire:Voidling","floor":3.0,"turns":3.0},{"damage":1.0,"enemies":"Cultist","floor":4.0,"turns":3.0},{"damage":0.0,"enemies":"2 Fungi Beasts","floor":5.0,"turns":2.0},{"damage":9.0,"enemies":"3 Sentries","floor":6.0,"turns":4.0},{"damage":1.0,"enemies":"Exordium Thugs","floor":10.0,"turns":2.0},{"damage":0.0,"enemies":"Looter","floor":11.0,"turns":3.0},{"damage":2.0,"enemies":"Large Slime","floor":12.0,"turns":4.0},{"damage":37.0,"enemies":"Slime Boss","floor":16.0,"turns":9.0},{"damage":0.0,"enemies":"Chosen","floor":18.0,"turns":4.0},{"damage":0.0,"enemies":"Masked Bandits","floor":21.0,"turns":1.0},{"damage":4.0,"enemies":"2 Thieves","floor":22.0,"turns":4.0},{"damage":41.0,"enemies":"Book of Stabbing","floor":24.0,"turns":7.0},{"damage":15.0,"enemies":"Centurion and Healer","floor":28.0,"turns":4.0},{"damage":12.0,"enemies":"Shelled Parasite and Fungi","floor":30.0,"turns":3.0},{"damage":3.0,"enemies":"Chosen and Byrds","floor":31.0,"turns":4.0},{"damage":24,"enemies":"Champ","floor":33,"turns":13},{"damage":22,"enemies":"3 Darklings","floor":35,"turns":4},{"damage":2,"enemies":"Orb Walker","floor":36,"turns":5},{"damage":29,"enemies":"Transient","floor":37,"turns":5},{"damage":43,"enemies":"Sphere and 2 Shapes","floor":38,"turns":6},{"damage":62,"enemies":"4 Shapes","floor":39,"turns":7},{"damage":10,"enemies":"R_Hoarder","floor":41,"turns":13},{"damage":11,"enemies":"Writhing Mass","floor":44,"turns":5},{"damage":0,"enemies":"Spire Growth","floor":45,"turns":4},{"damage":25,"enemies":"4 Shapes","floor":46,"turns":6},{"damage":27,"enemies":"Transient","floor":47,"turns":5}],"seed_played":"8996954257362183697","potions_obtained":[{"floor":6.0,"key":"BlessingOfTheForge"},{"floor":11.0,"key":"EssenceOfSteel"},{"floor":21.0,"key":"Adrenaline Potion"},{"floor":22.0,"key":"FairyPotion"},{"floor":24.0,"key":"Weak Potion"},{"floor":29.0,"key":"Doom Potion"},{"floor":44,"key":"LifebloodPotion"},{"floor":45,"key":"Energy Potion"}],"is_trial":false,"path_per_floor":["M","?","M","M","M","E","$","R","T","M","M","M","?","$","R","B",null,"M","$","?","?","M","R","E","?","T","R","M","?","M","M","R","B",null,"M","M","M","M","M","R","E","R","T","M","M","M","M"],"character_chosen":"BARD","items_purchased":["ClockworkSouvenir","Pantograph","bard:ThickOfTheFight","bard:DervishDance","bard:Encore","bard:Sift+1","FairyPotion","bard:SixFourTime+1"],"campfire_rested":1,"item_purchase_floors":[0,0,0,0,7,14,14,19],"current_hp_per_floor":[49,49,47,46,46,37,37,37,37,36,36,34,34,34,34,22,70,70,70,70,70,66,66,25,70,70,70,55,38,38,47,47,46,70,48,46,29,19,13,34,36,36,36,37,37,24,0,0],"gold":540,"neow_bonus":"","is_daily":false,"chose_seed":false,"campfire_upgraded":8,"win_rate":0.0,"timestamp":1608139521,"path_taken":["M","?","M","M","?","E","$","R","T","M","M","?","?","?","R","BOSS","M","$","?","?","M","R","E","?","T","R","?","?","M","M","R","BOSS","M","M","M","M","M","R","E","R","T","M","M","M","M"],"items_purchased_type":["Relic","Relic","Card","Card","Card","Card","Potion","Card"],"build_version":"2020-12-13","purchased_purges":0,"victory":false,"max_hp_per_floor":[70,70,70,70,70,70,70,70,70,70,70,70,70,70,70,70,70,70,70,70,70,70,70,70,70,70,70,70,70,70,70,70,70,70,70,70,70,70,70,70,70,70,70,70,70,70,70,70],"card_choices":[{"not_picked":["bard:HideousLaughter","bard:FeastOnFear"],"picked":"bard:SixFourTime","floor":1.0},{"not_picked":["bard:CuttingWords","bard:StudiedStrike"],"picked":"bard:ViciousMockery","floor":3.0},{"not_picked":["bard:DiscordantVoice","bard:Gamble"],"picked":"bard:Blink","floor":4.0},{"not_picked":["bard:LingeringPerformance","bard:StudiedStrike"],"picked":"bard:PhantasmalForce","floor":5.0},{"not_picked":["bard:Haste","bard:HideousLaughter"],"picked":"bard:FirstStrike","floor":6.0},{"not_picked":["bard:FaerieFire","bard:Doot"],"picked":"bard:DervishDance","floor":10.0},{"not_picked":["bard:TinyHut","bard:ViciousMockery"],"picked":"bard:LingeringEcho","floor":11.0},{"not_picked":["bard:Parry","bard:TinyHut"],"picked":"bard:Doot","floor":12.0},{"not_picked":["bard:FingerOfDeath","bard:Shifting"],"picked":"bard:Sonata","floor":16.0},{"not_picked":["bard:SongBolt"],"picked":"SKIP","floor":18.0},{"not_picked":["bard:PhantasmalForce"],"picked":"SKIP","floor":22.0},{"not_picked":[],"picked":"bard:Heroism","floor":24.0},{"not_picked":["bard:Solo"],"picked":"SKIP","floor":28.0},{"not_picked":["bard:StudiedStrike"],"picked":"SKIP","floor":30.0},{"not_picked":["bard:CuttingWords"],"picked":"SKIP","floor":31.0},{"not_picked":["bard:Thunderwave"],"picked":"SKIP","floor":35},{"not_picked":[],"picked":"bard:SixFourTime","floor":36},{"not_picked":["bard:EchoEcho+1"],"picked":"SKIP","floor":37},{"not_picked":["bard:FeastOnFear"],"picked":"SKIP","floor":38},{"not_picked":["bard:OffKey"],"picked":"SKIP","floor":39},{"not_picked":["bard:QuickSong"],"picked":"SKIP","floor":41},{"not_picked":["bard:FeastOnFear+1"],"picked":"bard:Demoralize+1","floor":44},{"not_picked":["bard:Parry","bard:Solo"],"picked":"SKIP","floor":45},{"not_picked":["bard:ThickOfTheFight"],"picked":"bard:Doot+1","floor":46}],"player_experience":17135,"relics_obtained":[{"floor":6.0,"key":"Replay:Arrowhead"},{"floor":9.0,"key":"Replay:Bottled Flurry"},{"floor":21.0,"key":"Red Mask"},{"floor":24.0,"key":"Meat on the Bone"},{"floor":29.0,"key":"Pen Nib"},{"floor":41,"key":"Kunai"},{"floor":41,"key":"ReplayTheSpireMod:Shallot"},{"floor":43,"key":"Question Card"}],"event_choices":[{"cards_removed":["bard:Strike"],"damage_healed":0.0,"max_hp_gain":0.0,"max_hp_loss":0.0,"gold_gain":0.0,"event_name":"Purifier","player_choice":"Purged","floor":2.0,"gold_loss":0.0,"damage_taken":0.0},{"damage_healed":0.0,"max_hp_gain":0.0,"max_hp_loss":0.0,"gold_gain":0.0,"event_name":"WeMeetAgain","player_choice":"Paid Gold","floor":13.0,"gold_loss":82.0,"damage_taken":0.0,"relics_obtained":["Blue Doll"]},{"damage_healed":0.0,"max_hp_gain":0.0,"max_hp_loss":0.0,"gold_gain":0.0,"event_name":"Masked Bandits","player_choice":"Fought Bandits","floor":21.0,"gold_loss":0.0,"damage_taken":0.0},{"cards_removed":["bard:DervishDance"],"damage_healed":45.0,"max_hp_gain":0.0,"max_hp_loss":0.0,"gold_gain":0.0,"event_name":"Bonfire Elementals","player_choice":"Offered Uncommon","floor":25.0,"gold_loss":0.0,"damage_taken":0.0}],"is_beta":false,"boss_relics":[{"not_picked":["SacredBark","ChewingGum"],"picked":"Busted Crown"},{"not_picked":["bard:DeepVero","Replay:Wanted Poster"],"picked":"Black Star"}],"items_purged_floors":[],"is_endless":false,"potions_floor_spawned":[6,11,21,22,24,28,33,37,38,44,45],"killed_by":"Transient","ascension_level":0}}