{"host":"a7kkotolxcg5vljr","time":1608144463,"event":{"mods":["2.2 Compatiblity","AchievementEnabler","Act Like it!","BaseMod","Better Altar","Better Skull","Better Third Choice","Colored Map","Colored Powertips","Downfall","Hermit","Highlight Path","Marisa????????","Minty Spire (QoL Compilation)","Quick Restart","Rare Cards Sparkle","Replay The Spire","Spicy Shops","StSLib","The Cursed","The Disciple","The Servant 0.9.4"],"gold_per_floor":[119,45,121,23,36,36,62,62,62,77,77,105,105,105,105,204,204,218,218,235,235,235,262,262,272,272,288,288,213,225,250,250,351,351,365,376,58,183,183,214,214,226,226,237,287,332,332,352,352,352,352,352,11,42,42,42],"floor_reached":55,"playtime":1922,"items_purged":["Guardian:Aged","ReplayTheSpireMod:Doomed"],"score":743,"play_id":"06aa6efc-7d5c-4977-baa2-78af6b1635f8","local_time":"20201216134743","is_ascension_mode":false,"campfire_choices":[{"floor":6,"key":"RECALL"},{"data":"Rampage","floor":8,"key":"SMITH"},{"data":"1","floor":11,"key":"LIFT"},{"data":"2","floor":15,"key":"LIFT"},{"data":"3","floor":24,"key":"LIFT"},{"floor":32,"key":"REST"},{"data":"Berserk","floor":41,"key":"SMITH"},{"floor":49,"key":"REST"},{"data":"Battle Trance","floor":52,"key":"SMITH"}],"circlet_count":0,"master_deck":["Strike_R+1","Strike_R","Strike_R","Strike_R","Strike_R","Defend_R","Defend_R","Defend_R","Defend_R","Bash","Shrug It Off+1","Battle Trance+1","Rampage","Rampage+1","Disarm","Reaper","Perfected Strike","Spot Weakness","Self Repair+1","Berserk+1","Seeing Red+1","Shrug It Off","Amnesia","Combust","Fire Breathing","Double Tap+1","Headbutt+1","Barricade+1","Cleave+1","Perfected Strike","Mind Blast+1","Sickly","Whirlwind","Thunderclap+1","Spreading Infection","Metallicize","Headbutt+1","ReplayTheSpireMod:Limb From Limb+1","Looming Evil","Metamorphosis+1","Normality","Replay:Undeath\u0027s Touch+1"],"relics":["NeowsBlessing","Guide Book","Toy Ornithopter","ReplayTheSpireMod:Ninjato","Girya","Mercury Hourglass","Iron Core","Cursed Key","ReplayTheSpireMod:Ring of Collecting","Ring of Searing","Golden Egg","MutagenicStrength","Replay:Bottled Eggs","ReplayTheSpireMod:Ring of Addiction","SacredBark","Potion Belt","Kunai","ReplayTheSpireMod:Spearhead","Replay:Bronze Core","Charon\u0027s Ashes","Ring of Greed","Replay:Bottled Flurry","Tiny Chest","Blue Doll","Oddly Smooth Stone","ReplayTheSpireMod:Ring of Exchange","Nunchaku","Champion Belt","Unceasing Top","Ring of Misfortune","Bag of Preparation","Replay:Baseball"],"acts_visited":["Exordium","TheCity","TheBeyond","TheEnding"],"potions_floor_usage":[12,12,23,27,31,31,33,33,36,39],"damage_taken":[{"damage":0,"enemies":"Small Slimes","floor":1,"turns":1},{"damage":0,"enemies":"Cultist","floor":5,"turns":1},{"damage":0,"enemies":"Gremlin Nob","floor":7,"turns":1},{"damage":1,"enemies":"2 Louse","floor":10,"turns":3},{"damage":19,"enemies":"3 Sentries","floor":12,"turns":8},{"damage":54,"enemies":"Hexaghost","floor":16,"turns":8},{"damage":0,"enemies":"Spheric Guardian","floor":18,"turns":3},{"damage":11,"enemies":"Chosen","floor":20,"turns":3},{"damage":48,"enemies":"Slavers","floor":23,"turns":6},{"damage":15,"enemies":"3 Cultists","floor":25,"turns":4},{"damage":14,"enemies":"Snake Plant","floor":27,"turns":2},{"damage":20,"enemies":"Chosen and Byrds","floor":30,"turns":5},{"damage":48,"enemies":"Book of Stabbing","floor":31,"turns":4},{"damage":22,"enemies":"Automaton","floor":33,"turns":6},{"damage":12,"enemies":"3 Shapes","floor":35,"turns":3},{"damage":19,"enemies":"3 Darklings","floor":36,"turns":3},{"damage":0,"enemies":"4 Shapes","floor":39,"turns":1},{"damage":46,"enemies":"Reptomancer","floor":40,"turns":4},{"damage":42,"enemies":"Jaw Worm Horde","floor":42,"turns":4},{"damage":7,"enemies":"Sphere and 2 Shapes","floor":44,"turns":2},{"damage":36,"enemies":"Mind Bloom Boss Battle","floor":45,"turns":5},{"damage":11,"enemies":"2 Orb Walkers","floor":46,"turns":3},{"damage":1,"enemies":"4 Shapes","floor":48,"turns":2},{"damage":41,"enemies":"Replay:Hell Engine","floor":50,"turns":6},{"damage":40,"enemies":"Shield and Spear","floor":54,"turns":3},{"damage":51,"enemies":"The Heart","floor":55,"turns":3}],"seed_played":"1046688304460903616","potions_obtained":[{"floor":5,"key":"EssenceOfSteel"},{"floor":7,"key":"Dexterity Potion"},{"floor":20,"key":"Energy Potion"},{"floor":25,"key":"SmokeBomb"},{"floor":26,"key":"ColorlessPotion"},{"floor":26,"key":"SpeedPotion"},{"floor":26,"key":"Fire Potion"},{"floor":27,"key":"Swift Potion"},{"floor":30,"key":"SteroidPotion"},{"floor":35,"key":"Strength Potion"}],"is_trial":false,"path_per_floor":["M","$","?","$","M","R","E","R","T","M","R","E","$","?","R","B",null,"M","?","M","?","?","E","R","M","T","M","T","?","M","E","R","B",null,"M","M","$","T","M","E","R","M","T","M","?","?","T","M","R","B",null,"R","$","E","B"],"character_chosen":"IRONCLAD","items_purchased":["Guide Book","Rampage","Mind Blast","Charon\u0027s Ashes","Metamorphosis"],"campfire_rested":2,"item_purchase_floors":[2,4,37,37,53],"current_hp_per_floor":[80,80,80,80,80,80,80,80,80,80,80,77,77,77,77,33,80,80,80,80,80,80,53,53,62,62,53,53,53,53,40,63,61,78,76,78,78,78,78,59,59,54,54,57,31,34,34,43,64,45,72,70,70,47,0,0],"gold":42,"neow_bonus":"THREE_ENEMY_KILL","is_daily":false,"chose_seed":false,"campfire_upgraded":3,"win_rate":0.0,"timestamp":1608144463,"path_taken":["M","$","?","$","M","R","E","R","T","M","R","E","?","?","R","BOSS","M","?","M","?","?","E","R","M","T","M","?","?","?","E","R","BOSS","M","M","$","?","?","E","R","M","T","M","?","?","?","M","R","BOSS","R","$","E","BOSS"],"items_purchased_type":["Relic","Card","Card","Relic","Card"],"build_version":"2020-12-13","purchased_purges":2,"victory":false,"max_hp_per_floor":[80,80,80,80,80,80,80,80,80,80,80,80,80,80,80,80,80,80,80,80,80,80,80,80,80,80,80,80,80,80,78,78,78,78,78,78,78,78,78,78,78,78,76,76,76,74,74,74,72,72,72,70,70,70,68,68],"card_choices":[{"not_picked":["Headbutt","Warcry"],"picked":"Shrug It Off","floor":1},{"not_picked":["Pummel","Armaments"],"picked":"Battle Trance","floor":3},{"not_picked":["Cleave","Anger"],"picked":"Rampage","floor":3},{"not_picked":["Wild Strike","Anger"],"picked":"Disarm","floor":5},{"not_picked":["Burning Pact","Feel No Pain"],"picked":"Reaper","floor":7},{"not_picked":["Searing Blow","Twin Strike"],"picked":"Perfected Strike","floor":10},{"not_picked":["Combust","Disarm"],"picked":"Spot Weakness","floor":12},{"not_picked":["Immolate","Replay:Many Hands"],"picked":"Berserk","floor":16},{"not_picked":["Combust","Run Through"],"picked":"Seeing Red","floor":18},{"not_picked":["Run Through","Cleave"],"picked":"Shrug It Off","floor":20},{"not_picked":["Sever Soul","Run Through+1","Twin Strike"],"picked":"SKIP","floor":23},{"not_picked":["Havoc+1","Wild Strike"],"picked":"Combust","floor":25},{"not_picked":["Body Slam","Iron Wave"],"picked":"Fire Breathing","floor":27},{"not_picked":["ReplayTheSpireMod:Stacked","Havoc"],"picked":"Double Tap","floor":30},{"not_picked":["Combust","Clothesline"],"picked":"Headbutt+1","floor":31},{"not_picked":["Reaper","Bludgeon"],"picked":"Barricade","floor":33},{"not_picked":["Shrug It Off","Flex"],"picked":"Cleave+1","floor":35},{"not_picked":["Shockwave","True Grit+1"],"picked":"Perfected Strike","floor":36},{"not_picked":["Shockwave","Anger"],"picked":"Whirlwind","floor":40},{"not_picked":["Wild Strike+1","Havoc"],"picked":"Thunderclap+1","floor":42},{"not_picked":["Iron Wave","Pommel Strike"],"picked":"Metallicize","floor":44},{"not_picked":["Bludgeon","Second Wind+1"],"picked":"Headbutt+1","floor":45},{"not_picked":["ReplayTheSpireMod:Strike From Hell+1","Feel No Pain"],"picked":"ReplayTheSpireMod:Limb From Limb+1","floor":46},{"not_picked":["Sever Soul","Searing Blow+1","Shockwave"],"picked":"SKIP","floor":48},{"not_picked":["Wild Strike+1","Twin Strike"],"picked":"Replay:Undeath\u0027s Touch+1","floor":54}],"player_experience":325549,"relics_obtained":[{"floor":3,"key":"Toy Ornithopter"},{"floor":7,"key":"ReplayTheSpireMod:Ninjato"},{"floor":9,"key":"Girya"},{"floor":12,"key":"Mercury Hourglass"},{"floor":19,"key":"ReplayTheSpireMod:Ring of Collecting"},{"floor":19,"key":"Ring of Searing"},{"floor":23,"key":"Replay:Bottled Eggs"},{"floor":26,"key":"ReplayTheSpireMod:Ring of Addiction"},{"floor":26,"key":"SacredBark"},{"floor":26,"key":"Potion Belt"},{"floor":28,"key":"Kunai"},{"floor":31,"key":"ReplayTheSpireMod:Spearhead"},{"floor":38,"key":"Ring of Greed"},{"floor":38,"key":"Replay:Bottled Flurry"},{"floor":38,"key":"Tiny Chest"},{"floor":38,"key":"Blue Doll"},{"floor":40,"key":"Oddly Smooth Stone"},{"floor":43,"key":"ReplayTheSpireMod:Ring of Exchange"},{"floor":43,"key":"Nunchaku"},{"floor":45,"key":"Champion Belt"},{"floor":46,"key":"Unceasing Top"},{"floor":47,"key":"Ring of Misfortune"},{"floor":47,"key":"Bag of Preparation"},{"floor":54,"key":"Replay:Baseball"}],"event_choices":[{"damage_healed":0,"gold_gain":0,"player_choice":"Inject Mutagens","damage_taken":0,"relics_obtained":["MutagenicStrength"],"max_hp_gain":0,"max_hp_loss":0,"event_name":"Drug Dealer","floor":22,"gold_loss":0},{"cards_removed":["Normality"],"damage_healed":0,"gold_gain":0,"player_choice":"Gave Gold","damage_taken":0,"max_hp_gain":0,"max_hp_loss":0,"event_name":"Beggar","floor":29,"gold_loss":75},{"damage_healed":0,"gold_gain":0,"player_choice":"Fight","damage_taken":0,"max_hp_gain":0,"max_hp_loss":0,"event_name":"MindBloom","floor":45,"gold_loss":0},{"damage_healed":0,"gold_gain":0,"player_choice":"Fight","damage_taken":0,"max_hp_gain":0,"max_hp_loss":0,"event_name":"Mysterious Sphere","floor":46,"gold_loss":0}],"is_beta":false,"boss_relics":[{"not_picked":["Kintsugi","Velvet Choker"],"picked":"Cursed Key"},{"not_picked":["Tiny House","Ooze Armor"],"picked":"Replay:Bronze Core"}],"items_purged_floors":[37,53],"is_endless":false,"potions_floor_spawned":[5,7,20,25,27,30,35,39],"killed_by":"The Heart","ascension_level":0}}