{"host":"cxlfijb3ipw68228","time":1608082881,"event":{"mods":["2.2 Compatiblity","AchievementEnabler","Aspiration","BaseMod","Better Altar","Better Note","Better Sensory Stone","Better Skull","Better Third Choice","BetterRewards","CCEM","Colored Map","Conspire","Downfall","Halation","Highlight Path","Hubris","Minty Spire (QoL Compilation)","StSLib","The Servant 0.9.4"],"gold_per_floor":[99,99,109,109,129,147,174,174,186,186,286,305,1090,169,186,186,186],"floor_reached":16,"playtime":1426,"items_purged":["Regret","champ:Defend"],"score":92,"play_id":"55c267b6-8e19-4f2f-9372-9147f38bce24","local_time":"20201215204121","is_ascension_mode":false,"campfire_choices":[{"data":"champ:Taunt","floor":1,"key":"SMITH"},{"data":"champ:TornadoPunch","floor":4,"key":"SMITH"},{"data":"champ:CalledShot","floor":10,"key":"SMITH"}],"circlet_count":0,"master_deck":["champ:Strike+1","champ:Strike","champ:Strike","champ:Strike","champ:Defend+1","champ:Defend","champ:Defend+1","champ:Execute","champ:Taunt+1","champ:TornadoPunch+1","champ:BladeFlurry","champ:CalledShot+1","champ:Encircle","champ:BringItOn","champ:RecklessLeap","champ:Haymaker","champ:ShieldWall","champ:Circumvent+1","expansioncontent:DashGenerateEvil","Discovery+1","champ:LastStand","champ:FlashCut","champ:EndlessRage"],"relics":["champ:ChampionCrown","Bronze Scales","Potion Belt","aspiration:StickyExplosives_weak","Kunai","Frozen Eye","Vajra","War Paint"],"acts_visited":["Exordium"],"potions_floor_usage":[11,11,13,14,14,14,16,16,16],"damage_taken":[{"damage":13,"enemies":"Jaw Worm","floor":3,"turns":4},{"damage":10,"enemies":"Cultist","floor":5,"turns":4},{"damage":4,"enemies":"Small Slimes","floor":6,"turns":3},{"damage":8,"enemies":"3 Louse","floor":9,"turns":4},{"damage":74,"enemies":"downfall:LadyInBlue","floor":11,"turns":8},{"damage":23,"enemies":"Red Slaver","floor":12,"turns":3},{"damage":8,"enemies":"downfall:FleeingMerchant","floor":13,"turns":4},{"damage":0,"enemies":"downfall:FleeingMerchant","floor":14,"turns":4},{"damage":1,"enemies":"2 Fungi Beasts","floor":15,"turns":3},{"damage":18,"enemies":"downfall:Ironclad","floor":16,"turns":6}],"seed_played":"2426471223649792342","potions_obtained":[{"floor":3,"key":"ColorlessPotion"},{"floor":5,"key":"Explosive Potion"},{"floor":11,"key":"BlessingOfTheForge"},{"floor":11,"key":"champ:OpenerPotion"},{"floor":11,"key":"sneckomod:MuddlingPotion"}],"is_trial":false,"path_per_floor":["R","?","M","R","M","M","T","?","M","R","?","M","$","$","M","B"],"character_chosen":"THE_CHAMP","items_purchased":["aspiration:StickyExplosives_weak","Kunai","LiquidBronze","DistilledChaos","SteroidPotion","champ:ShieldWall","champ:Circumvent","expansioncontent:DashGenerateEvil","Discovery","Energy Potion","Dexterity Potion","SkillPotion","Frozen Eye","Vajra","War Paint","champ:LastStand","champ:FlashCut"],"campfire_rested":0,"item_purchase_floors":[13,13,13,13,13,13,13,13,13,14,14,14,14,14,14,14,14],"current_hp_per_floor":[99,99,96,96,91,87,87,87,82,82,32,19,16,16,15,0,0],"gold":186,"neow_bonus":"TEN_PERCENT_HP_BONUS","is_daily":false,"chose_seed":false,"campfire_upgraded":3,"win_rate":0.0,"timestamp":1608082881,"path_taken":["R","?","M","R","M","?","T","?","M","R","?","?","$","$","M","BOSS"],"items_purchased_type":["Relic","Relic","Potion","Potion","Potion","Card","Card","Card","Card","Potion","Potion","Potion","Relic","Relic","Relic","Card","Card"],"build_version":"2020-12-13","purchased_purges":2,"victory":false,"max_hp_per_floor":[99,99,99,99,99,99,99,99,99,99,99,99,99,99,99,99,99],"card_choices":[{"not_picked":["champ:FocusedBerserking","champ:ArenaPreparation"],"picked":"champ:TornadoPunch","floor":3},{"not_picked":["champ:PreciseThrust","champ:GladiatorsShout"],"picked":"champ:BladeFlurry","floor":5},{"not_picked":["champ:FlashCut","champ:AdrenalArmor"],"picked":"champ:CalledShot","floor":6},{"not_picked":["champ:BladeFlurry","champ:Lariat"],"picked":"champ:Encircle","floor":9},{"not_picked":["champ:Haymaker","champ:CrownThrow"],"picked":"champ:BringItOn","floor":11},{"not_picked":["champ:ViciousMockery","champ:HeartStrike"],"picked":"champ:RecklessLeap","floor":12},{"not_picked":["champ:PerfectedStrike","champ:BringItOn"],"picked":"champ:Haymaker","floor":13},{"not_picked":["champ:BerserkersShout","champ:BladeFlurry","champ:TornadoPunch"],"picked":"SKIP","floor":14},{"not_picked":["champ:Riposte","champ:CrookedStrike"],"picked":"champ:EndlessRage","floor":15}],"player_experience":519074,"relics_obtained":[{"floor":7,"key":"Bronze Scales"},{"floor":11,"key":"Potion Belt"}],"event_choices":[{"cards_removed":["champ:Taunt"],"damage_healed":0,"gold_gain":0,"player_choice":"Give","damage_taken":0,"max_hp_gain":0,"max_hp_loss":0,"event_name":"betterNote:BetterNote","floor":2,"gold_loss":0,"cards_obtained":["None"]}],"is_beta":false,"boss_relics":[],"items_purged_floors":[13,14],"is_endless":false,"potions_floor_spawned":[3,5,15],"killed_by":"downfall:Ironclad","ascension_level":0}}