{"host":"q5vpntglr38zhb0c","time":1608119534,"event":{"mods":["BaseMod","Colored Map","DeckTracker","Keyboard Shortcuts","Minty Spire (QoL Compilation)","Permanent Neow","StSLib","SuperFastMode","everything is the same but u backflip on backflip"],"gold_per_floor":[113,113,113,133,152,152,152,172,172,172,192,202,202,232,232,310,310,323,2,16,66,85,119,119,119,119,19,38,38,66,66,66,143,143,160,178,178,53,0,0,34,45,45,65,65,90,100,120,120,120,120,120,120,0,31,31],"floor_reached":57,"playtime":1274,"items_purged":["Strike_R","Strike_R","Defend_R","Defend_R+1"],"score":3279,"play_id":"6b7c1f23-ac41-4e83-8370-1952781edc14","local_time":"20201216205214","is_ascension_mode":true,"campfire_choices":[{"data":"Carnage","floor":7.0,"key":"SMITH"},{"floor":10.0,"key":"REST"},{"data":"Bash","floor":13.0,"key":"SMITH"},{"floor":15.0,"key":"RECALL"},{"floor":25.0,"key":"REST"},{"data":"Barricade","floor":32.0,"key":"SMITH"},{"data":"Body Slam","floor":40.0,"key":"SMITH"},{"data":"Burning Pact","floor":45.0,"key":"SMITH"},{"data":"Offering","floor":49.0,"key":"SMITH"},{"data":"Defend_R","floor":53.0,"key":"SMITH"}],"circlet_count":0,"master_deck":["AscendersBane","Defend_R+1","Shrug It Off+1","Barricade+1","Body Slam+1","Burning Pact+1","Shrug It Off+1","Offering+1","Disarm"],"relics":["Burning Blood","Self Forming Clay","StoneCalendar","Sozu","Lee\u0027s Waffle","PreservedInsect","Calipers","Oddly Smooth Stone","Empty Cage","Red Mask","The Courier","Bag of Preparation","Singing Bowl","War Paint"],"acts_visited":["Exordium","TheCity","TheBeyond","TheEnding"],"potions_floor_usage":[],"damage_taken":[{"damage":9.0,"enemies":"Jaw Worm","floor":1.0,"turns":7.0},{"damage":0.0,"enemies":"2 Louse","floor":4.0,"turns":4.0},{"damage":4.0,"enemies":"Small Slimes","floor":5.0,"turns":3.0},{"damage":25.0,"enemies":"Exordium Thugs","floor":8.0,"turns":4.0},{"damage":12.0,"enemies":"Lots of Slimes","floor":11.0,"turns":5.0},{"damage":0.0,"enemies":"3 Louse","floor":12.0,"turns":4.0},{"damage":31.0,"enemies":"Lagavulin","floor":14.0,"turns":6.0},{"damage":14.0,"enemies":"Hexaghost","floor":16.0,"turns":8.0},{"damage":31.0,"enemies":"Chosen","floor":18.0,"turns":6.0},{"damage":20.0,"enemies":"3 Byrds","floor":20.0,"turns":5.0},{"damage":14.0,"enemies":"Centurion and Healer","floor":22.0,"turns":7.0},{"damage":57.0,"enemies":"Slavers","floor":23.0,"turns":7.0},{"damage":1.0,"enemies":"Snake Plant","floor":28.0,"turns":6.0},{"damage":5.0,"enemies":"Book of Stabbing","floor":30.0,"turns":4.0},{"damage":0.0,"enemies":"Collector","floor":33.0,"turns":10.0},{"damage":17.0,"enemies":"3 Darklings","floor":35.0,"turns":7.0},{"damage":6.0,"enemies":"Orb Walker","floor":36.0,"turns":3.0},{"damage":6.0,"enemies":"Reptomancer","floor":41.0,"turns":3.0},{"damage":6.0,"enemies":"Maw","floor":42.0,"turns":5.0},{"damage":6.0,"enemies":"Writhing Mass","floor":44.0,"turns":3.0},{"damage":6.0,"enemies":"Nemesis","floor":46.0,"turns":5.0},{"damage":6.0,"enemies":"Jaw Worm Horde","floor":47.0,"turns":2.0},{"damage":6.0,"enemies":"3 Darklings","floor":48.0,"turns":2.0},{"damage":6.0,"enemies":"Donu and Deca","floor":50.0,"turns":5.0},{"damage":6.0,"enemies":"Awakened One","floor":51.0,"turns":7.0},{"damage":6.0,"enemies":"Shield and Spear","floor":55.0,"turns":4.0},{"damage":77,"enemies":"The Heart","floor":56,"turns":12}],"seed_played":"-3525039701647425320","potions_obtained":[{"floor":4.0,"key":"SkillPotion"},{"floor":8.0,"key":"LiquidMemories"},{"floor":14.0,"key":"Swift Potion"}],"is_trial":false,"path_per_floor":["M","?","?","M","M","?","R","M","T","R","M","M","R","E","R","B",null,"M","$","M","?","M","E","?","R","T","$","M","?","E","?","R","B",null,"M","M","?","$","?","R","E","M","T","M","R","E","M","M","R","B","B",null,"R","$","E","B",null],"character_chosen":"IRONCLAD","items_purchased":["Lee\u0027s Waffle","Burning Pact"],"campfire_rested":2,"item_purchase_floors":[19,19],"current_hp_per_floor":[47,24,24,30,32,37,37,18,18,42,36,42,42,17,17,9,62,37,87,73,73,65,14,14,40,40,40,45,20,21,21,21,27,76,65,65,65,65,65,65,65,65,65,65,65,67,69,71,71,71,71,91,91,91,91,20],"gold":31,"neow_bonus":"REMOVE_TWO","is_daily":false,"chose_seed":false,"campfire_upgraded":7,"win_rate":0.0,"timestamp":1608119534,"path_taken":["M","?","?","?","M","?","R","M","T","R","M","M","R","E","R","BOSS","M","$","M","?","?","E","?","R","T","$","?","?","E","?","R","BOSS","M","M","?","$","?","R","E","M","T","M","R","E","M","M","R","BOSS","BOSS","R","$","E","BOSS"],"items_purchased_type":["Relic","Card"],"build_version":"2020-12-13","purchased_purges":4,"victory":true,"max_hp_per_floor":[75,75,75,75,75,80,80,80,80,80,80,80,80,80,80,80,80,80,87,87,87,87,87,87,87,87,87,87,92,92,92,92,92,92,92,92,92,92,92,92,92,92,92,92,92,94,96,98,98,98,98,98,98,98,98,98],"card_choices":[{"not_picked":["Warcry","Metallicize"],"picked":"Shrug It Off","floor":1.0},{"not_picked":["Armaments","Wild Strike"],"picked":"Carnage","floor":4.0},{"not_picked":["Exhume","Thunderclap","Perfected Strike"],"picked":"SKIP","floor":5.0},{"not_picked":["Twin Strike","Rage","Heavy Blade"],"picked":"SKIP","floor":8.0},{"not_picked":["Corruption","Clothesline","Wild Strike"],"picked":"SKIP","floor":11.0},{"not_picked":["Dual Wield","Perfected Strike","Dark Embrace"],"picked":"SKIP","floor":12.0},{"not_picked":["Thunderclap","Perfected Strike","Limit Break"],"picked":"SKIP","floor":14.0},{"not_picked":["Bludgeon","Feed"],"picked":"Barricade","floor":16.0},{"not_picked":["Heavy Blade","Seeing Red"],"picked":"Body Slam","floor":18.0},{"not_picked":["Cleave","Body Slam","Sword Boomerang"],"picked":"SKIP","floor":20.0},{"not_picked":["Intimidate","Iron Wave","Power Through"],"picked":"SKIP","floor":22.0},{"not_picked":["Demon Form","Rupture","Twin Strike"],"picked":"SKIP","floor":23.0},{"not_picked":["Shrug It Off","Iron Wave+1","Heavy Blade+1"],"picked":"SKIP","floor":28.0},{"not_picked":["Evolve","True Grit","Armaments"],"picked":"SKIP","floor":30.0},{"not_picked":["Bludgeon","Immolate"],"picked":"Offering","floor":33.0},{"not_picked":["Carnage","Cleave+1","Thunderclap+1"],"picked":"SKIP","floor":35.0},{"not_picked":["Clothesline","Body Slam","Twin Strike"],"picked":"SKIP","floor":36.0},{"not_picked":["Wild Strike","Berserk","Sword Boomerang"],"picked":"SKIP","floor":41.0},{"not_picked":["Clothesline","Heavy Blade","Cleave"],"picked":"SKIP","floor":42.0},{"not_picked":["Flex","Thunderclap","Searing Blow"],"picked":"SKIP","floor":44.0},{"not_picked":["Blood for Blood","Inflame+1","Barricade"],"picked":"Singing Bowl","floor":46.0},{"not_picked":["Seeing Red+1","Iron Wave+1","Rupture"],"picked":"Singing Bowl","floor":47.0},{"not_picked":["Clothesline","Infernal Blade","Perfected Strike"],"picked":"Singing Bowl","floor":48.0},{"not_picked":["Wild Strike","Heavy Blade"],"picked":"Disarm","floor":55.0}],"player_experience":1297391,"relics_obtained":[{"floor":9.0,"key":"Self Forming Clay"},{"floor":14.0,"key":"StoneCalendar"},{"floor":23.0,"key":"PreservedInsect"},{"floor":30.0,"key":"Calipers"},{"floor":31.0,"key":"Oddly Smooth Stone"},{"floor":41.0,"key":"The Courier"},{"floor":43.0,"key":"Bag of Preparation"},{"floor":46.0,"key":"Singing Bowl"},{"floor":55.0,"key":"War Paint"}],"event_choices":[{"damage_healed":0.0,"max_hp_gain":0.0,"max_hp_loss":0.0,"gold_gain":0.0,"event_name":"Shining Light","player_choice":"Entered Light","floor":2.0,"gold_loss":0.0,"damage_taken":23.0,"cards_upgraded":["Defend_R","Shrug It Off"]},{"cards_removed":["Strike_R"],"damage_healed":0.0,"max_hp_gain":0.0,"max_hp_loss":0.0,"gold_gain":0.0,"event_name":"Living Wall","player_choice":"Forget","floor":3.0,"gold_loss":0.0,"damage_taken":0.0},{"damage_healed":0.0,"max_hp_gain":5.0,"max_hp_loss":0.0,"gold_gain":0.0,"event_name":"Big Fish","player_choice":"Donut","floor":6.0,"gold_loss":0.0,"damage_taken":0.0},{"damage_healed":0.0,"max_hp_gain":0.0,"max_hp_loss":0.0,"gold_gain":50.0,"event_name":"Golden Shrine","player_choice":"Pray","floor":21.0,"gold_loss":0.0,"damage_taken":0.0},{"damage_healed":0.0,"max_hp_gain":0.0,"max_hp_loss":0.0,"gold_gain":0.0,"event_name":"Duplicator","player_choice":"Copied","floor":24.0,"gold_loss":0.0,"damage_taken":0.0,"cards_obtained":["Shrug It Off"]},{"damage_healed":0.0,"max_hp_gain":5.0,"max_hp_loss":0.0,"gold_gain":0.0,"event_name":"Forgotten Altar","player_choice":"Shed Blood","floor":29.0,"gold_loss":0.0,"damage_taken":30.0},{"damage_healed":0.0,"max_hp_gain":0.0,"max_hp_loss":0.0,"gold_gain":0.0,"event_name":"Wheel of Change","player_choice":"Relic","floor":31.0,"gold_loss":0.0,"damage_taken":0.0},{"cards_removed":["Carnage"],"damage_healed":0.0,"max_hp_gain":0.0,"max_hp_loss":0.0,"gold_gain":0.0,"event_name":"Falling","player_choice":"Removed Attack","floor":37.0,"gold_loss":0.0,"damage_taken":0.0},{"damage_healed":0.0,"max_hp_gain":0.0,"max_hp_loss":0.0,"gold_gain":0.0,"event_name":"Tomb of Lord Red Mask","player_choice":"Paid","floor":39.0,"gold_loss":53.0,"damage_taken":0.0,"relics_obtained":["Red Mask"]}],"is_beta":false,"boss_relics":[{"not_picked":["Runic Cube","SlaversCollar"],"picked":"Sozu"},{"not_picked":["SacredBark","Tiny House"],"picked":"Empty Cage"}],"items_purged_floors":[19,27,38,54],"is_endless":false,"potions_floor_spawned":[4,8,11,14,18,22,28,35,36,41,47],"ascension_level":20}}