{"host":"y89x8uui45kcjy42","time":1608092843,"event":{"mods":["2.2 Compatiblity","BaseMod","CapriCore","Colored Map","Colored Powertips","Custom Start","Friendly Minions","Highlight Path","Keyboard Shortcuts","Minty Spire (QoL Compilation)","Relic Stats","Slay the Relics Exporter","StSLib","SuperFastMode","Waifu the Spire"],"gold_per_floor":[118,134,145,162,87,87,87,87,163,163,188,208,208,235,235,312,312,329,58,74,87,103,136,136,167,193,193,219,219,219,235,235,308,308,326,372,386,413,426,426,426,426,426,459,459,476,509,63,63,63,63,63,63,80,113,113],"floor_reached":57,"playtime":1780,"items_purged":["Strike_B","Strike_B","Defend_B"],"score":3156,"play_id":"9bb54e8c-9790-4fb1-9cf9-54e48809fcc8","local_time":"20201216132723","is_ascension_mode":true,"campfire_choices":[{"data":"Defragment","floor":6,"key":"SMITH"},{"data":"Zap","floor":8,"key":"SMITH"},{"data":"Coolheaded","floor":13,"key":"SMITH"},{"data":"Dualcast","floor":15,"key":"SMITH"},{"data":"Biased Cognition","floor":24,"key":"SMITH"},{"data":"Blizzard","floor":27,"key":"SMITH"},{"data":"Loop","floor":30,"key":"SMITH"},{"data":"Defragment","floor":32,"key":"SMITH"},{"floor":40,"key":"RECALL"},{"data":"Loop","floor":42,"key":"SMITH"},{"data":"Capacitor","floor":49,"key":"SMITH"},{"data":"Coolheaded","floor":53,"key":"SMITH"}],"circlet_count":0,"master_deck":["AscendersBane","Zap+1","Dualcast+1","Genetic Algorithm+1","Defragment+1","Sweeping Beam","Ball Lightning","Coolheaded+1","Biased Cognition+1","Loop+1","Blizzard+1","Coolheaded+1","Capacitor+1","Defragment+1","Cold Snap","Loop+1","Defragment+1","Echo Form"],"relics":["Cracked Core","Ring of the Snake","Burning Blood","PureWater","Singing Bowl","Tiny Chest","Orichalcum","Coffee Dripper","ClockworkSouvenir","Kunai","Bronze Scales","PreservedInsect","Shuriken","Inserter","Unceasing Top","Incense Burner","Strawberry","Bottled Lightning","Bag of Marbles","DollysMirror","Potion Belt","Membership Card","Symbiotic Virus"],"acts_visited":["Exordium","TheCity","TheBeyond","TheEnding"],"potions_floor_usage":[3,11,18,28,33,36,56,56,56,56],"damage_taken":[{"damage":1,"enemies":"Cultist","floor":1,"turns":3},{"damage":4,"enemies":"Small Slimes","floor":2,"turns":3},{"damage":2,"enemies":"2 Louse","floor":3,"turns":3},{"damage":7,"enemies":"Lots of Slimes","floor":4,"turns":2},{"damage":10,"enemies":"3 Sentries","floor":11,"turns":4},{"damage":2,"enemies":"Exordium Thugs","floor":12,"turns":3},{"damage":4,"enemies":"Gremlin Nob","floor":14,"turns":3},{"damage":35,"enemies":"Hexaghost","floor":16,"turns":8},{"damage":12,"enemies":"2 Thieves","floor":18,"turns":3},{"damage":7,"enemies":"Shell Parasite","floor":20,"turns":3},{"damage":0,"enemies":"Snake Plant","floor":21,"turns":3},{"damage":0,"enemies":"Centurion and Healer","floor":22,"turns":3},{"damage":11,"enemies":"Slavers","floor":23,"turns":5},{"damage":0,"enemies":"Gremlin Leader","floor":25,"turns":5},{"damage":10,"enemies":"Slavers","floor":28,"turns":3},{"damage":3,"enemies":"Shelled Parasite and Fungi","floor":31,"turns":4},{"damage":0,"enemies":"Collector","floor":33,"turns":6},{"damage":0,"enemies":"3 Shapes","floor":35,"turns":3},{"damage":26,"enemies":"2 Orb Walkers","floor":36,"turns":5},{"damage":0,"enemies":"3 Darklings","floor":37,"turns":4},{"damage":10,"enemies":"Transient","floor":39,"turns":6},{"damage":0,"enemies":"Reptomancer","floor":44,"turns":4},{"damage":9,"enemies":"Sphere and 2 Shapes","floor":46,"turns":4},{"damage":0,"enemies":"Nemesis","floor":47,"turns":3},{"damage":0,"enemies":"Time Eater","floor":50,"turns":8},{"damage":31,"enemies":"Awakened One","floor":51,"turns":11},{"damage":33,"enemies":"Shield and Spear","floor":55,"turns":6},{"damage":103,"enemies":"The Heart","floor":56,"turns":8}],"seed_played":"6652843052566524063","potions_obtained":[{"floor":2,"key":"Fire Potion"},{"floor":4,"key":"FearPotion"},{"floor":10,"key":"SpeedPotion"},{"floor":11,"key":"SpeedPotion"},{"floor":21,"key":"LiquidMemories"},{"floor":25,"key":"Swift Potion"},{"floor":28,"key":"EntropicBrew"}],"is_trial":false,"path_per_floor":["M","M","M","M","$","R","?","R","T","?","E","M","R","E","R","B",null,"M","$","M","M","M","E","R","E","T","R","E","?","R","M","R","B",null,"M","?","M","T","M","R","?","R","T","E","T","M","E","$","R","B","B",null,"R","$","E","B",null],"character_chosen":"DEFECT","items_purchased":["Loop","Blizzard","Coolheaded","DollysMirror","FocusPotion","FocusPotion","Swift Potion","Membership Card","Echo Form","Dexterity Potion"],"campfire_rested":0,"item_purchase_floors":[19,19,19,48,48,48,48,54,54,54],"current_hp_per_floor":[64,64,64,63,63,63,63,63,63,63,59,65,65,68,68,39,61,57,57,58,66,74,71,71,77,77,77,75,75,75,78,78,82,82,84,64,70,70,68,68,68,68,68,83,83,82,90,90,90,96,71,92,92,92,67,22],"gold":113,"neow_bonus":"REMOVE_TWO","is_daily":false,"chose_seed":false,"campfire_upgraded":11,"win_rate":0.0,"timestamp":1608092843,"path_taken":["M","M","M","M","?","R","?","R","T","?","E","M","R","E","R","BOSS","M","$","?","M","M","E","R","E","T","R","E","?","R","M","R","BOSS","M","?","M","?","M","R","?","R","T","E","?","?","E","$","R","BOSS","BOSS","R","$","E","BOSS"],"items_purchased_type":["Card","Card","Card","Relic","Potion","Potion","Potion","Relic","Card","Potion"],"build_version":"2020-12-13","purchased_purges":3,"victory":true,"max_hp_per_floor":[64,64,64,64,64,64,64,64,64,64,64,66,66,68,68,68,68,70,70,72,74,76,78,78,78,78,78,80,80,80,80,80,82,82,84,84,84,84,86,86,86,86,86,95,95,97,99,99,99,99,99,99,99,99,101,101],"relic_stats":{"Inserter":[31],"Singing Bowl":30,"counters":[28,122],"PreservedInsect":232,"Orichalcum":[216],"Burning Blood":146,"Shuriken":[8],"Bronze Scales":[365],"Tiny Chest":1,"Kunai":[10],"obtain_stats":[{"Potion Belt":48,"Inserter":34,"Singing Bowl":9,"PreservedInsect":26,"Incense Burner":43,"Orichalcum":14,"Burning Blood":0,"ClockworkSouvenir":18,"Shuriken":28,"DollysMirror":48,"Bronze Scales":25,"Strawberry":44,"Tiny Chest":11,"Coffee Dripper":17,"Bag of Marbles":47,"Kunai":23,"Bottled Lightning":45,"Membership Card":54,"PureWater":0,"Cracked Core":0,"Symbiotic Virus":55,"Unceasing Top":36,"Ring of the Snake":0},{"Potion Belt":24,"Inserter":17,"Singing Bowl":4,"PreservedInsect":14,"Incense Burner":21,"Orichalcum":7,"Burning Blood":0,"ClockworkSouvenir":9,"Shuriken":15,"DollysMirror":24,"Bronze Scales":14,"Strawberry":22,"Tiny Chest":5,"Coffee Dripper":8,"Bag of Marbles":24,"Kunai":13,"Bottled Lightning":22,"Membership Card":26,"PureWater":0,"Cracked Core":0,"Symbiotic Virus":27,"Unceasing Top":19,"Ring of the Snake":0},{"Potion Belt":90,"Inserter":63,"Singing Bowl":11,"PreservedInsect":50,"Incense Burner":80,"Orichalcum":21,"Burning Blood":0,"ClockworkSouvenir":30,"Shuriken":53,"DollysMirror":90,"Bronze Scales":50,"Strawberry":84,"Tiny Chest":15,"Coffee Dripper":29,"Bag of Marbles":90,"Kunai":45,"Bottled Lightning":84,"Membership Card":109,"PureWater":0,"Cracked Core":0,"Symbiotic Virus":114,"Unceasing Top":70,"Ring of the Snake":0}],"Unceasing Top":[1],"Ring of the Snake":[56]},"card_choices":[{"not_picked":["Rebound","Ball Lightning"],"picked":"Genetic Algorithm","floor":1},{"not_picked":["Sweeping Beam","Glacier"],"picked":"Defragment","floor":2},{"not_picked":["Static Discharge","Beam Cell"],"picked":"Sweeping Beam","floor":3},{"not_picked":["Conserve Battery","Cold Snap"],"picked":"Ball Lightning","floor":4},{"not_picked":["White Noise","Reprogram"],"picked":"Coolheaded","floor":11},{"not_picked":["Lockon","Coolheaded","Conserve Battery"],"picked":"Singing Bowl","floor":12},{"not_picked":["Chill","Conserve Battery","Hologram"],"picked":"Singing Bowl","floor":14},{"not_picked":["Meteor Strike","Machine Learning"],"picked":"Biased Cognition","floor":16},{"not_picked":["Turbo","Lockon","Hologram"],"picked":"Singing Bowl","floor":18},{"not_picked":["Auto Shields","Conserve Battery+1","Melter+1"],"picked":"Singing Bowl","floor":20},{"not_picked":["Turbo","BootSequence+1","Reprogram"],"picked":"Singing Bowl","floor":21},{"not_picked":["White Noise","Streamline","Skim"],"picked":"Singing Bowl","floor":22},{"not_picked":["White Noise","Turbo","Streamline"],"picked":"Singing Bowl","floor":23},{"not_picked":["Rebound","Beam Cell"],"picked":"Capacitor","floor":25},{"not_picked":["Darkness","Meteor Strike","Gash+1"],"picked":"Singing Bowl","floor":28},{"not_picked":["Hologram","Fusion+1"],"picked":"Defragment","floor":31},{"not_picked":["Multi-Cast","Rainbow","All For One"],"picked":"Singing Bowl","floor":33},{"not_picked":["Aggregate","Stack","Sweeping Beam"],"picked":"Singing Bowl","floor":35},{"not_picked":["Blizzard","Ball Lightning"],"picked":"Cold Snap","floor":36},{"not_picked":["Static Discharge+1","Undo"],"picked":"Loop","floor":37},{"not_picked":["Stack","Compile Driver","FTL"],"picked":"Singing Bowl","floor":39},{"not_picked":["Conserve Battery","Leap","Go for the Eyes"],"picked":"Singing Bowl","floor":44},{"not_picked":["Darkness","Go for the Eyes","Chill"],"picked":"Singing Bowl","floor":46},{"not_picked":["Steam Power+1","Undo","Self Repair"],"picked":"Singing Bowl","floor":47},{"not_picked":["Aggregate+1","Gash","Reinforced Body+1"],"picked":"Singing Bowl","floor":55}],"player_experience":494508,"relics_obtained":[{"floor":9,"key":"Singing Bowl"},{"floor":11,"key":"Tiny Chest"},{"floor":14,"key":"Orichalcum"},{"floor":23,"key":"Kunai"},{"floor":25,"key":"Bronze Scales"},{"floor":26,"key":"PreservedInsect"},{"floor":28,"key":"Shuriken"},{"floor":36,"key":"Unceasing Top"},{"floor":43,"key":"Incense Burner"},{"floor":44,"key":"Strawberry"},{"floor":45,"key":"Bottled Lightning"},{"floor":47,"key":"Bag of Marbles"},{"floor":55,"key":"Symbiotic Virus"}],"event_choices":[{"damage_healed":0,"gold_gain":0,"player_choice":"Grow","damage_taken":0,"max_hp_gain":0,"max_hp_loss":0,"event_name":"Living Wall","floor":7,"gold_loss":0,"cards_upgraded":["Genetic Algorithm"]},{"damage_healed":0,"gold_gain":0,"player_choice":"Got Potions","damage_taken":0,"max_hp_gain":0,"max_hp_loss":0,"event_name":"Lab","floor":10,"gold_loss":0},{"damage_healed":0,"gold_gain":0,"player_choice":"Ignored","damage_taken":0,"max_hp_gain":0,"max_hp_loss":0,"event_name":"The Mausoleum","floor":29,"gold_loss":0},{"damage_healed":0,"gold_gain":0,"player_choice":"Fight","damage_taken":0,"max_hp_gain":0,"max_hp_loss":0,"event_name":"Mysterious Sphere","floor":36,"gold_loss":0},{"cards_removed":["Defend_B"],"damage_healed":0,"gold_gain":0,"player_choice":"Removed Skill","damage_taken":0,"max_hp_gain":0,"max_hp_loss":0,"event_name":"Falling","floor":41,"gold_loss":0}],"is_beta":false,"boss_relics":[{"not_picked":["Tiny House","Philosopher\u0027s Stone","Empty Cage"]},{"not_picked":["SlaversCollar","Velvet Choker","SacredBark"]}],"items_purged_floors":[5,19,48],"is_endless":false,"potions_floor_spawned":[2,4,11,16,21,25,28,31,44,47],"ascension_level":20}}