{"host":"y89x8uui45kcjy42","time":1608077297,"event":{"mods":["2.2 Compatiblity","BaseMod","CapriCore","Colored Map","Colored Powertips","Custom Start","Friendly Minions","Highlight Path","Keyboard Shortcuts","Minty Spire (QoL Compilation)","Relic Stats","Slay the Relics Exporter","StSLib","SuperFastMode","Waifu the Spire"],"gold_per_floor":[119,119,269,349,369,369,404,138,138,169,192,192,192,53,53,130,130,142,145,145,161,161,161,196,230,256,256,49,49,49,80,80,157,207,224,224,249,365,365,365,365,394,394,394,421,322,334,334,334,334,334,334,334,5,34,34],"floor_reached":57,"playtime":1610,"items_purged":["Doubt","Strike_G","Defend_G","Defend_G"],"score":3574,"play_id":"787feb81-3700-45e3-9386-4ade7afa2153","local_time":"20201216090817","is_ascension_mode":true,"campfire_choices":[{"data":"Envenom","floor":6,"key":"SMITH"},{"data":"Sadistic Nature","floor":12,"key":"SMITH"},{"data":"Crippling Poison","floor":13,"key":"SMITH"},{"data":"Neutralize","floor":15,"key":"SMITH"},{"data":"Envenom","floor":23,"key":"SMITH"},{"data":"Burst","floor":27,"key":"SMITH"},{"data":"Dash","floor":30,"key":"SMITH"},{"floor":32,"key":"RECALL"},{"data":"Caltrops","floor":40,"key":"SMITH"},{"data":"Backflip","floor":41,"key":"SMITH"},{"data":"Catalyst","floor":44,"key":"SMITH"},{"data":"Footwork","floor":49,"key":"SMITH"},{"data":"Survivor","floor":53,"key":"SMITH"}],"circlet_count":0,"master_deck":["Survivor+1","Neutralize+1","Envenom+1","Crippling Poison+1","After Image","Sadistic Nature+1","Catalyst+1","Envenom+1","Dash+1","Burst+1","Acrobatics+1","Crippling Poison+1","After Image","Backflip+1","Caltrops+1","Footwork+1","Caltrops","Purity","Malaise"],"relics":["SlaversCollar","Snake Skull","Paper Crane","The Specimen","Ninja Scroll","Tingsha","Tough Bandages","TwistedFunnel","Ring of the Serpent","WristBlade","HoveringKite","HornCleat","Question Card","Anchor","Akabeko","Odd Mushroom","SacredBark","Lantern","Necronomicon","Potion Belt","Meat on the Bone","Tiny House","Tough Bandages","Membership Card","WingedGreaves","Snake Skull","Ornamental Fan","Eternal Feather","TheAbacus","Bag of Marbles","Lee\u0027s Waffle","Boot"],"acts_visited":["Exordium","TheCity","TheBeyond","TheEnding"],"potions_floor_usage":[7,50,51,54,56,56,56,56],"damage_taken":[{"damage":0,"enemies":"Cultist","floor":1,"turns":2},{"damage":0,"enemies":"Small Slimes","floor":5,"turns":1},{"damage":0,"enemies":"Lagavulin","floor":7,"turns":3},{"damage":0,"enemies":"Gremlin Nob","floor":10,"turns":2},{"damage":0,"enemies":"The Mushroom Lair","floor":11,"turns":1},{"damage":0,"enemies":"Hexaghost","floor":16,"turns":3},{"damage":0,"enemies":"2 Thieves","floor":18,"turns":2},{"damage":0,"enemies":"Spheric Guardian","floor":21,"turns":3},{"damage":0,"enemies":"Book of Stabbing","floor":24,"turns":2},{"damage":0,"enemies":"Gremlin Leader","floor":25,"turns":2},{"damage":0,"enemies":"Slavers","floor":31,"turns":2},{"damage":0,"enemies":"Collector","floor":33,"turns":3},{"damage":2,"enemies":"3 Shapes","floor":35,"turns":2},{"damage":0,"enemies":"Mind Bloom Boss Battle","floor":37,"turns":4},{"damage":0,"enemies":"Nemesis","floor":42,"turns":3},{"damage":4,"enemies":"Reptomancer","floor":45,"turns":3},{"damage":0,"enemies":"Orb Walker","floor":47,"turns":3},{"damage":0,"enemies":"Donu and Deca","floor":50,"turns":4},{"damage":14,"enemies":"Awakened One","floor":51,"turns":10},{"damage":0,"enemies":"Shield and Spear","floor":55,"turns":2},{"damage":35,"enemies":"The Heart","floor":56,"turns":7}],"seed_played":"441479134314377066","potions_obtained":[{"floor":1,"key":"BlessingOfTheForge"},{"floor":7,"key":"Weak Potion"},{"floor":16,"key":"Strength Potion"},{"floor":34,"key":"GamblersBrew"},{"floor":35,"key":"Weak Potion"},{"floor":37,"key":"CunningPotion"}],"is_trial":false,"path_per_floor":["M","T","?","T","M","R","E","$","T","E","?","R","R","$","R","B",null,"M","$","?","M","?","R","E","E","T","R","$","?","R","E","R","B",null,"M","?","?","$","?","R","R","E","T","R","E","$","M","?","R","B","B",null,"R","$","E","B",null],"character_chosen":"THE_SILENT","items_purchased":["Sadistic Nature","Catalyst","Lantern","Acrobatics","Membership Card","Caltrops","Footwork","TheAbacus","Bag of Marbles","Fruit Juice","Ancient Potion","SpeedPotion","Lee\u0027s Waffle","Caltrops","Purity"],"campfire_rested":0,"item_purchase_floors":[8,14,19,28,38,38,46,46,54,54,54,54,54,54,54],"current_hp_per_floor":[59,59,59,59,59,59,59,59,59,59,59,59,59,59,59,59,64,64,64,64,64,43,43,43,43,43,43,43,43,43,43,43,43,65,63,63,63,63,63,63,63,63,63,63,59,59,59,59,68,68,54,67,71,88,88,53],"gold":34,"neow_bonus":"BOSS_RELIC","is_daily":false,"chose_seed":false,"campfire_upgraded":12,"win_rate":0.0,"timestamp":1608077297,"path_taken":["M","?","?","?","?","R","E","?","T","E","?","R","R","$","R","BOSS","M","$","?","M","?","R","E","E","T","R","$","?","R","E","R","BOSS","M","?","?","$","?","R","R","E","T","R","E","$","?","?","R","BOSS","BOSS","R","$","E","BOSS"],"items_purchased_type":["Card","Card","Relic","Card","Relic","Card","Card","Relic","Relic","Potion","Potion","Potion","Relic","Card","Card"],"build_version":"2020-12-13","purchased_purges":4,"victory":true,"max_hp_per_floor":[66,66,66,66,66,66,66,66,66,66,66,66,66,66,66,66,66,66,66,66,66,66,66,66,66,66,66,66,66,66,66,66,66,71,71,71,71,71,71,71,71,71,71,71,71,71,71,71,71,71,71,71,71,88,88,88],"relic_stats":{"Lee\u0027s Waffle":7,"counters":[21,64],"HoveringKite":[11],"Tingsha":[42],"Eternal Feather":13,"Snake Skull":[251],"Question Card":19,"Boot":[0],"Tough Bandages":[75],"TheAbacus":[144],"Ornamental Fan":[56],"Necronomicon":[19],"obtain_stats":[{"TwistedFunnel":0,"Lantern":19,"Tiny House":34,"SacredBark":17,"HoveringKite":0,"Snake Skull":0,"Boot":55,"Tough Bandages":0,"HornCleat":2,"TheAbacus":46,"WristBlade":0,"Ninja Scroll":0,"WingedGreaves":4,"Necronomicon":22,"Ring of the Snake":0,"Potion Belt":26,"Lee\u0027s Waffle":54,"The Specimen":0,"Tingsha":0,"Eternal Feather":45,"Omamori":22,"Paper Crane":0,"Odd Mushroom":11,"Question Card":4,"Akabeko":10,"SlaversCollar":0,"Anchor":7,"Ornamental Fan":43,"Bag of Marbles":54,"Membership Card":38,"Ring of the Serpent":0,"Meat on the Bone":31},{"TwistedFunnel":0,"Lantern":7,"Tiny House":12,"SacredBark":6,"HoveringKite":0,"Snake Skull":0,"Boot":20,"Tough Bandages":0,"HornCleat":1,"TheAbacus":16,"WristBlade":0,"Ninja Scroll":0,"WingedGreaves":1,"Necronomicon":8,"Ring of the Snake":0,"Potion Belt":10,"Lee\u0027s Waffle":19,"The Specimen":0,"Tingsha":0,"Eternal Feather":16,"Omamori":8,"Paper Crane":0,"Odd Mushroom":5,"Question Card":1,"Akabeko":4,"SlaversCollar":0,"Anchor":3,"Ornamental Fan":15,"Bag of Marbles":19,"Membership Card":14,"Ring of the Serpent":0,"Meat on the Bone":11},{"TwistedFunnel":0,"Lantern":14,"Tiny House":26,"SacredBark":12,"HoveringKite":0,"Snake Skull":0,"Boot":57,"Tough Bandages":0,"HornCleat":2,"TheAbacus":38,"WristBlade":0,"Ninja Scroll":0,"WingedGreaves":2,"Necronomicon":17,"Ring of the Snake":0,"Potion Belt":21,"Lee\u0027s Waffle":55,"The Specimen":0,"Tingsha":0,"Eternal Feather":38,"Omamori":17,"Paper Crane":0,"Odd Mushroom":9,"Question Card":2,"Akabeko":8,"SlaversCollar":0,"Anchor":6,"Ornamental Fan":35,"Bag of Marbles":55,"Membership Card":32,"Ring of the Serpent":0,"Meat on the Bone":23}],"Meat on the Bone":0},"card_choices":[{"not_picked":["Underhanded Strike","Caltrops"],"picked":"Crippling Poison","floor":1},{"not_picked":["Outmaneuver","Dodge and Roll","Escape Plan"],"picked":"Poisoned Stab","floor":5},{"not_picked":["Underhanded Strike","Poisoned Stab","Blade Dance"],"picked":"After Image","floor":7},{"not_picked":["Escape Plan","Deadly Poison","Sucker Punch","Slice"],"picked":"SKIP","floor":10},{"not_picked":["Bullet Time","Unload","Wraith Form v2"],"picked":"Envenom","floor":16},{"not_picked":["Setup","Prepared","Choke","Bane+1"],"picked":"SKIP","floor":18},{"not_picked":["Deflect","Dodge and Roll","Distraction"],"picked":"Dash","floor":21},{"not_picked":["Calculated Gamble","Deadly Poison","Setup"],"picked":"Burst","floor":24},{"not_picked":["Cloak And Dagger","Calculated Gamble","Deadly Poison","Sucker Punch+1"],"picked":"SKIP","floor":25},{"not_picked":["Cloak And Dagger","Calculated Gamble","Deadly Poison","Sucker Punch+1"],"picked":"SKIP","floor":25},{"not_picked":["Prepared","Flying Knee","All Out Attack","Night Terror"],"picked":"SKIP","floor":31},{"not_picked":["Tools of the Trade","Storm of Steel","A Thousand Cuts"],"picked":"After Image","floor":33},{"not_picked":["All Out Attack+1","Prepared","Quick Slash"],"picked":"Backflip","floor":34},{"not_picked":["Dodge and Roll","Riddle With Holes","Slice","Bane"],"picked":"SKIP","floor":35},{"not_picked":["PiercingWail","Escape Plan","Flying Knee","Flechettes"],"picked":"SKIP","floor":42},{"not_picked":["Poisoned Stab","Wraith Form v2","Blur+1","Backflip"],"picked":"SKIP","floor":45},{"not_picked":["Backflip","Endless Agony","Underhanded Strike+1","Dagger Throw"],"picked":"SKIP","floor":47},{"not_picked":["Distraction","Flechettes","Backflip+1"],"picked":"Malaise","floor":55}],"player_experience":492898,"relics_obtained":[{"floor":2,"key":"HornCleat"},{"floor":4,"key":"Question Card"},{"floor":7,"key":"Anchor"},{"floor":10,"key":"Akabeko"},{"floor":11,"key":"Odd Mushroom"},{"floor":22,"key":"Necronomicon"},{"floor":26,"key":"Potion Belt"},{"floor":31,"key":"Meat on the Bone"},{"floor":37,"key":"Tough Bandages"},{"floor":42,"key":"Snake Skull"},{"floor":43,"key":"Ornamental Fan"},{"floor":45,"key":"Eternal Feather"},{"floor":55,"key":"Boot"}],"event_choices":[{"damage_healed":0,"gold_gain":150,"player_choice":"AGREE","damage_taken":0,"max_hp_gain":0,"max_hp_loss":0,"event_name":"Liars Game","floor":3,"gold_loss":0,"cards_obtained":["Doubt"]},{"damage_healed":0,"gold_gain":0,"player_choice":"Fought Mushrooms","damage_taken":0,"max_hp_gain":0,"max_hp_loss":0,"event_name":"Mushrooms","floor":11,"gold_loss":0},{"cards_removed":["Strike_G"],"damage_healed":0,"gold_gain":0,"player_choice":"Elegance","damage_taken":0,"max_hp_gain":0,"max_hp_loss":0,"event_name":"Back to Basics","floor":20,"gold_loss":0},{"damage_healed":0,"gold_gain":0,"player_choice":"Obtained Book","damage_taken":21,"max_hp_gain":0,"max_hp_loss":0,"event_name":"Cursed Tome","floor":22,"gold_loss":0},{"damage_healed":0,"gold_gain":0,"player_choice":"Copied","damage_taken":0,"max_hp_gain":0,"max_hp_loss":0,"event_name":"Duplicator","floor":29,"gold_loss":0,"cards_obtained":["Crippling Poison"]},{"cards_removed":["Poisoned Stab"],"damage_healed":0,"gold_gain":0,"player_choice":"Removed Attack","damage_taken":0,"max_hp_gain":0,"max_hp_loss":0,"event_name":"Falling","floor":36,"gold_loss":0},{"damage_healed":0,"gold_gain":0,"player_choice":"Fight","damage_taken":0,"max_hp_gain":0,"max_hp_loss":0,"event_name":"MindBloom","floor":37,"gold_loss":0},{"damage_healed":0,"gold_gain":0,"player_choice":"Cursed","damage_taken":0,"max_hp_gain":0,"max_hp_loss":0,"event_name":"Wheel of Change","floor":39,"gold_loss":0,"cards_obtained":["Decay"]},{"damage_healed":0,"gold_gain":0,"player_choice":"Memory 1","damage_taken":0,"max_hp_gain":0,"max_hp_loss":0,"event_name":"SensoryStone","floor":48,"gold_loss":0}],"is_beta":false,"boss_relics":[{"not_picked":["Calling Bell","Empty Cage"],"picked":"SacredBark"},{"not_picked":["Pandora\u0027s Box","Fusion Hammer"],"picked":"Tiny House"}],"items_purged_floors":[8,14,19,28],"is_endless":false,"potions_floor_spawned":[1,7,16,18,21,35,37,42],"ascension_level":20}}