{"host":"j9rq22nraqsrbvz2","time":1608147859,"event":{"mods":["AchievementEnabler","Act Like it!","BaseMod","Bestiary","Better Note","Better Third Choice","BetterRewards","Colored Map","Colored Powertips","Conspire","Downfall","Friendly Minions","GifTheSpireLib","Googly Eyes","Gremlin Mod","Grow up Mod","Halation","Hallownest","Hermit","Hubris","Hunter ??","Kiyohime????","Lobotomy","LobotomyExtend","Minty Spire (QoL Compilation)","Relic Stats","Replay The Spire","Shop Mod","Spicy Shops","StSLib","Stuff the Spire","The Administrix","The Bug Knight","The Factory","The IronCluck","The Jungle","TheBandit"],"gold_per_floor":[113,113,127,127,146,286,286,306,306,306,317,421,771,783,795,912,924,952,964,989,23,23,23,23],"floor_reached":23,"playtime":2774,"items_purged":[],"score":309,"play_id":"60313d9d-33ff-4eb0-8a24-1ed667f7e587","local_time":"20201216144419","is_ascension_mode":true,"campfire_choices":[{"data":"Heavy Blade","floor":7,"key":"SMITH"},{"data":"Seeing Red","floor":10,"key":"SMITH"},{"floor":15,"key":"REST"}],"circlet_count":0,"master_deck":["Strike_R","Strike_R","Strike_R","Strike_R","Strike_R","Defend_R","Defend_R","Defend_R","Defend_R","Bash","Heavy Blade+1","OldLady","Anger","Regret","RedShoes","hubris:ReadiedAction","VoidDream","Seeing Red+1","HappyTeddy","Iron Wave","SpiderBud","Pommel Strike","Woodsman","Pommel Strike","Spreading Infection","CommonCold","StuffTheSpire:GnomedCurse","Bloodbath","Doubt","Bludgeon","Yin","ReplayReversal","Flex"],"relics":["Burning Blood","CogitoBucket","LetterFromLob","StuffTheSpire:HeavyRock","StuffTheSpire:TintedRock","Bird Faced Urn","Onion Ring","SkinProphecy","Replay:Accelerometer","Ring of Fury","Ring of Greed","Old Coin","MawBank","Replay:Multitool","Replay:Bronze Core","hubris:BottledHeart","HornCleat","Brimstone","halation:SelfBoilingWater","StuffTheSpire:GrapeVine","Chemical X"],"acts_visited":["Exordium","TheCity"],"potions_floor_usage":[16,16,16,20],"damage_taken":[{"damage":6,"enemies":"Cultist","floor":1,"turns":3},{"damage":0,"enemies":"2 Louse","floor":3,"turns":3},{"damage":3,"enemies":"Jaw Worm","floor":5,"turns":2},{"damage":18,"enemies":"Gremlin Nob","floor":6,"turns":3},{"damage":20,"enemies":"2 Fungi Beasts","floor":8,"turns":3},{"damage":21,"enemies":"Looter","floor":11,"turns":3},{"damage":26,"enemies":"Lagavulin","floor":12,"turns":5},{"damage":47,"enemies":"The Guardian","floor":16,"turns":6},{"damage":2,"enemies":"Spheric Guardian","floor":18,"turns":3},{"damage":0,"enemies":"Shell Parasite","floor":20,"turns":5},{"damage":0,"enemies":"Slavers","floor":23,"turns":6}],"seed_played":"1925025257654017161","potions_obtained":[{"floor":3,"key":"champ:CounterPotion"},{"floor":8,"key":"Languid Potion"},{"floor":12,"key":"FearPotion"},{"floor":18,"key":"Swift Potion"}],"is_trial":false,"path_per_floor":["M","?","M","?","M","E","R","M","T","R","M","E","?","T","R","B",null,"M","?","M","$","?","E"],"character_chosen":"IRONCLAD","items_purchased":["HornCleat","Brimstone","halation:SelfBoilingWater","StuffTheSpire:GrapeVine","Chemical X"],"campfire_rested":1,"item_purchase_floors":[21,21,21,21,21],"current_hp_per_floor":[100,110,120,130,140,138,148,144,154,164,159,145,155,165,242,213,264,276,11,23,33,43,0,0],"gold":23,"neow_bonus":"","is_daily":false,"chose_seed":false,"campfire_upgraded":2,"win_rate":0.0,"timestamp":1608147859,"path_taken":["M","?","?","?","M","E","R","M","T","R","M","E","?","?","R","BOSS","M","?","M","$","?","E"],"items_purchased_type":["Relic","Relic","Relic","Relic","Relic"],"build_version":"2020-12-13","purchased_purges":0,"victory":false,"max_hp_per_floor":[100,110,120,130,140,150,160,170,180,190,200,212,222,232,242,254,264,276,11,23,33,43,45,45],"relic_stats":{"counters":[12,43],"Bird Faced Urn":[0],"Chemical X":[1],"MawBank":96,"obtain_stats":[{"StuffTheSpire:TintedRock":4,"Replay:Accelerometer":12,"Replay:Multitool":14,"StuffTheSpire:GrapeVine":21,"Ring of Greed":13,"SkinProphecy":11,"MawBank":13,"halation:SelfBoilingWater":21,"Burning Blood":0,"Old Coin":13,"Yang_Lob":20,"CogitoBucket":0,"HornCleat":21,"hubris:BottledHeart":19,"Brimstone":21,"StuffTheSpire:HeavyRock":2,"Bird Faced Urn":6,"Replay:Bronze Core":17,"Onion Ring":9,"Ring of Fury":13,"LetterFromLob":1,"Chemical X":21},{"StuffTheSpire:TintedRock":2,"Replay:Accelerometer":8,"Replay:Multitool":8,"StuffTheSpire:GrapeVine":11,"Ring of Greed":8,"SkinProphecy":7,"MawBank":8,"halation:SelfBoilingWater":11,"Burning Blood":0,"Old Coin":8,"Yang_Lob":11,"CogitoBucket":0,"HornCleat":11,"hubris:BottledHeart":10,"Brimstone":11,"StuffTheSpire:HeavyRock":1,"Bird Faced Urn":4,"Replay:Bronze Core":9,"Onion Ring":5,"Ring of Fury":8,"LetterFromLob":1,"Chemical X":11},{"StuffTheSpire:TintedRock":6,"Replay:Accelerometer":23,"Replay:Multitool":23,"StuffTheSpire:GrapeVine":37,"Ring of Greed":23,"SkinProphecy":18,"MawBank":23,"halation:SelfBoilingWater":37,"Burning Blood":0,"Old Coin":23,"Yang_Lob":37,"CogitoBucket":0,"HornCleat":37,"hubris:BottledHeart":32,"Brimstone":37,"StuffTheSpire:HeavyRock":3,"Bird Faced Urn":11,"Replay:Bronze Core":29,"Onion Ring":14,"Ring of Fury":23,"LetterFromLob":3,"Chemical X":37}],"Burning Blood":39},"card_choices":[{"not_picked":["HeroicMonk","OldLady"],"picked":"Porccubus","floor":1},{"not_picked":["Second Wind","Thunderclap"],"picked":"Heavy Blade","floor":1},{"not_picked":["OSAHOGD","PunishingBird"],"picked":"OldLady","floor":3},{"not_picked":["Cleave","Combust"],"picked":"Anger","floor":3},{"not_picked":["FairyFestival","Scorched"],"picked":"RedShoes","floor":5},{"not_picked":["Headbutt","Havoc"],"picked":"hubris:ReadiedAction","floor":5},{"not_picked":["CherryBlossoms","SnowQueen"],"picked":"VoidDream","floor":6},{"not_picked":["Hemokinesis","Run Through"],"picked":"Seeing Red","floor":6},{"not_picked":["Murderer","Woodsman"],"picked":"HappyTeddy","floor":8},{"not_picked":["Warcry","Heavy Blade"],"picked":"Iron Wave","floor":8},{"not_picked":["CherryBlossoms","Freischutz"],"picked":"SpiderBud","floor":11},{"not_picked":["Warcry","Flame Barrier"],"picked":"Pommel Strike","floor":11},{"not_picked":["MHz","CherryBlossoms"],"picked":"Woodsman","floor":12},{"not_picked":["StuffTheSpire:Slingshot","StuffTheSpire:RagingBull"],"picked":"Pommel Strike","floor":12},{"not_picked":["QueenBee","FairyFestival"],"picked":"Bloodbath","floor":16},{"not_picked":["Corruption","Immolate"],"picked":"Bludgeon","floor":16},{"not_picked":["GalaxyChild","QueenBee"],"picked":"Yin","floor":18},{"not_picked":["True Grit","StuffTheSpire:RockThrow"],"picked":"ReplayReversal","floor":18},{"not_picked":["Anger+1","Armaments"],"picked":"Flex","floor":20}],"player_experience":115293,"relics_obtained":[{"floor":1,"key":"LetterFromLob"},{"floor":6,"key":"Bird Faced Urn"},{"floor":9,"key":"Onion Ring"},{"floor":12,"key":"Replay:Accelerometer"},{"floor":13,"key":"Ring of Fury"},{"floor":13,"key":"Ring of Greed"},{"floor":13,"key":"Old Coin"},{"floor":13,"key":"MawBank"},{"floor":14,"key":"Replay:Multitool"}],"event_choices":[{"cards_removed":["Porccubus"],"damage_healed":0,"gold_gain":0,"player_choice":"Gave Card","damage_taken":0,"relics_obtained":["StuffTheSpire:HeavyRock"],"max_hp_gain":0,"max_hp_loss":0,"event_name":"WeMeetAgain","floor":2,"gold_loss":0},{"damage_healed":0,"gold_gain":0,"player_choice":"Box","damage_taken":0,"relics_obtained":["StuffTheSpire:TintedRock"],"max_hp_gain":0,"max_hp_loss":0,"event_name":"Big Fish","floor":4,"gold_loss":0,"cards_obtained":["Regret"]}],"is_beta":false,"boss_relics":[{"not_picked":["StuffTheSpire:ModemDavis","conspire:RunicOctahedron"],"picked":"Replay:Bronze Core"}],"items_purged_floors":[],"is_endless":false,"potions_floor_spawned":[3,8,12,18],"killed_by":"Slavers","ascension_level":1}}