{"host":"j0a1jfichhxu8b8p","time":1608094565,"event":{"mods":["BaseMod","Colored Map","DeckTracker","Keyboard Shortcuts","Minty Spire (QoL Compilation)","Permanent Neow","StSLib"],"gold_per_floor":[112,112,112,128,93,93,121,121,121,150,164,164,181,161,161,232,232,246,262,262,262,285,315,328,328,328],"floor_reached":25,"playtime":732,"items_purged":[],"score":435,"play_id":"136c4401-0105-4c55-9495-5850d249acb5","local_time":"20201216135605","is_ascension_mode":true,"campfire_choices":[{"data":"Perfected Strike","floor":6,"key":"SMITH"},{"data":"Perfected Strike","floor":8,"key":"SMITH"},{"data":"Thunderclap","floor":12,"key":"SMITH"},{"data":"Exhume","floor":15,"key":"SMITH"}],"circlet_count":0,"master_deck":["AscendersBane","Strike_R","Strike_R","Strike_R","Strike_R","Strike_R","Defend_R+1","Defend_R","Defend_R+1","Defend_R","Bash","Perfected Strike+1","Perfected Strike+1","Evolve","Thunderclap+1","Exhume+1","Double Tap","CurseOfTheBell","Perfected Strike","Ghostly Armor","Wild Strike+1"],"relics":["Burning Blood","Oddly Smooth Stone","Unceasing Top","Red Skull","Thread and Needle","Charon\u0027s Ashes","Calling Bell","War Paint","Shuriken","Girya","Strawberry","Orichalcum"],"acts_visited":["Exordium","TheCity"],"potions_floor_usage":[16,23,25],"damage_taken":[{"damage":1.0,"enemies":"2 Louse","floor":1.0,"turns":2.0},{"damage":12.0,"enemies":"Small Slimes","floor":4.0,"turns":4.0},{"damage":28,"enemies":"Lagavulin","floor":7,"turns":6},{"damage":1,"enemies":"Gremlin Nob","floor":10,"turns":3},{"damage":0,"enemies":"Cultist","floor":11,"turns":3},{"damage":5,"enemies":"2 Fungi Beasts","floor":13,"turns":2},{"damage":40,"enemies":"Slime Boss","floor":16,"turns":10},{"damage":23,"enemies":"3 Byrds","floor":18,"turns":4},{"damage":18,"enemies":"2 Thieves","floor":19,"turns":4},{"damage":4,"enemies":"Slavers","floor":23,"turns":4},{"damage":3,"enemies":"3 Cultists","floor":24,"turns":4},{"damage":27,"enemies":"Gremlin Leader","floor":25,"turns":2}],"seed_played":"-8245098759362831525","potions_obtained":[{"floor":4.0,"key":"DistilledChaos"},{"floor":7,"key":"DistilledChaos"},{"floor":19,"key":"Block Potion"}],"is_trial":false,"path_per_floor":["M","$","?","M","?","R","E","R","T","E","M","R","M","?","R","B",null,"M","M","?","?","T","E","M","E"],"character_chosen":"IRONCLAD","items_purchased":[],"campfire_rested":0,"item_purchase_floors":[],"current_hp_per_floor":[73,73,47,41,59,59,37,37,37,42,48,48,49,49,49,15,60,43,31,31,10,17,19,22,0,0],"gold":328,"neow_bonus":"RANDOM_COMMON_RELIC","is_daily":false,"chose_seed":false,"campfire_upgraded":4,"win_rate":0.0,"timestamp":1608094565,"path_taken":["M","$","?","M","?","R","E","R","T","E","M","R","M","?","R","BOSS","M","M","?","?","?","E","M","E"],"items_purchased_type":[],"build_version":"2020-12-13","purchased_purges":0,"victory":false,"max_hp_per_floor":[75,75,75,75,75,75,75,75,75,75,75,75,75,75,75,75,75,75,75,75,80,87,87,87,87,87],"card_choices":[{"not_picked":["Twin Strike","Ghostly Armor"],"picked":"Perfected Strike","floor":1.0},{"not_picked":["Entrench","Infernal Blade"],"picked":"Perfected Strike","floor":4.0},{"not_picked":["Sword Boomerang","Second Wind"],"picked":"Evolve","floor":7},{"not_picked":["Entrench","Body Slam","Clash"],"picked":"SKIP","floor":10},{"not_picked":["Blood for Blood","True Grit"],"picked":"Thunderclap","floor":11},{"not_picked":["Havoc","Feel No Pain"],"picked":"Exhume","floor":13},{"not_picked":["Bludgeon","Limit Break"],"picked":"Double Tap","floor":16},{"not_picked":["Heavy Blade","Twin Strike"],"picked":"Perfected Strike","floor":18},{"not_picked":["Clash","Carnage"],"picked":"Ghostly Armor","floor":19},{"not_picked":["Anger","Intimidate","Clash"],"picked":"SKIP","floor":23},{"not_picked":["True Grit","Carnage"],"picked":"Wild Strike+1","floor":24}],"player_experience":314893,"relics_obtained":[{"floor":7,"key":"Red Skull"},{"floor":9,"key":"Thread and Needle"},{"floor":10,"key":"Charon\u0027s Ashes"},{"floor":17,"key":"War Paint"},{"floor":17,"key":"Shuriken"},{"floor":17,"key":"Girya"},{"floor":22,"key":"Strawberry"},{"floor":23,"key":"Orichalcum"}],"event_choices":[{"damage_healed":0.0,"max_hp_gain":0.0,"max_hp_loss":0.0,"gold_gain":0.0,"event_name":"Scrap Ooze","player_choice":"Success","floor":3.0,"gold_loss":0.0,"damage_taken":26.0,"relics_obtained":["Unceasing Top"]},{"damage_healed":18,"gold_gain":0,"player_choice":"Healed","damage_taken":0,"max_hp_gain":0,"max_hp_loss":0,"event_name":"The Cleric","floor":5,"gold_loss":35},{"damage_healed":0,"gold_gain":0,"player_choice":"Bought 1 Potion","damage_taken":0,"max_hp_gain":0,"max_hp_loss":0,"event_name":"The Woman in Blue","floor":14,"gold_loss":0},{"damage_healed":0,"gold_gain":0,"player_choice":"Ignored","damage_taken":0,"max_hp_gain":0,"max_hp_loss":0,"event_name":"Beggar","floor":20,"gold_loss":0},{"damage_healed":0,"gold_gain":0,"player_choice":"Shed Blood","damage_taken":26,"max_hp_gain":5,"max_hp_loss":0,"event_name":"Forgotten Altar","floor":21,"gold_loss":0}],"is_beta":false,"boss_relics":[{"not_picked":["Coffee Dripper","Tiny House"],"picked":"Calling Bell"}],"items_purged_floors":[],"is_endless":false,"potions_floor_spawned":[4,7,19],"killed_by":"Gremlin Leader","ascension_level":18}}