{"host":"6xsbn6ynqlzwllfm","time":1608155822,"event":{"mods":["2.2 Compatiblity","BaseMod","Bestiary","Colored Map","Colored Powertips","Curses Come First","Downfall","Highlight Path","Keyboard Shortcuts","Minty Spire (QoL Compilation)","Quick Restart","Relic Stats","Slay the Relics Exporter","StSLib","SuperFastMode"],"gold_per_floor":[111,130,130,145,145,145,160,160,160,175,195,195,345,368,368,368,368],"floor_reached":16,"playtime":297,"items_purged":[],"score":174,"play_id":"1ca43ce6-69a6-4f98-acfe-83a7e8ea365e","local_time":"20201216165702","is_ascension_mode":true,"campfire_choices":[{"data":"Zap","floor":6,"key":"SMITH"},{"data":"Go for the Eyes","floor":8,"key":"SMITH"},{"floor":12,"key":"REST"},{"data":"Chaos","floor":15,"key":"SMITH"}],"circlet_count":0,"master_deck":["AscendersBane","Strike_B","Strike_B","Strike_B","Strike_B","Defend_B","Defend_B","Defend_B","Defend_B","Zap+1","Dualcast","Compile Driver","Ball Lightning","Go for the Eyes+1","Decay","Sweeping Beam","Chaos+1","Doom and Gloom","Doubt","Leap"],"relics":["Cracked Core","NeowsBlessing","Golden Idol","The Courier"],"acts_visited":["Exordium"],"potions_floor_usage":[10,14],"damage_taken":[{"damage":0,"enemies":"Small Slimes","floor":1,"turns":1},{"damage":0,"enemies":"Cultist","floor":2,"turns":1},{"damage":0,"enemies":"2 Louse","floor":4,"turns":1},{"damage":11,"enemies":"2 Fungi Beasts","floor":7,"turns":3},{"damage":7,"enemies":"Gremlin Gang","floor":10,"turns":4},{"damage":17,"enemies":"Large Slime","floor":11,"turns":5},{"damage":0,"enemies":"Blue Slaver","floor":14,"turns":2},{"damage":39,"enemies":"Slime Boss","floor":16,"turns":5}],"seed_played":"9194758812688804542","potions_obtained":[{"floor":7,"key":"DistilledChaos"},{"floor":10,"key":"Energy Potion"},{"floor":14,"key":"Dexterity Potion"}],"is_trial":false,"path_per_floor":["M","M","?","M","?","R","M","R","T","M","M","R","?","M","R","B"],"character_chosen":"DEFECT","items_purchased":[],"campfire_rested":1,"item_purchase_floors":[],"current_hp_per_floor":[64,64,40,40,40,40,29,29,29,22,5,26,26,26,26,0,0],"gold":368,"neow_bonus":"THREE_ENEMY_KILL","is_daily":false,"chose_seed":false,"campfire_upgraded":3,"win_rate":0.0,"timestamp":1608155822,"path_taken":["M","M","?","M","?","R","?","R","T","M","M","R","?","M","R","BOSS"],"items_purchased_type":[],"build_version":"2020-12-13","purchased_purges":0,"victory":false,"max_hp_per_floor":[71,71,71,71,71,71,71,71,71,71,71,71,71,71,71,71,71],"relic_stats":{"counters":[8,22],"Golden Idol":18,"obtain_stats":[{"NeowsBlessing":0,"Golden Idol":3,"The Courier":9,"Cracked Core":0},{"NeowsBlessing":0,"Golden Idol":2,"The Courier":4,"Cracked Core":0},{"NeowsBlessing":0,"Golden Idol":2,"The Courier":6,"Cracked Core":0}]},"card_choices":[{"not_picked":["Gash","Redo"],"picked":"Compile Driver","floor":1},{"not_picked":["Stack","Capacitor"],"picked":"Ball Lightning","floor":2},{"not_picked":["Redo","Turbo"],"picked":"Go for the Eyes","floor":4},{"not_picked":["Hello World","Steam Power"],"picked":"Sweeping Beam","floor":7},{"not_picked":["Leap","Redo"],"picked":"Chaos","floor":10},{"not_picked":["Hologram","Conserve Battery"],"picked":"Doom and Gloom","floor":11},{"not_picked":["Undo","Hologram"],"picked":"Leap","floor":14}],"player_experience":1236261,"relics_obtained":[{"floor":9,"key":"The Courier"}],"event_choices":[{"damage_healed":0,"gold_gain":0,"player_choice":"Take Damage","damage_taken":24,"relics_obtained":["Golden Idol"],"max_hp_gain":0,"max_hp_loss":0,"event_name":"Golden Idol","floor":3,"gold_loss":0},{"damage_healed":0,"gold_gain":0,"player_choice":"Cursed","damage_taken":0,"max_hp_gain":0,"max_hp_loss":0,"event_name":"Wheel of Change","floor":5,"gold_loss":0,"cards_obtained":["Decay"]},{"damage_healed":0,"gold_gain":150,"player_choice":"AGREE","damage_taken":0,"max_hp_gain":0,"max_hp_loss":0,"event_name":"Liars Game","floor":13,"gold_loss":0,"cards_obtained":["Doubt"]}],"is_beta":false,"boss_relics":[],"items_purged_floors":[],"is_endless":false,"potions_floor_spawned":[7,10,14],"killed_by":"Slime Boss","ascension_level":17}}