{"host":"hc8xbdd8p6sd75vx","time":1608093289,"event":{"mods":["AchievementEnabler","AlwaysNeverKeys","BaseMod","Better Altar","Better Match","Better Sensory Stone","Better Skull","Better Third Choice","Colored Map","Hermit","Minty Spire (QoL Compilation)","Quick Restart","Shade Mod","Shop Mod","Spicy Shops","StSLib","The Servant 0.9.4"],"gold_per_floor":[109,61,61,61,19,44,44,63,87,87,98,133,146,24,24,119,119,134,134,49,79,79,84,84],"floor_reached":23,"playtime":849,"items_purged":[],"score":207,"play_id":"a58368f5-9084-42a4-92e4-c669603725df","local_time":"20201215203449","is_ascension_mode":true,"campfire_choices":[{"floor":7,"key":"REST"},{"floor":10,"key":"REST"},{"floor":15,"key":"REST"}],"circlet_count":0,"master_deck":["hermit:Strike_Hermit","hermit:Strike_Hermit","hermit:Strike_Hermit","hermit:Strike_Hermit","hermit:Defend_Hermit","hermit:Defend_Hermit","hermit:Defend_Hermit","hermit:Defend_Hermit","hermit:Snapshot","hermit:Covet","hermit:Ricochet","hermit:Determination","hermit:Dive","hermit:CursedWeapon","hermit:Deadeye","hermit:TrackingShot","hermit:Manifest","hermit:ItchyTrigger","hermit:Headshot","hermit:Vantage","hermit:GoldenBullet","hermit:RoundhouseKick","hermit:Scavenge","J.A.X.","hermit:Combo+1","RitualDagger"],"relics":["hermit:ClaspedLocket","Shovel","betterThird:SlimedRelic","Eternal Feather","Dream Catcher","hermit:Horseshoe","hermit:Spyglass"],"acts_visited":["Exordium","TheCity"],"potions_floor_usage":[12,13,16,21],"damage_taken":[{"damage":11,"enemies":"Jaw Worm","floor":1,"turns":3},{"damage":37,"enemies":"Gremlin Nob","floor":6,"turns":5},{"damage":2,"enemies":"Small Slimes","floor":8,"turns":3},{"damage":2,"enemies":"Cultist","floor":11,"turns":3},{"damage":28,"enemies":"3 Sentries","floor":12,"turns":9},{"damage":9,"enemies":"Lots of Slimes","floor":13,"turns":3},{"damage":34,"enemies":"Slime Boss","floor":16,"turns":12},{"damage":16,"enemies":"Spheric Guardian","floor":18,"turns":4},{"damage":5,"enemies":"Chosen","floor":21,"turns":4},{"damage":49,"enemies":"Book of Stabbing","floor":23,"turns":5}],"seed_played":"804718731745482022","potions_obtained":[{"floor":8,"key":"Strength Potion"},{"floor":11,"key":"AttackPotion"},{"floor":12,"key":"hermit:BlackBile"},{"floor":18,"key":"hermit:Eclipse"}],"is_trial":false,"path_per_floor":["M","?","?","?","$","E","R","M","T","R","M","E","M","$","R","B",null,"M","?","?","M","?","E"],"character_chosen":"HERMIT","items_purchased":["hermit:Determination","hermit:ItchyTrigger","hermit:Headshot","hermit:Vantage"],"campfire_rested":3,"item_purchase_floors":[5,14,14,14],"current_hp_per_floor":[64,53,53,53,53,16,44,42,42,70,68,40,31,31,65,31,75,59,59,59,54,48,0,0],"gold":84,"neow_bonus":"ONE_RARE_RELIC","is_daily":false,"chose_seed":false,"campfire_upgraded":0,"win_rate":0.0,"timestamp":1608093289,"path_taken":["M","?","?","?","$","E","R","M","T","R","?","E","M","?","R","BOSS","M","?","?","M","?","E"],"items_purchased_type":["Card","Card","Card","Card"],"build_version":"2020-12-13","purchased_purges":0,"victory":false,"max_hp_per_floor":[75,75,75,75,75,75,75,75,75,75,75,75,75,75,75,75,75,75,75,75,75,75,75,75],"card_choices":[{"not_picked":["hermit:Snipe","hermit:Roulette"],"picked":"hermit:Ricochet","floor":1},{"not_picked":["hermit:HighNoon","hermit:HighCaliber"],"picked":"hermit:Dive","floor":6},{"not_picked":["hermit:Snipe","hermit:ItchyTrigger"],"picked":"hermit:CursedWeapon","floor":8},{"not_picked":["hermit:TrackingShot","hermit:Horror"],"picked":"hermit:Deadeye","floor":10},{"not_picked":["hermit:Glare","hermit:FullyLoaded"],"picked":"hermit:TrackingShot","floor":11},{"not_picked":["hermit:HighCaliber","hermit:ItchyTrigger"],"picked":"hermit:Manifest","floor":12},{"not_picked":["hermit:Manifest","hermit:Midnight","hermit:Adapt"],"picked":"SKIP","floor":13},{"not_picked":["hermit:Feint","hermit:WideOpen"],"picked":"hermit:GoldenBullet","floor":15},{"not_picked":["hermit:FatalDesire","hermit:HeroicBravado"],"picked":"hermit:RoundhouseKick","floor":16},{"not_picked":["hermit:Enervate","hermit:CursedWeapon"],"picked":"hermit:Scavenge","floor":18},{"not_picked":["hermit:ItchyTrigger","hermit:Desperado"],"picked":"hermit:Combo+1","floor":21}],"player_experience":216800,"relics_obtained":[{"floor":6,"key":"Eternal Feather"},{"floor":9,"key":"Dream Catcher"},{"floor":12,"key":"hermit:Horseshoe"}],"event_choices":[{"damage_healed":0,"gold_gain":0,"player_choice":"Slimed","damage_taken":11,"max_hp_gain":0,"max_hp_loss":0,"event_name":"betterThird:BetterGoop","floor":2,"gold_loss":48},{"damage_healed":0,"gold_gain":0,"player_choice":"Leave","damage_taken":0,"max_hp_gain":0,"max_hp_loss":0,"event_name":"The Cleric","floor":3,"gold_loss":0},{"cards_removed":["Normality"],"damage_healed":0,"gold_gain":0,"player_choice":"Purged","damage_taken":0,"max_hp_gain":0,"max_hp_loss":0,"event_name":"Purifier","floor":4,"gold_loss":0},{"damage_healed":0,"gold_gain":0,"player_choice":"Obtain J.A.X.","damage_taken":0,"max_hp_gain":0,"max_hp_loss":0,"event_name":"Drug Dealer","floor":19,"gold_loss":0,"cards_obtained":["J.A.X."]},{"damage_healed":0,"gold_gain":0,"player_choice":"Obtained Relic","damage_taken":0,"relics_obtained":["hermit:Spyglass"],"max_hp_gain":0,"max_hp_loss":0,"event_name":"Addict","floor":20,"gold_loss":85},{"damage_healed":0,"gold_gain":0,"player_choice":"Dagger","damage_taken":6,"max_hp_gain":0,"max_hp_loss":0,"event_name":"betterThird:BetterNest","floor":22,"gold_loss":0,"cards_obtained":["RitualDagger"]}],"is_beta":false,"boss_relics":[{"not_picked":["Black Star","Pandora\u0027s Box"],"picked":"hermit:ClaspedLocket"}],"items_purged_floors":[],"is_endless":false,"potions_floor_spawned":[8,11,12,18],"killed_by":"Book of Stabbing","ascension_level":1}}