{"host":"g1wmg2w41xhsnw8g","time":1608092516,"event":{"mods":["2.2 Compatiblity","Act Like it!","BaseMod","Better Altar","Better Match","Better Note","Better Sensory Stone","Better Skull","Better Third Choice","BetterRewards","Booster Modes","CapriCore","Colored Map","Colored Powertips","Curses Come First","Defuse TimeMaze Blight","Displayed Cursed Tome","Downfall","Friendly Minions","GifTheSpireLib","Googly Eyes","Minty Spire (QoL Compilation)","Red Circlet Mod","Relic Sorter","SCP261 Mod","Shop Mod","Spicy Shops","StSLib","The Poker Player","The Sage","Transform Curses","????"],"gold_per_floor":[118,129,129,141,171,189,213,231,12,23,23,123,139,170,41,41,41],"floor_reached":16,"playtime":1075,"items_purged":["Guardian:Defend_Guardian"],"score":120,"play_id":"38f5072d-0e2c-4b10-9eba-f572ebdacaee","local_time":"20201215232156","is_ascension_mode":true,"campfire_choices":[],"circlet_count":0,"master_deck":["Guardian:Strike_Guardian","Guardian:Strike_Guardian","Guardian:Strike_Guardian","Guardian:Defend_Guardian","Guardian:Defend_Guardian","Guardian:Defend_Guardian","Guardian:CurlUp","Guardian:TwinSlam","Guardian:ChargeCore","Guardian:Clone","Guardian:ShieldCharger","Guardian:FuturePlans","Guardian:ArmoredProtocol","Guardian:DecasProtection","Guardian:MultiBeam","Guardian:ExploitGems","Guardian:PrimingBeam"],"relics":["Velvet Choker","Nunchaku","Ancient Tea Set","PreservedInsect","downfall:GremlinWheel","Pen Nib","sagemod:The_Guidebook_Guide"],"acts_visited":["Exordium"],"potions_floor_usage":[5,10,12,13],"damage_taken":[{"damage":0,"enemies":"Cultist","floor":1,"turns":3},{"damage":0,"enemies":"Small Slimes","floor":2,"turns":3},{"damage":0,"enemies":"Jaw Worm","floor":4,"turns":3},{"damage":15,"enemies":"3 Sentries","floor":5,"turns":7},{"damage":11,"enemies":"Lots of Slimes","floor":6,"turns":5},{"damage":15,"enemies":"2 Fungi Beasts","floor":8,"turns":4},{"damage":0,"enemies":"Exordium Wildlife","floor":10,"turns":1},{"damage":0,"enemies":"Exordium Wildlife","floor":12,"turns":4},{"damage":12,"enemies":"Exordium Thugs","floor":13,"turns":4},{"damage":13,"enemies":"Lagavulin","floor":14,"turns":6},{"damage":17,"enemies":"downfall:Silent","floor":16,"turns":2}],"seed_played":"8994401169051353257","potions_obtained":[{"floor":2,"key":"LiquidMemories"},{"floor":4,"key":"champ:CounterPotion"},{"floor":6,"key":"sneckomod:MuddlingPotion"},{"floor":8,"key":"ColorlessPotion"},{"floor":12,"key":"hexamod:EctoCoolerPotion"}],"is_trial":false,"path_per_floor":["M","M","?","M","E","M","T","M","R","M","?","?","M","E","R","B"],"character_chosen":"GUARDIAN","items_purchased":["PreservedInsect","sagemod:The_Guidebook_Guide","Guardian:PrimingBeam"],"campfire_rested":0,"item_purchase_floors":[9,15,15],"current_hp_per_floor":[80,80,80,80,65,54,54,39,39,39,39,39,27,14,14,0,0],"gold":41,"neow_bonus":"BOSS_RELIC","is_daily":false,"chose_seed":false,"campfire_upgraded":0,"win_rate":0.0,"timestamp":1608092516,"path_taken":["M","?","?","M","E","M","T","M","R","?","?","?","?","E","R","BOSS"],"items_purchased_type":["Relic","Relic","Card"],"build_version":"2020-12-13","purchased_purges":1,"victory":false,"max_hp_per_floor":[80,80,80,80,80,80,80,80,80,80,80,80,80,80,80,80,80],"card_choices":[{"not_picked":["Guardian:RollAttack","Guardian:Suspension"],"picked":"Guardian:ChargeCore","floor":1},{"not_picked":["Guardian:TemporalStrike","Guardian:Planning"],"picked":"Guardian:Clone","floor":2},{"not_picked":["Guardian:TimeCapacitor","Guardian:TemporalStrike"],"picked":"Guardian:ShieldCharger","floor":4},{"not_picked":["Guardian:Incinerate","Guardian:TemporalShield"],"picked":"Guardian:Gem_Lightblue","floor":5},{"not_picked":["Guardian:ShieldSpikes","Guardian:TimeSifter"],"picked":"Guardian:FuturePlans","floor":6},{"not_picked":["Guardian:PiercingHide","Guardian:Gem_Lightblue"],"picked":"Guardian:ArmoredProtocol","floor":8},{"not_picked":["Guardian:Suspension","Guardian:PolyBeam"],"picked":"Guardian:DecasProtection","floor":10},{"not_picked":["Guardian:Planning","Guardian:Incinerate"],"picked":"Guardian:MultiBeam","floor":13},{"not_picked":["Guardian:Emergency","Guardian:Gem_Lightblue"],"picked":"Guardian:ExploitGems","floor":14}],"player_experience":1414986,"relics_obtained":[{"floor":5,"key":"Nunchaku"},{"floor":7,"key":"Ancient Tea Set"},{"floor":12,"key":"downfall:GremlinWheel"},{"floor":14,"key":"Pen Nib"}],"event_choices":[],"is_beta":false,"boss_relics":[],"items_purged_floors":[9],"is_endless":false,"potions_floor_spawned":[2,4,6,8,12],"killed_by":"downfall:Silent","ascension_level":1}}