{"host":"utqe55yv0jihe4d6","time":1608156870,"event":{"mods":["2.2 Compatiblity","AchievementEnabler","BaseMod","Block Reminder","Colored Map","Colored Powertips","Minty Spire (QoL Compilation)","Quick Restart","Rare Cards Sparkle","Relic Stats","SuperFastMode"],"gold_per_floor":[117,127,127,144,162,197,197,197,197,211,211,211],"floor_reached":11,"playtime":525,"items_purged":[],"score":150,"play_id":"95e156cd-bcc3-4439-aab4-8df1d2e82b6c","local_time":"20201216171430","is_ascension_mode":true,"campfire_choices":[{"data":"Neutralize","floor":7,"key":"SMITH"}],"circlet_count":0,"master_deck":["AscendersBane","Strike_G","Strike_G","Strike_G","Strike_G","Strike_G","Defend_G","Defend_G","Defend_G","Defend_G","Defend_G","Survivor","Neutralize+1","Secret Technique+1","Backstab","Endless Agony","Deadly Poison","Escape Plan","Dagger Spray"],"relics":["Ring of the Snake","Bag of Preparation","Bottled Flame"],"acts_visited":["Exordium"],"potions_floor_usage":[6,6,11],"damage_taken":[{"damage":0,"enemies":"Small Slimes","floor":1,"turns":5},{"damage":0,"enemies":"Cultist","floor":2,"turns":5},{"damage":0,"enemies":"2 Louse","floor":4,"turns":2},{"damage":4,"enemies":"Looter","floor":5,"turns":3},{"damage":53,"enemies":"3 Sentries","floor":6,"turns":16},{"damage":0,"enemies":"Lots of Slimes","floor":10,"turns":6},{"damage":5,"enemies":"Lagavulin","floor":11,"turns":2}],"seed_played":"-3328065023020552134","potions_obtained":[{"floor":2,"key":"EssenceOfSteel"},{"floor":5,"key":"Fire Potion"},{"floor":10,"key":"PowerPotion"}],"is_trial":false,"path_per_floor":["M","M","?","M","M","E","R","?","T","M","E"],"character_chosen":"THE_SILENT","items_purchased":[],"campfire_rested":0,"item_purchase_floors":[],"current_hp_per_floor":[59,59,59,59,55,2,2,2,2,2,0,0],"gold":211,"neow_bonus":"RANDOM_COLORLESS_2","is_daily":false,"chose_seed":false,"campfire_upgraded":1,"win_rate":0.0,"timestamp":1608156870,"path_taken":["M","M","?","M","?","E","R","?","T","M","E"],"items_purchased_type":[],"build_version":"2020-12-13","purchased_purges":0,"victory":false,"max_hp_per_floor":[60,60,60,60,60,60,60,60,60,60,60,60],"relic_stats":{"counters":[7,39],"Bag of Preparation":[4],"obtain_stats":[{"Bottled Flame":9,"Bag of Preparation":6,"Ring of the Snake":0},{"Bottled Flame":5,"Bag of Preparation":5,"Ring of the Snake":0},{"Bottled Flame":31,"Bag of Preparation":31,"Ring of the Snake":0}],"Ring of the Snake":[14]},"card_choices":[{"not_picked":["Magnetism","Transmutation"],"picked":"Secret Technique","floor":0},{"not_picked":["Underhanded Strike","Distraction"],"picked":"Backstab","floor":1},{"not_picked":["Eviscerate","Deflect"],"picked":"Endless Agony","floor":2},{"not_picked":["Blade Dance","Backflip"],"picked":"Deadly Poison","floor":4},{"not_picked":["Deflect","Prepared","Backflip"],"picked":"SKIP","floor":5},{"not_picked":["Deadly Poison","Flying Knee"],"picked":"Escape Plan","floor":6},{"not_picked":["Deadly Poison","Poisoned Stab"],"picked":"Dagger Spray","floor":10}],"player_experience":2770149,"relics_obtained":[{"floor":6,"key":"Bag of Preparation"},{"floor":9,"key":"Bottled Flame"}],"event_choices":[{"damage_healed":0,"gold_gain":0,"player_choice":"Upgraded","damage_taken":0,"max_hp_gain":0,"max_hp_loss":0,"event_name":"Upgrade Shrine","floor":3,"gold_loss":0,"cards_upgraded":["Secret Technique"]},{"damage_healed":0,"gold_gain":0,"player_choice":"Ignored","damage_taken":0,"max_hp_gain":0,"max_hp_loss":0,"event_name":"Shining Light","floor":8,"gold_loss":0}],"is_beta":false,"boss_relics":[],"items_purged_floors":[],"is_endless":false,"potions_floor_spawned":[2,5,10],"killed_by":"Lagavulin","ascension_level":20}}