{"host":"dpbezu80jg8zk7un","time":1608112189,"event":{"mods":["BaseMod","Colored Map","Colored Powertips","Custom Start","DeckTracker","Minty Spire (QoL Compilation)","Quick Restart","StSLib","SuperFastMode"],"gold_per_floor":[156,216,254,254,254,254,310,354,425,425,479,479,503,567,567,657,657,720,720,484,484,533,642,642,675,675,733,745,657,702,246,246,365,365,403,253,298,348,443,504,504,568,621,621,659,231,231,329,329,329,354,354,354,42,127,152],"floor_reached":57,"playtime":2244,"items_purged":["Defend_P","Strike_P","Strike_P","Defend_P","Defend_P","Defend_P"],"score":2885,"play_id":"1be41a1e-73f2-42f7-b93c-1d33c448c2cd","local_time":"20201216184949","is_ascension_mode":true,"campfire_choices":[{"data":"Eruption","floor":6.0,"key":"SMITH"},{"floor":10.0,"key":"REST"},{"data":"Meditate","floor":12.0,"key":"SMITH"},{"data":"HandOfGreed","floor":15.0,"key":"SMITH"},{"data":"Adaptation","floor":24.0,"key":"SMITH"},{"floor":28.0,"key":"REST"},{"floor":32.0,"key":"RECALL"},{"floor":44,"key":"DIG"},{"data":"Adaptation","floor":49,"key":"SMITH"},{"data":"TalkToTheHand","floor":53,"key":"SMITH"}],"circlet_count":0,"master_deck":["AscendersBane","Strike_P+1","Eruption+1","Vigilance","HandOfGreed+1","Meditate+1","DeusExMachina","Adaptation+1","FearNoEvil","Vault","Adaptation+1","TalkToTheHand+1","Vault"],"relics":["PureWater","Golden Idol","Gambling Chip","Mummified Hand","Bag of Preparation","VioletLotus","Omamori","PreservedInsect","Letter Opener","Matryoshka","MawBank","Yang","Black Star","Vajra","Shovel","Ornamental Fan","Shuriken","Damaru","Centennial Puzzle","Ice Cream","Bag of Marbles"],"acts_visited":["Exordium","TheCity","TheBeyond","TheEnding"],"potions_floor_usage":[50,56,56,56,56],"damage_taken":[{"damage":2.0,"enemies":"2 Louse","floor":1.0,"turns":3.0},{"damage":7.0,"enemies":"Small Slimes","floor":2.0,"turns":3.0},{"damage":0.0,"enemies":"Cultist","floor":3.0,"turns":3.0},{"damage":0.0,"enemies":"Gremlin Nob","floor":7.0,"turns":2.0},{"damage":0.0,"enemies":"Looter","floor":8.0,"turns":1.0},{"damage":5.0,"enemies":"Lagavulin","floor":11.0,"turns":4.0},{"damage":0.0,"enemies":"Large Slime","floor":13.0,"turns":2.0},{"damage":0.0,"enemies":"Exordium Thugs","floor":14.0,"turns":4.0},{"damage":12.0,"enemies":"Hexaghost","floor":16.0,"turns":7.0},{"damage":6.0,"enemies":"2 Thieves","floor":18.0,"turns":2.0},{"damage":0.0,"enemies":"Chosen","floor":22.0,"turns":2.0},{"damage":10.0,"enemies":"Slavers","floor":23.0,"turns":3.0},{"damage":1.0,"enemies":"Book of Stabbing","floor":25.0,"turns":2.0},{"damage":5.0,"enemies":"Gremlin Leader","floor":27.0,"turns":4.0},{"damage":0.0,"enemies":"Snake Plant","floor":30.0,"turns":2.0},{"damage":43.0,"enemies":"Collector","floor":33.0,"turns":8.0},{"damage":0.0,"enemies":"Orb Walker","floor":35.0,"turns":3.0},{"damage":2.0,"enemies":"3 Darklings","floor":37.0,"turns":3.0},{"damage":0.0,"enemies":"Spire Growth","floor":38.0,"turns":2.0},{"damage":7.0,"enemies":"4 Shapes","floor":39.0,"turns":5.0},{"damage":49.0,"enemies":"Nemesis","floor":40.0,"turns":6.0},{"damage":2,"enemies":"Giant Head","floor":42,"turns":5},{"damage":0,"enemies":"3 Darklings","floor":45,"turns":3},{"damage":0,"enemies":"Jaw Worm Horde","floor":48,"turns":3},{"damage":51,"enemies":"Time Eater","floor":50,"turns":9},{"damage":1,"enemies":"Donu and Deca","floor":51,"turns":3},{"damage":0,"enemies":"Shield and Spear","floor":55,"turns":2},{"damage":6,"enemies":"The Heart","floor":56,"turns":6}],"seed_played":"-3712733760727035017","potions_obtained":[{"floor":1.0,"key":"Strength Potion"},{"floor":8.0,"key":"Swift Potion"},{"floor":22.0,"key":"PowerPotion"},{"floor":25.0,"key":"Fire Potion"},{"floor":27.0,"key":"FairyPotion"},{"floor":42,"key":"ColorlessPotion"}],"is_trial":false,"path_per_floor":["M","M","M","?","?","R","E","M","T","R","E","R","M","M","R","B",null,"M","?","$","?","M","E","R","E","T","E","R","$","M","$","R","B",null,"M","$","M","M","M","E","?","E","T","R","M","$","?","M","R","B","B",null,"R","$","E","B",null],"character_chosen":"WATCHER","items_purchased":["Omamori","FearNoEvil","Yang","Adaptation","Centennial Puzzle","EntropicBrew"],"campfire_rested":2,"item_purchase_floors":[20,31,31,46,46,54],"current_hp_per_floor":[41,34,34,34,15,15,15,15,15,33,28,28,28,28,28,16,51,45,45,45,45,45,35,35,34,34,29,47,47,47,47,47,4,48,48,48,46,46,39,12,62,60,60,60,60,60,60,60,60,9,8,49,49,49,49,43],"gold":152,"neow_bonus":"RANDOM_COLORLESS_2","is_daily":false,"chose_seed":false,"campfire_upgraded":6,"win_rate":0.0,"timestamp":1608112189,"path_taken":["M","M","M","?","?","R","E","M","T","R","E","R","M","M","R","BOSS","M","?","$","?","?","E","R","E","T","E","R","$","M","$","R","BOSS","M","$","M","M","M","E","?","E","T","R","M","$","?","M","R","BOSS","BOSS","R","$","E","BOSS"],"items_purchased_type":["Relic","Card","Relic","Card","Relic","Potion"],"build_version":"2020-12-13","purchased_purges":6,"victory":true,"max_hp_per_floor":[68,68,68,62,62,62,62,62,62,62,62,62,62,62,62,62,62,62,62,62,62,62,62,62,62,62,62,62,62,62,62,62,62,62,62,62,62,62,62,62,62,62,62,62,62,62,62,62,62,62,62,62,62,62,62,62],"card_choices":[{"not_picked":["Thinking Ahead","Sadistic Nature"],"picked":"HandOfGreed","floor":0.0},{"not_picked":["SashWhip","Protect"],"picked":"Meditate","floor":1.0},{"not_picked":["BowlingBash","Evaluate","SashWhip"],"picked":"SKIP","floor":2.0},{"not_picked":["ClearTheMind","Halt","DeceiveReality"],"picked":"SKIP","floor":3.0},{"not_picked":["LikeWater","Consecrate","JustLucky"],"picked":"SKIP","floor":7.0},{"not_picked":["ForeignInfluence","Perseverance","Indignation"],"picked":"SKIP","floor":8.0},{"not_picked":["FollowUp","FlyingSleeves","FlurryOfBlows"],"picked":"SKIP","floor":11.0},{"not_picked":["Ragnarok","PathToVictory","Evaluate"],"picked":"SKIP","floor":13.0},{"not_picked":["JustLucky","Wish","Crescendo"],"picked":"SKIP","floor":14.0},{"not_picked":["Brilliance","Wish"],"picked":"DeusExMachina","floor":16.0},{"not_picked":["Fasting2","WindmillStrike","ThirdEye"],"picked":"SKIP","floor":18.0},{"not_picked":["Prostrate+1","Nirvana","EmptyBody"],"picked":"SKIP","floor":22.0},{"not_picked":["EmptyFist+1","Tantrum"],"picked":"Adaptation","floor":23.0},{"not_picked":["Collect+1","MasterReality","WreathOfFlame"],"picked":"SKIP","floor":25.0},{"not_picked":["EmptyFist","Crescendo","BowlingBash"],"picked":"SKIP","floor":27.0},{"not_picked":["EmptyBody","CutThroughFate","JustLucky"],"picked":"SKIP","floor":30.0},{"not_picked":["Devotion","Wish"],"picked":"Vault","floor":33.0},{"not_picked":["SandsOfTime","CrushJoints","JustLucky"],"picked":"SKIP","floor":35.0},{"not_picked":["SashWhip","Crescendo","Prostrate"],"picked":"SKIP","floor":37.0},{"not_picked":["EmptyFist","DeusExMachina","EmptyBody"],"picked":"SKIP","floor":38.0},{"not_picked":["Protect+1","CrushJoints","BowlingBash"],"picked":"SKIP","floor":39.0},{"not_picked":["InnerPeace","CrushJoints","Prostrate"],"picked":"SKIP","floor":40},{"not_picked":["JustLucky+1","DeusExMachina","Collect"],"picked":"SKIP","floor":42},{"not_picked":["Prostrate","Indignation+1","ThirdEye"],"picked":"SKIP","floor":45},{"not_picked":["CrushJoints","Crescendo","BowlingBash"],"picked":"SKIP","floor":48},{"not_picked":["Wallop","BattleHymn+1"],"picked":"Vault","floor":55}],"player_experience":2754422,"relics_obtained":[{"floor":7.0,"key":"Gambling Chip"},{"floor":9.0,"key":"Mummified Hand"},{"floor":11.0,"key":"Bag of Preparation"},{"floor":23.0,"key":"PreservedInsect"},{"floor":25.0,"key":"Letter Opener"},{"floor":26.0,"key":"Matryoshka"},{"floor":27.0,"key":"MawBank"},{"floor":40,"key":"Vajra"},{"floor":42,"key":"Shovel"},{"floor":42,"key":"Ornamental Fan"},{"floor":43,"key":"Shuriken"},{"floor":44,"key":"Damaru"},{"floor":55,"key":"Ice Cream"},{"floor":55,"key":"Bag of Marbles"}],"event_choices":[{"damage_healed":0.0,"max_hp_gain":0.0,"max_hp_loss":6.0,"gold_gain":0.0,"event_name":"Golden Idol","player_choice":"Lose Max HP","floor":4.0,"gold_loss":0.0,"damage_taken":0.0,"relics_obtained":["Golden Idol"]},{"damage_healed":0.0,"max_hp_gain":0.0,"max_hp_loss":0.0,"gold_gain":0.0,"event_name":"Shining Light","player_choice":"Entered Light","floor":5.0,"gold_loss":0.0,"damage_taken":19.0,"cards_upgraded":["Strike_P","Strike_P"]},{"damage_healed":0.0,"max_hp_gain":0.0,"max_hp_loss":0.0,"gold_gain":0.0,"event_name":"Ghosts","player_choice":"Ignored","floor":19.0,"gold_loss":0.0,"damage_taken":0.0},{"damage_healed":0.0,"max_hp_gain":0.0,"max_hp_loss":0.0,"gold_gain":0.0,"event_name":"N\u0027loth","player_choice":"Ignored","floor":21.0,"gold_loss":0.0,"damage_taken":0.0},{"damage_healed":50,"gold_gain":0,"player_choice":"Heal","damage_taken":0,"max_hp_gain":0,"max_hp_loss":0,"event_name":"MindBloom","floor":41,"gold_loss":0,"cards_obtained":["Doubt"]},{"damage_healed":0,"gold_gain":0,"cards_transformed":["Strike_P"],"player_choice":"Transformed","damage_taken":0,"max_hp_gain":0,"max_hp_loss":0,"event_name":"Transmorgrifier","floor":47,"gold_loss":0,"cards_obtained":["TalkToTheHand"]}],"is_beta":false,"boss_relics":[{"not_picked":["Tiny House","Snecko Eye"],"picked":"VioletLotus"},{"not_picked":["Coffee Dripper","Velvet Choker"],"picked":"Black Star"}],"items_purged_floors":[20,29,31,36,46,54],"is_endless":false,"potions_floor_spawned":[1,8,11,22,25,27,30,37,38,42,45],"ascension_level":20}}