{"host":"i41n6wh529970c2c","time":1608150176,"event":{"mods":["Act Like it!","BaseMod","BetterRewards","Friendly Minions","Gold Saver","Hermit","Minty Spire (QoL Compilation)","Replay The Spire","Shop Mod","StSLib"],"gold_per_floor":[629,904,915,934,948,979,979,1009,1057,1022,1022,1022],"floor_reached":11,"playtime":439,"items_purged":[],"score":129,"play_id":"b06ce83e-3f26-4ad0-a4f3-5865ddd8e943","local_time":"20201216152256","is_ascension_mode":true,"campfire_choices":[{"floor":7,"key":"REST"}],"circlet_count":0,"master_deck":["AscendersBane","Strike_R","Strike_R","Strike_R","Strike_R","Strike_R","Defend_R","Defend_R","Defend_R","Defend_R","Bash","Impatience","Uppercut","Regret","Spot Weakness","Rupture"],"relics":["Burning Blood","Gambling Chip","Letter Opener","Boot"],"acts_visited":["Exordium"],"potions_floor_usage":[6,8],"damage_taken":[{"damage":7,"enemies":"Small Slimes","floor":1,"turns":4},{"damage":12,"enemies":"Cultist","floor":3,"turns":5},{"damage":10,"enemies":"2 Louse","floor":4,"turns":3},{"damage":13,"enemies":"Large Slime","floor":5,"turns":8},{"damage":53,"enemies":"Lagavulin","floor":6,"turns":8},{"damage":24,"enemies":"Gremlin Nob","floor":8,"turns":4},{"damage":33,"enemies":"3 Sentries","floor":11,"turns":4}],"seed_played":"-7098312302527831112","potions_obtained":[{"floor":1,"key":"SpeedPotion"},{"floor":6,"key":"Adrenaline Potion"},{"floor":8,"key":"LiquidBronze"}],"is_trial":false,"path_per_floor":["M","?","M","M","M","E","R","E","T","?","E"],"character_chosen":"IRONCLAD","items_purchased":[],"campfire_rested":1,"item_purchase_floors":[],"current_hp_per_floor":[71,71,65,61,54,7,31,13,13,33,0,0],"gold":1022,"neow_bonus":"RANDOM_COLORLESS","is_daily":false,"chose_seed":false,"campfire_upgraded":0,"win_rate":0.0,"timestamp":1608150176,"path_taken":["M","?","?","M","M","E","R","E","T","?","E"],"items_purchased_type":[],"build_version":"2020-12-13","purchased_purges":0,"victory":false,"max_hp_per_floor":[80,80,80,80,80,80,80,80,80,80,80,80],"card_choices":[{"not_picked":["Good Instincts","Finesse"],"picked":"Impatience","floor":0},{"not_picked":["Pommel Strike","True Grit"],"picked":"Uppercut","floor":1},{"not_picked":["Sword Boomerang","Abandon"],"picked":"Spot Weakness","floor":3},{"not_picked":["Cleave","Pummel","Rampage"],"picked":"SKIP","floor":4},{"not_picked":["Flex","ReplayTheSpireMod:Stacked"],"picked":"Rupture","floor":5},{"not_picked":["Replay:Undeath\u0027s Touch","Havoc","ReplayTheSpireMod:LeadingStrike"],"picked":"SKIP","floor":6},{"not_picked":["Dual Wield","Intimidate","Run Through"],"picked":"SKIP","floor":8}],"player_experience":799003,"relics_obtained":[{"floor":6,"key":"Gambling Chip"},{"floor":8,"key":"Letter Opener"},{"floor":9,"key":"Boot"}],"event_choices":[{"damage_healed":0,"gold_gain":275,"player_choice":"Desecrate","damage_taken":0,"max_hp_gain":0,"max_hp_loss":0,"event_name":"Golden Shrine","floor":2,"gold_loss":0,"cards_obtained":["Regret"]},{"damage_healed":20,"gold_gain":0,"player_choice":"Healed","damage_taken":0,"max_hp_gain":0,"max_hp_loss":0,"event_name":"The Cleric","floor":10,"gold_loss":35}],"is_beta":false,"boss_relics":[],"items_purged_floors":[],"is_endless":false,"potions_floor_spawned":[1,6,8],"killed_by":"3 Sentries","ascension_level":11}}