{"host":"ci7ivtocgfxh0ueo","time":1608130980,"event":{"mods":["BaseMod","GifTheSpireLib","Minty Spire (QoL Compilation)","StSLib"],"gold_per_floor":[109,259,259,31,31,31,31,59,59,59,75,99,99,99,99,99,99],"floor_reached":16,"playtime":247,"items_purged":[],"score":220,"play_id":"f0bc5d82-eb3e-4ff6-8b3c-178c4f1362b8","local_time":"20201216230300","is_ascension_mode":true,"campfire_choices":[{"data":"Neutralize","floor":6,"key":"SMITH"},{"data":"Endless Agony","floor":10,"key":"SMITH"},{"data":"Backstab","floor":13,"key":"SMITH"},{"data":"Endless Agony","floor":15,"key":"SMITH"}],"circlet_count":0,"master_deck":["AscendersBane","Strike_G","Strike_G","Strike_G","Strike_G","Strike_G","Defend_G","Defend_G","Defend_G+1","Defend_G","Defend_G","Survivor+1","Neutralize+1","Slice","Endless Agony+1","Backstab+1","Endless Agony+1"],"relics":["Ring of the Snake","NeowsBlessing","War Paint","Eternal Feather","Sundial","Odd Mushroom"],"acts_visited":["Exordium"],"potions_floor_usage":[12,12],"damage_taken":[{"damage":0,"enemies":"Small Slimes","floor":1,"turns":1},{"damage":0,"enemies":"Gremlin Nob","floor":8,"turns":1},{"damage":0,"enemies":"2 Louse","floor":11,"turns":2},{"damage":0,"enemies":"The Mushroom Lair","floor":12,"turns":3},{"damage":76,"enemies":"Slime Boss","floor":16,"turns":11}],"seed_played":"-1999922524701101121","potions_obtained":[{"floor":11,"key":"Block Potion"}],"is_trial":false,"path_per_floor":["M","?","?","$","?","R","$","E","T","R","M","?","R","?","R","B"],"character_chosen":"THE_SILENT","items_purchased":["War Paint","Explosive Potion"],"campfire_rested":0,"item_purchase_floors":[4,4],"current_hp_per_floor":[59,59,59,59,64,64,64,64,64,71,71,71,71,71,71,0,0],"gold":99,"neow_bonus":"THREE_ENEMY_KILL","is_daily":false,"chose_seed":false,"campfire_upgraded":4,"win_rate":0.0,"timestamp":1608130980,"path_taken":["M","?","?","$","?","R","$","E","T","R","?","?","R","?","R","BOSS"],"items_purchased_type":["Relic","Potion"],"build_version":"2020-12-13","purchased_purges":0,"victory":false,"max_hp_per_floor":[66,66,66,66,71,71,71,71,71,71,71,71,71,71,71,71,71],"card_choices":[{"not_picked":["Blade Dance","Cloak And Dagger"],"picked":"Slice","floor":1},{"not_picked":["Sucker Punch","Wraith Form v2"],"picked":"Endless Agony","floor":8},{"not_picked":["Concentrate","Quick Slash"],"picked":"Backstab","floor":11},{"not_picked":["Escape Plan","Cloak And Dagger"],"picked":"Endless Agony","floor":12}],"player_experience":1257152,"relics_obtained":[{"floor":8,"key":"Eternal Feather"},{"floor":9,"key":"Sundial"},{"floor":12,"key":"Odd Mushroom"}],"event_choices":[{"damage_healed":0,"gold_gain":150,"player_choice":"AGREE","damage_taken":0,"max_hp_gain":0,"max_hp_loss":0,"event_name":"Liars Game","floor":2,"gold_loss":0,"cards_obtained":["Doubt"]},{"cards_removed":["Doubt"],"damage_healed":0,"gold_gain":0,"player_choice":"Forget","damage_taken":0,"max_hp_gain":0,"max_hp_loss":0,"event_name":"Living Wall","floor":3,"gold_loss":0},{"damage_healed":0,"gold_gain":0,"player_choice":"Donut","damage_taken":0,"max_hp_gain":5,"max_hp_loss":0,"event_name":"Big Fish","floor":5,"gold_loss":0},{"damage_healed":0,"gold_gain":0,"player_choice":"Fought Mushrooms","damage_taken":0,"max_hp_gain":0,"max_hp_loss":0,"event_name":"Mushrooms","floor":12,"gold_loss":0},{"damage_healed":0,"gold_gain":0,"player_choice":"Ignored","damage_taken":0,"max_hp_gain":0,"max_hp_loss":0,"event_name":"Golden Idol","floor":14,"gold_loss":0}],"is_beta":false,"boss_relics":[],"items_purged_floors":[],"is_endless":false,"potions_floor_spawned":[11],"killed_by":"Slime Boss","ascension_level":17}}