{"host":"e1zuqie93klo2ncl","time":1608156983,"event":{"mods":["AchievementEnabler","BaseMod","Minty Spire (QoL Compilation)","Relic Stats","StSLib"],"gold_per_floor":[115,115,132,132,97,138,138,163,163,163,179,14,14,52,52,145,145,159,172,172,191,191,191],"floor_reached":22,"playtime":1094,"items_purged":[],"score":388,"play_id":"4dc95b6e-0bb6-4246-8470-5106389cd456","local_time":"20201216221623","is_ascension_mode":true,"campfire_choices":[{"data":"Neutralize","floor":7.0,"key":"SMITH"},{"data":"Wraith Form v2","floor":10.0,"key":"SMITH"},{"data":"Blade Dance","floor":15.0,"key":"SMITH"}],"circlet_count":0,"master_deck":["AscendersBane","Strike_G+1","Strike_G","Strike_G","Strike_G+1","Strike_G","Defend_G","Defend_G","Defend_G","Defend_G","Defend_G","Survivor","Neutralize+1","Wraith Form v2+1","Quick Slash","Blade Dance+1","Noxious Fumes","Backstab","Footwork","Phantasmal Killer","A Thousand Cuts","CurseOfTheBell","Dagger Spray","Deflect","Dash"],"relics":["Ring of the Snake","Golden Idol","Eternal Feather","Shuriken","OrangePellets","MealTicket","Calling Bell","The Courier","Art of War","Peace Pipe"],"acts_visited":["Exordium","TheCity"],"potions_floor_usage":[21,21],"damage_taken":[{"damage":0.0,"enemies":"2 Louse","floor":1.0,"turns":3.0},{"damage":0.0,"enemies":"Jaw Worm","floor":3.0,"turns":4.0},{"damage":15.0,"enemies":"3 Sentries","floor":6.0,"turns":7.0},{"damage":4.0,"enemies":"Small Slimes","floor":8.0,"turns":3.0},{"damage":5.0,"enemies":"Blue Slaver","floor":11.0,"turns":4.0},{"damage":2.0,"enemies":"Gremlin Nob","floor":14.0,"turns":5.0},{"damage":4.0,"enemies":"Slime Boss","floor":16.0,"turns":10.0},{"damage":23.0,"enemies":"2 Thieves","floor":18.0,"turns":5.0},{"damage":24.0,"enemies":"3 Byrds","floor":19.0,"turns":5.0},{"damage":5,"enemies":"Shelled Parasite and Fungi","floor":21,"turns":8},{"damage":10,"enemies":"Centurion and Healer","floor":22,"turns":5}],"seed_played":"3981601592644745431","potions_obtained":[{"floor":3.0,"key":"Strength Potion"},{"floor":6.0,"key":"Poison Potion"},{"floor":16.0,"key":"Explosive Potion"},{"floor":19.0,"key":"ColorlessPotion"},{"floor":20.0,"key":"PowerPotion"},{"floor":20.0,"key":"SpeedPotion"}],"is_trial":false,"path_per_floor":["M","?","M","?","?","E","R","M","T","R","M","$","?","E","R","B",null,"M","M","?","M","M"],"character_chosen":"THE_SILENT","items_purchased":["OrangePellets"],"campfire_rested":0,"item_purchase_floors":[12],"current_hp_per_floor":[59,39,39,39,54,39,48,44,44,53,48,48,48,46,58,54,59,36,12,12,7,0,0],"gold":191,"neow_bonus":"ONE_RANDOM_RARE_CARD","is_daily":false,"chose_seed":false,"campfire_upgraded":3,"win_rate":0.0,"timestamp":1608156983,"path_taken":["M","?","M","?","?","E","R","M","T","R","M","$","?","E","R","BOSS","M","M","?","M","M"],"items_purchased_type":["Relic"],"build_version":"2020-12-13","purchased_purges":0,"victory":false,"max_hp_per_floor":[66,66,66,60,60,60,60,60,60,60,60,60,60,60,60,60,60,60,60,60,60,60,60],"relic_stats":{"Peace Pipe":0,"OrangePellets":[7],"counters":[11,59],"Golden Idol":53,"Shuriken":[16],"Eternal Feather":30,"MealTicket":0,"Art of War":[2],"obtain_stats":[{"Calling Bell":17,"Peace Pipe":17,"OrangePellets":12,"Golden Idol":4,"Shuriken":9,"Eternal Feather":6,"MealTicket":14,"The Courier":17,"Art of War":17,"Ring of the Snake":0},{"Calling Bell":7,"Peace Pipe":7,"OrangePellets":5,"Golden Idol":2,"Shuriken":4,"Eternal Feather":3,"MealTicket":6,"The Courier":7,"Art of War":7,"Ring of the Snake":0},{"Calling Bell":36,"Peace Pipe":36,"OrangePellets":21,"Golden Idol":7,"Shuriken":17,"Eternal Feather":14,"MealTicket":26,"The Courier":36,"Art of War":36,"Ring of the Snake":0}],"Ring of the Snake":[22]},"card_choices":[{"not_picked":["Eviscerate","Acrobatics"],"picked":"Quick Slash","floor":1.0},{"not_picked":["Acrobatics","Underhanded Strike"],"picked":"Blade Dance","floor":3.0},{"not_picked":["Backflip","Deadly Poison"],"picked":"Noxious Fumes","floor":6.0},{"not_picked":["Sucker Punch","Blade Dance"],"picked":"Backstab","floor":8.0},{"not_picked":["Backflip","All Out Attack"],"picked":"Footwork","floor":11.0},{"not_picked":["Deadly Poison","Well Laid Plans"],"picked":"Phantasmal Killer","floor":14.0},{"not_picked":["Bullet Time","Envenom"],"picked":"A Thousand Cuts","floor":16.0},{"not_picked":["Bane","Masterful Stab"],"picked":"Dagger Spray","floor":18.0},{"not_picked":["Bane","Backflip"],"picked":"Deflect","floor":19.0},{"not_picked":["Dagger Throw","Concentrate"],"picked":"Dash","floor":21}],"player_experience":789565,"relics_obtained":[{"floor":6.0,"key":"Eternal Feather"},{"floor":9.0,"key":"Shuriken"},{"floor":14.0,"key":"MealTicket"},{"floor":17.0,"key":"The Courier"},{"floor":17.0,"key":"Art of War"},{"floor":17.0,"key":"Peace Pipe"}],"event_choices":[{"damage_healed":0.0,"max_hp_gain":0.0,"max_hp_loss":0.0,"gold_gain":0.0,"event_name":"Shining Light","player_choice":"Entered Light","floor":2.0,"gold_loss":0.0,"damage_taken":20.0,"cards_upgraded":["Strike_G","Strike_G"]},{"damage_healed":0.0,"max_hp_gain":0.0,"max_hp_loss":6.0,"gold_gain":0.0,"event_name":"Golden Idol","player_choice":"Lose Max HP","floor":4.0,"gold_loss":0.0,"damage_taken":0.0,"relics_obtained":["Golden Idol"]},{"damage_healed":15.0,"max_hp_gain":0.0,"max_hp_loss":0.0,"gold_gain":0.0,"event_name":"The Cleric","player_choice":"Healed","floor":5.0,"gold_loss":35.0,"damage_taken":0.0},{"damage_healed":0.0,"max_hp_gain":0.0,"max_hp_loss":0.0,"gold_gain":0.0,"event_name":"Scrap Ooze","player_choice":"Fled","floor":13.0,"gold_loss":0.0,"damage_taken":0.0},{"damage_healed":0.0,"max_hp_gain":0.0,"max_hp_loss":0.0,"gold_gain":0.0,"event_name":"Lab","player_choice":"Got Potions","floor":20.0,"gold_loss":0.0,"damage_taken":0.0}],"is_beta":false,"boss_relics":[{"not_picked":["Astrolabe","Fusion Hammer"],"picked":"Calling Bell"}],"items_purged_floors":[],"is_endless":false,"potions_floor_spawned":[3,6,16,19],"killed_by":"Centurion and Healer","ascension_level":20}}