{"host":"en3i0mvpfa3c1sbz","time":1608113973,"event":{"mods":["BaseMod","BetterRewards","Dota2Spire","Downfall","GifTheSpireLib","Hubris","Infinite Spire","Marisa£®ÏF”Í°°ƒß¿Ì…≥£©","Minty Spire (QoL Compilation)","READ ME - Guardian Mod","Replay The Spire","Shop Mod","StSLib","Stuff the Spire","The Administrix","The Factory","The Jungle"],"gold_per_floor":[116,126,86,106,281,54,54,69,92,103,129,129,129,163,163,267,267,279,279,297,112,126,151,151,178,178,178,178,203,203,203,203,300,300,312,312,331,344,344,344,379,379,379,379,414,46,46,96,96,192,192,192,192],"floor_reached":52,"playtime":8778,"items_purged":["Doubt"],"score":992,"play_id":"a72d74b2-5dfa-410c-9adf-5a570ef82815","local_time":"20201216181933","is_ascension_mode":true,"campfire_choices":[{"floor":7.0,"key":"RECALL"},{"data":"infinitespire:Neurotoxin","floor":12.0,"key":"SMITH"},{"floor":24.0,"key":"REST"},{"data":"StuffTheSpire:BrainWave","floor":32.0,"key":"SMITH"},{"data":"ReplayTheSpireMod:Black Plague","floor":40.0,"key":"SMITH"},{"data":"Cloak And Dagger","floor":42.0,"key":"SMITH"},{"data":"ReplayTheSpireMod:Book of Names","floor":49.0,"key":"SMITH"}],"circlet_count":0,"master_deck":["Strike_G","Strike_G","Strike_G","Strike_G","Strike_G","Defend_G","Defend_G","Defend_G","Defend_G","Defend_G","Survivor","Neutralize","Blade Dance","Well Laid Plans","Backflip","Blur","infinitespire:Neurotoxin+1","Dagger Throw","Neutralize","Prepared","Dagger Spray","StuffTheSpire:Injection","infinitespire:Starlight","Cloak And Dagger","Choke+1","Burst+1","StuffTheSpire:BrimstoneBlast+1","Neutralize","Shame","StuffTheSpire:BrainWave+1","Cloak And Dagger+1","StuffTheSpire:Shiver+1","Hallucinations","StuffTheSpire:Vigor","Unload+1","Outmaneuver+1","ReplayTheSpireMod:Black Plague+1","Sneak Up+1","StuffTheSpire:MirrorStance+1","Blur+1","ReplayTheSpireMod:Book of Names+1","Accuracy+1","Caltrops+1","Cloak And Dagger+1","Apotheosis+1","ReplayTheSpireMod:Private Reserves+1","expansioncontent:DecasProtection+1","Glass Knife+1"],"relics":["Ring of the Snake","StuffTheSpire:Saxophone","Blood Vial","Juzu Bracelet","Replay:Bronze Core","StuffTheSpire:Nightcore","theJungle:Creamberry","Nunchaku","Dota2Spire:AghanimScepter","Dota2Spire:CrimsonGuard","theJungle:PaperFaux","Mummified Hand","Ornamental Fan","ReplayTheSpireMod:Ring of Collecting","ReplayTheSpireMod:Ring of Addiction","White Beast Statue","Chameleon Ring","hubris:Backtick","StuffTheSpire:OccultApparatus","StuffTheSpire:ForceGauntlet","ReplayTheSpireMod:Ring of Exchange","infinitespire:Eraser","Golden Egg","Vajra","ReplayTheSpireMod:ShopPack","Orichalcum","Ring of Greed","hubris:Metronome","Tiny Chest","Dota2Spire:RefresherOrb"],"acts_visited":["Exordium","Exordium","theJungle:Jungle"],"potions_floor_usage":[],"damage_taken":[{"damage":0.0,"enemies":"Cultist","floor":1.0,"turns":3.0},{"damage":4.0,"enemies":"Small Slimes","floor":2.0,"turns":3.0},{"damage":3.0,"enemies":"2 Louse","floor":4.0,"turns":2.0},{"damage":5.0,"enemies":"Gremlin Gang","floor":8.0,"turns":6.0},{"damage":6.0,"enemies":"2 Fungi Beasts","floor":10.0,"turns":4.0},{"damage":11.0,"enemies":"Lagavulin","floor":11.0,"turns":10.0},{"damage":33.0,"enemies":"Gremlin Nob","floor":14.0,"turns":5.0},{"damage":5.0,"enemies":"The Guardian","floor":16.0,"turns":11.0},{"damage":5.0,"enemies":"theJungle:Flameango_and_Byrd","floor":18.0,"turns":5.0},{"damage":4.0,"enemies":"Shell Parasite","floor":20.0,"turns":4.0},{"damage":21.0,"enemies":"theJungle:2_Flameangoes","floor":22.0,"turns":6.0},{"damage":41.0,"enemies":"Nightmare","floor":23.0,"turns":6.0},{"damage":1.0,"enemies":"theJungle:2_Phrogs","floor":25.0,"turns":9.0},{"damage":4.0,"enemies":"theJungle:Cassacara","floor":29.0,"turns":3.0},{"damage":1.0,"enemies":"JungleHuntersEvent","floor":30.0,"turns":5.0},{"damage":33.0,"enemies":"theJungle:TotemBoss","floor":33.0,"turns":7.0},{"damage":9.0,"enemies":"theFactory:2_Experiment_Personnel","floor":35.0,"turns":7.0},{"damage":0.0,"enemies":"theFactory:4_Mini-Bots","floor":37.0,"turns":4.0},{"damage":0.0,"enemies":"theFactory:Sentries_and_Big_Bot","floor":38.0,"turns":2.0},{"damage":0.0,"enemies":"theFactory:DrinkBrewer","floor":41.0,"turns":2.0},{"damage":32.0,"enemies":"Nightmare","floor":45.0,"turns":9.0},{"damage":0.0,"enemies":"theFactory:SPIDER","floor":50.0,"turns":5.0},{"damage":0,"enemies":"Small Slimes","floor":52,"turns":1}],"seed_played":"-7467122525546649004","potions_obtained":[{"floor":3.0,"key":"CunningPotion"},{"floor":3.0,"key":"Guardian:BlockOnCardUsePotion"},{"floor":3.0,"key":"LifebloodPotion"},{"floor":8.0,"key":"Dexterity Potion"},{"floor":11.0,"key":"GamblersBrew"},{"floor":15.0,"key":"PowerPotion"},{"floor":15.0,"key":"Fire Potion"},{"floor":16.0,"key":"BlessingOfTheForge"},{"floor":18.0,"key":"ColorlessPotion"},{"floor":23.0,"key":"BlessingOfTheForge"},{"floor":31.0,"key":"Strength Potion"},{"floor":31.0,"key":"Explosive Potion"},{"floor":31.0,"key":"champ:CounterPotion"},{"floor":33.0,"key":"Death Potion"},{"floor":35.0,"key":"FearPotion"},{"floor":37.0,"key":"Dexterity Potion"},{"floor":38.0,"key":"Reflective Coating"},{"floor":41.0,"key":"EntropicBrew"}],"is_trial":false,"path_per_floor":["M","M","?","M","?","$","R","M","T","M","E","R","?","E","R","B",null,"M","AVR","M","?","M","NM","R","E","T","?","?","E","?","?","R","B",null,"M","?","M","M","?","R","E","R","T","?","NM","$","?","T","R","B",null,"M"],"character_chosen":"THE_SILENT","items_purchased":["StuffTheSpire:Saxophone","Caltrops","Vajra","ReplayTheSpireMod:ShopPack","Cloak And Dagger"],"campfire_rested":1,"item_purchase_floors":[6,46,46,46,46],"current_hp_per_floor":[77,73,73,70,70,70,70,65,65,59,48,48,48,17,17,14,77,72,72,70,70,61,32,55,66,66,66,66,73,74,74,74,53,77,76,57,69,71,71,71,73,73,73,73,73,73,64,64,64,66,71,71,71],"gold":192,"neow_bonus":"TEN_PERCENT_HP_BONUS","is_daily":false,"chose_seed":false,"campfire_upgraded":5,"win_rate":0.0,"timestamp":1608113973,"path_taken":["M","M","?","?","?","$","R","M","T","M","E","R","?","E","R","BOSS","M","AVR","M","?","M","NM","R","E","T","?","?","E","?","?","R","BOSS","M","?","M","M","?","R","E","R","T","?","NM","$","?","?","R","BOSS","M"],"items_purchased_type":["Relic","Card","Relic","Relic","Card"],"build_version":"2020-12-13","purchased_purges":1,"victory":false,"max_hp_per_floor":[77,77,77,77,77,77,77,77,77,77,77,77,77,77,77,77,77,77,77,77,77,77,77,77,77,77,77,77,77,77,77,77,77,77,77,77,75,75,75,75,75,75,75,75,75,75,75,73,73,73,71,71,71],"card_choices":[{"not_picked":["Outmaneuver","Fluid Movement"],"picked":"Blade Dance","floor":1.0},{"not_picked":["Sucker Punch","StuffTheSpire:BumpUp"],"picked":"Well Laid Plans","floor":2.0},{"not_picked":["StuffTheSpire:ClusterCrunch","Slice"],"picked":"Backflip","floor":4.0},{"not_picked":["StuffTheSpire:BumpUp","Slice"],"picked":"Blur","floor":8.0},{"not_picked":["hubris:SlightOfHand","Outmaneuver"],"picked":"infinitespire:Neurotoxin","floor":10.0},{"not_picked":["StuffTheSpire:Repulse","ReplayTheSpireMod:The Works"],"picked":"Dagger Throw","floor":11.0},{"not_picked":["Crippling Poison","Escape Plan"],"picked":"Dagger Spray","floor":14.0},{"not_picked":["Adrenaline","Wraith Form v2"],"picked":"Bullet Time","floor":16.0},{"not_picked":["Dagger Spray","Prepared"],"picked":"StuffTheSpire:Injection","floor":18.0},{"not_picked":["StuffTheSpire:Python","Outmaneuver"],"picked":"Cloak And Dagger","floor":20.0},{"not_picked":["StuffTheSpire:ClusterCrunch","Dash+1"],"picked":"Choke+1","floor":22.0},{"not_picked":["ReplayTheSpireMod:Scrap Shanks+1","Underhanded Strike"],"picked":"Burst+1","floor":23.0},{"not_picked":["PiercingWail","StuffTheSpire:BumpUp"],"picked":"StuffTheSpire:BrimstoneBlast+1","floor":25.0},{"not_picked":["Dodge and Roll","hubris:SlightOfHand"],"picked":"Cloak And Dagger","floor":29.0},{"not_picked":["Flying Knee","Dagger Spray"],"picked":"StuffTheSpire:Shiver+1","floor":30.0},{"not_picked":["Doppelganger+1","Storm of Steel+1"],"picked":"Unload+1","floor":33.0},{"not_picked":["Bane+1","Hidden Blade"],"picked":"Outmaneuver+1","floor":35.0},{"not_picked":["infinitespire:TheBestDefense","hubris:InfiniteBlow+2"],"picked":"ReplayTheSpireMod:Black Plague","floor":36.0},{"not_picked":["StuffTheSpire:Python","Outmaneuver+1"],"picked":"Sneak Up+1","floor":37.0},{"not_picked":["Hidden Blade","hubris:SlightOfHand"],"picked":"StuffTheSpire:MirrorStance+1","floor":38.0},{"not_picked":["StuffTheSpire:ReptileScales+1","Quick Slash+1"],"picked":"Blur+1","floor":41.0},{"not_picked":["ReplayTheSpireMod:Black Plague","ReplayTheSpireMod:??????????????????????"],"picked":"ReplayTheSpireMod:Book of Names","floor":45.0},{"not_picked":["Expertise+1","Poison Darts+1"],"picked":"Accuracy+1","floor":45.0},{"not_picked":["Metamorphosis","hubris:EnhanceAbility"],"picked":"Apotheosis","floor":46.0},{"not_picked":["StuffTheSpire:PlasmaPunch","Blind"],"picked":"ReplayTheSpireMod:Private Reserves","floor":46.0},{"not_picked":["Bandage Up","Finesse"],"picked":"expansioncontent:DecasProtection","floor":46.0},{"not_picked":["Unload+1","Bullet Time+1"],"picked":"Glass Knife+1","floor":50.0}],"player_experience":288400,"relics_obtained":[{"floor":11.0,"key":"Blood Vial"},{"floor":14.0,"key":"Juzu Bracelet"},{"floor":23.0,"key":"Nunchaku"},{"floor":25.0,"key":"Dota2Spire:AghanimScepter"},{"floor":26.0,"key":"Dota2Spire:CrimsonGuard"},{"floor":29.0,"key":"Mummified Hand"},{"floor":30.0,"key":"Ornamental Fan"},{"floor":31.0,"key":"ReplayTheSpireMod:Ring of Collecting"},{"floor":31.0,"key":"ReplayTheSpireMod:Ring of Addiction"},{"floor":31.0,"key":"White Beast Statue"},{"floor":31.0,"key":"Chameleon Ring"},{"floor":41.0,"key":"StuffTheSpire:ForceGauntlet"},{"floor":43.0,"key":"ReplayTheSpireMod:Ring of Exchange"},{"floor":43.0,"key":"infinitespire:Eraser"},{"floor":45.0,"key":"Golden Egg"},{"floor":48.0,"key":"Ring of Greed"},{"floor":48.0,"key":"hubris:Metronome"},{"floor":48.0,"key":"Tiny Chest"}],"event_choices":[{"damage_healed":0.0,"max_hp_gain":0.0,"max_hp_loss":0.0,"gold_gain":0.0,"event_name":"The Woman in Blue","player_choice":"Bought 3 Potions","floor":3.0,"gold_loss":0.0,"damage_taken":0.0},{"damage_healed":0.0,"max_hp_gain":0.0,"max_hp_loss":0.0,"gold_gain":175.0,"event_name":"Liars Game","player_choice":"AGREE","floor":5.0,"gold_loss":0.0,"damage_taken":0.0,"cards_obtained":["Doubt"]},{"damage_healed":0.0,"max_hp_gain":0.0,"max_hp_loss":0.0,"gold_gain":0.0,"event_name":"Match and Keep!","player_choice":"2 cards matched","floor":13.0,"gold_loss":0.0,"damage_taken":0.0,"cards_obtained":["Neutralize","Prepared"]},{"damage_healed":0.0,"max_hp_gain":0.0,"max_hp_loss":0.0,"gold_gain":0.0,"event_name":"Match and Keep!","player_choice":"1 cards matched","floor":27.0,"gold_loss":0.0,"damage_taken":0.0,"cards_obtained":["Neutralize"]}],"is_beta":false,"boss_relics":[{"not_picked":["StuffTheSpire:Kangaroo","Painkiller Herb"],"picked":"Replay:Bronze Core"},{"not_picked":["Cursed Key","Busted Crown"],"picked":"hubris:Backtick"},{"not_picked":["infinitespire:Cupcake","TheAbacus"],"picked":"Dota2Spire:RefresherOrb"}],"items_purged_floors":[6],"is_endless":true,"potions_floor_spawned":[4,8,11,16,18,23,33,35,37,38,41,50],"killed_by":"Small Slimes","ascension_level":3}}