{"host":"rhvnggv2pwqsaug0","time":1608110015,"event":{"mods":["BaseMod","Minty Spire (QoL Compilation)","Replay The Spire","StSLib"],"gold_per_floor":[117,192,467,481,35,62,62,97,120,155,169,183,214,233,233,329,329,329,50,50,50,50],"floor_reached":21,"playtime":566,"items_purged":["Regret"],"score":283,"play_id":"a60f9d13-4bfe-4aa5-bda1-a1d24e99f232","local_time":"20201216171335","is_ascension_mode":true,"campfire_choices":[{"data":"Inflame","floor":7,"key":"SMITH"},{"data":"Inflame","floor":15,"key":"SMITH"}],"circlet_count":0,"master_deck":["Strike_R","Strike_R","Strike_R","Strike_R","Strike_R","Defend_R","Defend_R","Defend_R","Defend_R","Bash","ReplayTheSpireMod:LeadingStrike","ReplayTheSpireMod:Limb From Limb","Inflame+1","Heavy Blade","Inflame+1","Clash","Headbutt","ReplayTheSpireMod:LeadingStrike","Demonic Infusion","Heavy Blade+1","Inflame+1","Spot Weakness"],"relics":["Burning Blood","NeowsBlessing","Brimstone","Blue Doll","Toy Ornithopter","Regal Pillow","ReplayTheSpireMod:Ninjato","Ancient Tea Set","Ectoplasm","Pen Nib","Nloth\u0027s Gift"],"acts_visited":["Exordium","TheCity"],"potions_floor_usage":[10,12],"damage_taken":[{"damage":0,"enemies":"Small Slimes","floor":1,"turns":1},{"damage":0,"enemies":"Cultist","floor":4,"turns":1},{"damage":0,"enemies":"3 Sentries","floor":6,"turns":1},{"damage":0,"enemies":"Gremlin Nob","floor":8,"turns":2},{"damage":30,"enemies":"3 Sentries","floor":10,"turns":5},{"damage":0,"enemies":"2 Louse","floor":11,"turns":1},{"damage":11,"enemies":"Red Slaver","floor":12,"turns":3},{"damage":16,"enemies":"Replay:BlueRogue","floor":13,"turns":4},{"damage":2,"enemies":"3 Louse","floor":14,"turns":2},{"damage":50,"enemies":"Fading Forest","floor":16,"turns":11},{"damage":4,"enemies":"Chosen","floor":18,"turns":3},{"damage":87,"enemies":"3 Byrds","floor":21,"turns":4}],"seed_played":"7879647872587328728","potions_obtained":[{"floor":6,"key":"SteroidPotion"},{"floor":11,"key":"Block Potion"},{"floor":12,"key":"SpeedPotion"}],"is_trial":false,"path_per_floor":["M","?","?","M","$","E","R","E","T","E","M","M","E","M","R","B",null,"M","$","?","M"],"character_chosen":"IRONCLAD","items_purchased":["Inflame","Brimstone","Blue Doll","Inflame+1","Pen Nib","Spot Weakness"],"campfire_rested":0,"item_purchase_floors":[5,5,5,19,19,19],"current_hp_per_floor":[80,69,69,75,75,87,87,87,87,63,69,69,59,63,63,43,87,87,87,87,0,0],"gold":50,"neow_bonus":"THREE_ENEMY_KILL","is_daily":false,"chose_seed":false,"campfire_upgraded":2,"win_rate":0.0,"timestamp":1608110015,"path_taken":["M","?","?","M","$","E","R","E","T","E","?","M","E","M","R","BOSS","M","$","?","?"],"items_purchased_type":["Card","Relic","Relic","Card","Relic","Card"],"build_version":"2020-12-13","purchased_purges":1,"victory":false,"max_hp_per_floor":[80,80,80,80,80,87,87,87,87,87,87,87,87,87,87,87,87,87,87,87,87,87],"card_choices":[{"not_picked":["Shrug It Off","Sever Soul"],"picked":"ReplayTheSpireMod:LeadingStrike","floor":1},{"not_picked":["Abandon","Headbutt"],"picked":"ReplayTheSpireMod:Limb From Limb","floor":4},{"not_picked":["Infernal Blade","ReplayTheSpireMod:Strike From Hell"],"picked":"Heavy Blade","floor":6},{"not_picked":["Brutality","Replay:Undeath\u0027s Touch"],"picked":"Inflame","floor":8},{"not_picked":["ReplayTheSpireMod:LeadingStrike","Warcry"],"picked":"Clash","floor":10},{"not_picked":["Armaments","Twin Strike","Metallicize"],"picked":"SKIP","floor":11},{"not_picked":["True Grit","Cleave"],"picked":"Headbutt","floor":12},{"not_picked":["Blood for Blood","Hemokinesis","Second Wind"],"picked":"SKIP","floor":13},{"not_picked":["Perfected Strike","Iron Wave"],"picked":"ReplayTheSpireMod:LeadingStrike","floor":14},{"not_picked":["Replay:Many Hands","Immolate"],"picked":"Demonic Infusion","floor":16},{"not_picked":["Replay:Undeath\u0027s Touch","Thunderclap"],"picked":"Heavy Blade+1","floor":18}],"player_experience":203397,"relics_obtained":[{"floor":6,"key":"Strawberry"},{"floor":8,"key":"Toy Ornithopter"},{"floor":9,"key":"Regal Pillow"},{"floor":10,"key":"ReplayTheSpireMod:Ninjato"},{"floor":13,"key":"Ancient Tea Set"}],"event_choices":[{"damage_healed":0,"gold_gain":75,"player_choice":"Gather Gold","damage_taken":11,"max_hp_gain":0,"max_hp_loss":0,"event_name":"World of Goop","floor":2,"gold_loss":0},{"damage_healed":0,"gold_gain":275,"player_choice":"Desecrate","damage_taken":0,"max_hp_gain":0,"max_hp_loss":0,"event_name":"Golden Shrine","floor":3,"gold_loss":0,"cards_obtained":["Regret"]},{"damage_healed":0,"gold_gain":0,"player_choice":"Traded Relic","damage_taken":0,"relics_obtained":["Nloth\u0027s Gift"],"max_hp_gain":0,"max_hp_loss":0,"event_name":"N\u0027loth","floor":20,"relics_lost":["Strawberry"],"gold_loss":0}],"is_beta":false,"boss_relics":[{"not_picked":["Busted Crown","Ooze Armor"],"picked":"Ectoplasm"}],"items_purged_floors":[5],"is_endless":false,"potions_floor_spawned":[6,11,12],"killed_by":"3 Byrds","ascension_level":2}}