{"host":"0u21swshytqr30ym","time":1608138591,"event":{"mods":["2.2 Compatiblity","Act Like it!","BaseMod","Better Third Choice","ChefMod","Colored Map","Downfall","Hallownest","Hermit","Hubris","Minty Spire (QoL Compilation)","StSLib","The Bug Knight"],"gold_per_floor":[99,99,128,128,155,188,188,212,212,246,268,268,294,394,415,415,415],"floor_reached":16,"playtime":2219,"items_purged":[],"score":145,"play_id":"04b2ee0f-c307-4996-be19-112473fb0a24","local_time":"20201216150951","is_ascension_mode":false,"campfire_choices":[{"data":"hexamod:Float","floor":1,"key":"SMITH"}],"circlet_count":0,"master_deck":["hexamod:Strike","hexamod:Strike+1","hexamod:Strike","hexamod:Strike","hexamod:Defend+1","hexamod:Defend","hexamod:Defend","hexamod:Defend+1","hexamod:Sear+1","hexamod:Float+1","hexamod:NecessarySacrifice+1","hexamod:EmpoweredFlame","hexamod:SecondSeal","hexamod:Again+1","hexamod:SixthSeal","hexamod:ThermalTransfer","hexamod:FourthSeal","hexamod:AdvancingGuard","hexamod:CatchUp","hexamod:FastForward"],"relics":["hexamod:SpiritBrand","downfall:HeartsMalice","Akabeko","StoneCalendar","hubris:MysteriousPyramids","Bag of Preparation","hubris:Towel"],"acts_visited":["Exordium"],"potions_floor_usage":[11,11,15,15,15,16,16,16],"damage_taken":[{"damage":0,"enemies":"Small Slimes","floor":2,"turns":1},{"damage":0,"enemies":"HollowMod:MossKnight","floor":3,"turns":1},{"damage":0,"enemies":"Cultist","floor":4,"turns":1},{"damage":1,"enemies":"2 Louse","floor":5,"turns":3},{"damage":11,"enemies":"3 Sentries","floor":6,"turns":10},{"damage":13,"enemies":"Blue Slaver","floor":8,"turns":5},{"damage":24,"enemies":"Lagavulin","floor":10,"turns":7},{"damage":7,"enemies":"Red Slaver","floor":11,"turns":2},{"damage":0,"enemies":"2 Fungi Beasts","floor":13,"turns":3},{"damage":8,"enemies":"Large Slime","floor":15,"turns":7},{"damage":8,"enemies":"downfall:Defect","floor":16,"turns":5}],"seed_played":"-6386776817823787853","potions_obtained":[{"floor":3,"key":"FearPotion"},{"floor":8,"key":"DuplicationPotion"},{"floor":10,"key":"Fire Potion"},{"floor":11,"key":"EntropicBrew"},{"floor":11,"key":"Guardian:BlockOnCardUsePotion"},{"floor":13,"key":"Block Potion"}],"is_trial":false,"path_per_floor":["R","M","E","M","M","E","T","M","?","E","M","?","M","?","M","B"],"character_chosen":"THE_SPIRIT","items_purchased":[],"campfire_rested":0,"item_purchase_floors":[],"current_hp_per_floor":[70,70,70,70,69,58,58,45,45,21,14,14,14,14,6,0,0],"gold":415,"neow_bonus":"THREE_ENEMY_KILL","is_daily":false,"chose_seed":false,"campfire_upgraded":1,"win_rate":0.0,"timestamp":1608138591,"path_taken":["R","M","E","M","M","E","T","M","?","E","?","?","M","?","M","BOSS"],"items_purchased_type":[],"build_version":"2020-12-13","purchased_purges":0,"victory":false,"max_hp_per_floor":[70,70,70,70,70,70,70,70,70,70,70,70,70,70,70,70,70],"card_choices":[{"not_picked":["hexamod:HeatCrush","hexamod:SwordOfDarkness"],"picked":"hexamod:NecessarySacrifice","floor":2},{"not_picked":["hexamod:NightmareGuise","hexamod:Firestarter"],"picked":"hexamod:EmpoweredFlame","floor":3},{"not_picked":["hexamod:GhostLash","hexamod:BurningTouch"],"picked":"hexamod:SecondSeal","floor":4},{"not_picked":["hexamod:RainOfEmbers","hexamod:SecondSeal"],"picked":"hexamod:Again","floor":5},{"not_picked":["hexamod:HauntingEcho","hexamod:ChargedBarrage"],"picked":"hexamod:SixthSeal","floor":6},{"not_picked":["hexamod:GhostShield","hexamod:BurningTouch"],"picked":"hexamod:ThermalTransfer","floor":8},{"not_picked":["hexamod:SpectersWail","hexamod:RainOfEmbers"],"picked":"hexamod:FourthSeal","floor":10},{"not_picked":["hexamod:PhantomCloak","hexamod:HauntingEcho"],"picked":"hexamod:AdvancingGuard","floor":11},{"not_picked":["hexamod:GhostflameBarrier","hexamod:SpectersWail"],"picked":"hexamod:CatchUp","floor":13},{"not_picked":["hexamod:PhantomCloak","hexamod:SpectersWail"],"picked":"hexamod:FastForward","floor":15}],"player_experience":344510,"relics_obtained":[{"floor":3,"key":"Akabeko"},{"floor":6,"key":"StoneCalendar"},{"floor":7,"key":"hubris:MysteriousPyramids"},{"floor":10,"key":"Bag of Preparation"}],"event_choices":[{"damage_healed":0,"gold_gain":0,"player_choice":"Forge","damage_taken":0,"max_hp_gain":0,"max_hp_loss":0,"event_name":"Accursed Blacksmith","floor":9,"gold_loss":0,"cards_upgraded":["hexamod:Again"]}],"is_beta":false,"boss_relics":[],"items_purged_floors":[],"is_endless":false,"potions_floor_spawned":[3,8,10,11,15],"killed_by":"downfall:Defect","ascension_level":0}}