{"host":"agga6lej02o7kt08","time":1608109810,"event":{"mods":["Aspiration","BaseMod","Better Third Choice","BetterRewards","Colored Map","Colored Powertips","Hubris","Minty Spire (QoL Compilation)","Replay The Spire","Spicy Shops","StSLib","¡¼?Úª?ø«¡½REMEMod"],"gold_per_floor":[109,129,129,129,242,222,21,52,52,79,91,108,108,108,108,305,305,325,437,437,160,127,127,127],"floor_reached":23,"playtime":1589,"items_purged":["Strike_R","Defend_R","Strike_R","Defend_R"],"score":327,"play_id":"7a2f2aa9-da16-4dd8-80fc-c5658ea69cd7","local_time":"20201216181010","is_ascension_mode":true,"campfire_choices":[{"data":"REME_Cut","floor":13.0,"key":"SMITH"},{"data":"Strike_R","floor":15.0,"key":"PURGE"}],"circlet_count":0,"master_deck":["Strike_R","Strike_R","Defend_R","Defend_R","Bash","Burst","Battle Trance","Wild Strike","Defy Death","Second Wind","REME_Cut+1","Limit Break","CurseOfTheBell","Power Through","Inflame","Inflame+1"],"relics":["Burning Blood","REME_ComplimentaryCards","hubris:Teleporter","aspiration:KMNothing","hubris:Icosahedron","CaptainsWheel","Juzu Bracelet","Replay:Mystery Machine","Ginger","hubris:TenFootPole","Calling Bell","hubris:ToyBattleship","Gremlin Horn","Magic Flower","WingedGreaves"],"acts_visited":["Exordium","TheCity"],"potions_floor_usage":[16,16],"damage_taken":[{"damage":1.0,"enemies":"Cultist","floor":1.0,"turns":3.0},{"damage":5.0,"enemies":"Small Slimes","floor":2.0,"turns":4.0},{"damage":1.0,"enemies":"Jaw Worm","floor":5.0,"turns":6.0},{"damage":22.0,"enemies":"Lagavulin","floor":6.0,"turns":8.0},{"damage":9.0,"enemies":"3 Sentries","floor":8.0,"turns":10.0},{"damage":18.0,"enemies":"Gremlin Nob","floor":10.0,"turns":4.0},{"damage":2.0,"enemies":"Blue Slaver","floor":11.0,"turns":3.0},{"damage":0.0,"enemies":"3 Louse","floor":12.0,"turns":4.0},{"damage":12,"enemies":"Fading Forest","floor":16,"turns":11},{"damage":25,"enemies":"Spheric Guardian","floor":18,"turns":8},{"damage":5,"enemies":"3 Byrds","floor":19,"turns":12},{"damage":42,"enemies":"3 Cultists","floor":22,"turns":7},{"damage":36,"enemies":"Slavers","floor":23,"turns":2}],"seed_played":"-7126570246659293890","potions_obtained":[{"floor":1.0,"key":"BlessingOfTheForge"},{"floor":6.0,"key":"LifebloodPotion"},{"floor":11.0,"key":"Weak Potion"},{"floor":12.0,"key":"Energy Potion"},{"floor":16,"key":"Dexterity Potion"}],"is_trial":false,"path_per_floor":["M","M","?","?","M","E","$","E","T","E","M","M","R","?","R_BF","B",null,"M","M","?","$","M","E"],"character_chosen":"IRONCLAD","items_purchased":["Juzu Bracelet","Inflame","WingedGreaves"],"campfire_rested":0,"item_purchase_floors":[7,21,21],"current_hp_per_floor":[62,63,63,63,68,52,52,49,49,37,41,47,47,73,73,80,80,64,68,68,68,35,0,0],"gold":127,"neow_bonus":"","is_daily":false,"chose_seed":false,"campfire_upgraded":1,"win_rate":0.0,"timestamp":1608109810,"path_taken":["M","M","?","?","M","E","$","E","T","E","M","M","R","?","R_BF","BOSS","M","M","?","$","M","E"],"items_purchased_type":["Relic","Card","Relic"],"build_version":"2020-12-13","purchased_purges":4,"victory":false,"max_hp_per_floor":[80,80,80,80,80,80,80,80,80,80,80,80,80,80,80,80,80,80,80,80,80,80,80,80],"card_choices":[{"not_picked":["Clothesline","Thunderclap","Pommel Strike"],"picked":"SKIP","floor":1.0},{"not_picked":["Clothesline","Headbutt"],"picked":"Battle Trance","floor":2.0},{"not_picked":["Cleave","True Grit"],"picked":"Wild Strike","floor":5.0},{"not_picked":["Berserk","ReplayTheSpireMod:Corrosion Curse"],"picked":"Defy Death","floor":6.0},{"not_picked":["Warcry","Anger"],"picked":"Second Wind","floor":8.0},{"not_picked":["Clash","Ghostly Armor"],"picked":"REME_Cut","floor":10.0},{"not_picked":["ReplayTheSpireMod:Strike From Hell","Havoc","Run Through"],"picked":"SKIP","floor":11.0},{"not_picked":["Cleave","ReplayTheSpireMod:LeadingStrike","hubris:SharpeningStone"],"picked":"SKIP","floor":12.0},{"not_picked":["Cleave","ReplayTheSpireMod:LeadingStrike","hubris:SharpeningStone"],"picked":"SKIP","floor":12.0},{"not_picked":["hubris:StunningStrike","Double Tap"],"picked":"Limit Break","floor":16},{"not_picked":["Disarm+1","Perfected Strike"],"picked":"Power Through","floor":18},{"not_picked":["Searing Blow","Clothesline","Sentinel"],"picked":"SKIP","floor":19},{"not_picked":["Pummel","hubris:SharpeningStone+1"],"picked":"Inflame+1","floor":22}],"player_experience":698428,"relics_obtained":[{"floor":6.0,"key":"CaptainsWheel"},{"floor":8.0,"key":"Replay:Mystery Machine"},{"floor":9.0,"key":"Ginger"},{"floor":10.0,"key":"hubris:TenFootPole"},{"floor":17,"key":"hubris:ToyBattleship"},{"floor":17,"key":"Gremlin Horn"},{"floor":17,"key":"Magic Flower"}],"event_choices":[{"damage_healed":0.0,"max_hp_gain":0.0,"max_hp_loss":0.0,"gold_gain":0.0,"event_name":"The Woman in Blue","player_choice":"Bought 0 Potions","floor":4.0,"gold_loss":0.0,"damage_taken":0.0},{"damage_healed":26.0,"max_hp_gain":0.0,"max_hp_loss":0.0,"gold_gain":0.0,"event_name":"Big Fish","player_choice":"Banana","floor":14.0,"gold_loss":0.0,"damage_taken":0.0},{"damage_healed":0,"gold_gain":0,"player_choice":"Ignored","damage_taken":0,"max_hp_gain":0,"max_hp_loss":0,"event_name":"Vampires","floor":20,"gold_loss":0}],"is_beta":false,"boss_relics":[{"not_picked":["aspiration:RitualDagger","Empty Cage"],"picked":"Calling Bell"}],"items_purged_floors":[0,0,7,21],"is_endless":false,"potions_floor_spawned":[1,6,11,12,16,22],"killed_by":"Slavers","ascension_level":1}}