{"host":"kda2p2afd6bvz6qo","time":1608081479,"event":{"mods":["BaseMod","Colored Map","Minty Spire (QoL Compilation)","Relic Stats"],"gold_per_floor":[119,69,69,69,83,123,142,142,142],"floor_reached":8,"playtime":395,"items_purged":[],"score":87,"play_id":"f4f4e206-ec26-4585-87d6-3ed165249b71","local_time":"20201216011759","is_ascension_mode":true,"campfire_choices":[],"circlet_count":0,"master_deck":["AscendersBane","Strike_G","Strike_G","Strike_G","Strike_G","Defend_G","Defend_G","Defend_G","Defend_G","Defend_G","Survivor","Neutralize","Flechettes","Regret","Injury","Leg Sweep","Backflip+1","Dagger Spray"],"relics":["SlaversCollar","Incense Burner","Golden Idol","Toxic Egg 2"],"acts_visited":["Exordium"],"potions_floor_usage":[5,6],"damage_taken":[{"damage":4,"enemies":"Small Slimes","floor":1,"turns":6},{"damage":9,"enemies":"Jaw Worm","floor":5,"turns":8},{"damage":41,"enemies":"Lagavulin","floor":6,"turns":14},{"damage":2,"enemies":"2 Louse","floor":7,"turns":3},{"damage":10,"enemies":"Gremlin Nob","floor":8,"turns":3}],"seed_played":"8195525461364864476","potions_obtained":[{"floor":1,"key":"Fire Potion"},{"floor":5,"key":"Fire Potion"}],"is_trial":false,"path_per_floor":["M","?","?","?","M","E","M","E"],"character_chosen":"THE_SILENT","items_purchased":[],"campfire_rested":0,"item_purchase_floors":[],"current_hp_per_floor":[59,59,59,59,50,9,7,0,0],"gold":142,"neow_bonus":"BOSS_RELIC","is_daily":false,"chose_seed":false,"campfire_upgraded":0,"win_rate":0.0,"timestamp":1608081479,"path_taken":["M","?","?","?","M","E","?","E"],"items_purchased_type":[],"build_version":"2020-12-13","purchased_purges":0,"victory":false,"max_hp_per_floor":[70,70,70,70,70,70,70,70,70],"relic_stats":{"counters":[5,34],"Golden Idol":15,"obtain_stats":[{"SlaversCollar":0,"Golden Idol":4,"Incense Burner":3,"Toxic Egg 2":6,"Ring of the Snake":0},{"SlaversCollar":0,"Golden Idol":1,"Incense Burner":1,"Toxic Egg 2":3,"Ring of the Snake":0},{"SlaversCollar":0,"Golden Idol":6,"Incense Burner":6,"Toxic Egg 2":28,"Ring of the Snake":0}]},"card_choices":[{"not_picked":["Backstab","Outmaneuver"],"picked":"Flechettes","floor":1},{"not_picked":["Infinite Blades","Outmaneuver"],"picked":"Leg Sweep","floor":5},{"not_picked":["Blur+1","PiercingWail+1"],"picked":"Backflip+1","floor":6},{"not_picked":["Dash","Bane"],"picked":"Dagger Spray","floor":7}],"player_experience":66155,"relics_obtained":[{"floor":6,"key":"Toxic Egg 2"}],"event_choices":[{"cards_removed":["Strike_G"],"damage_healed":0,"gold_gain":0,"player_choice":"Card Removal","damage_taken":0,"max_hp_gain":0,"max_hp_loss":0,"event_name":"The Cleric","floor":2,"gold_loss":50},{"damage_healed":0,"gold_gain":0,"player_choice":"Box","damage_taken":0,"relics_obtained":["Incense Burner"],"max_hp_gain":0,"max_hp_loss":0,"event_name":"Big Fish","floor":3,"gold_loss":0,"cards_obtained":["Regret"]},{"damage_healed":0,"gold_gain":0,"player_choice":"Take Wound","damage_taken":0,"relics_obtained":["Golden Idol"],"max_hp_gain":0,"max_hp_loss":0,"event_name":"Golden Idol","floor":4,"gold_loss":0,"cards_obtained":["Injury"]}],"is_beta":false,"boss_relics":[],"items_purged_floors":[],"is_endless":false,"potions_floor_spawned":[1,5],"killed_by":"Gremlin Nob","ascension_level":11}}