{"host":"hc8xbdd8p6sd75vx","time":1608096324,"event":{"mods":["AchievementEnabler","AlwaysNeverKeys","BaseMod","Better Altar","Better Match","Better Sensory Stone","Better Skull","Better Third Choice","Colored Map","Hermit","Minty Spire (QoL Compilation)","Quick Restart","Shade Mod","Shop Mod","Spicy Shops","StSLib","The Servant 0.9.4"],"gold_per_floor":[211,275,286,286,303,303,336,336,359,385,85,105,115,135,135,237,237,253,253,253,27,37,37,67,67,90,59,88,88,101,116,116,219,219,246,1245,1245,1245,377,420,432,444,482,521,533,545,635,672,684,696,708,720,28,69,69],"floor_reached":56,"playtime":2574,"items_purged":["Normality","Normality"],"score":1430,"play_id":"d9fd046d-a0b6-41a7-915f-d0b0bc9926c5","local_time":"20201215212524","is_ascension_mode":true,"campfire_choices":[{"data":"hermit:Snapshot","floor":6,"key":"SMITH"},{"floor":8,"key":"REST"},{"data":"hermit:GoldenBullet","floor":15,"key":"SMITH"},{"data":"hermit:DeadOrAlive","floor":23,"key":"SMITH"},{"data":"hermit:Combo","floor":25,"key":"SMITH"},{"data":"hermit:Vantage","floor":29,"key":"SMITH"},{"floor":32,"key":"REST"},{"floor":41,"key":"REST"},{"floor":46,"key":"REST"},{"floor":49,"key":"REST"},{"floor":52,"key":"REST"}],"circlet_count":0,"master_deck":["hermit:Strike_Hermit+1","hermit:Strike_Hermit+1","hermit:Strike_Hermit+1","hermit:Strike_Hermit+1","hermit:Defend_Hermit+1","hermit:Defend_Hermit+1","hermit:Defend_Hermit+1","hermit:Defend_Hermit+1","hermit:Snapshot+1","hermit:Covet","hermit:TakeAim+1","hermit:Coalescence","hermit:Quickdraw","hermit:Combo+1","hermit:FromBeyond","hermit:Determination","hermit:GoldenBullet+1","hermit:Ricochet","hermit:Quickdraw+1","hermit:Dive","hermit:DeadOrAlive+1","hermit:HighCaliber+1","hermit:Brawl","hermit:TrackingShot+1","hermit:Vantage+1","hermit:Ricochet","hermit:Dissolve","hermit:BodyArmor+1","Writhe","hermit:Horror","hermit:Enervate","hermit:Maintenance+1","hermit:EyeOfTheStorm+1","hermit:GhostlyPresence+1","hermit:Vantage+1","hermit:Deadeye+1","hermit:FlashPowder","hermit:EyeOfTheStorm","Metamorphosis","hermit:Grudge","hermit:Determination","Blind","hermit:TrackingShot"],"relics":["hermit:Momento","Akabeko","Bag of Marbles","Incense Burner","MerchantsRug","Black Star","Smiling Mask","hermit:CharredGlove","Pen Nib","Sundial","Fusion Hammer","Darkstone Periapt","Membership Card","PreservedInsect","Juzu Bracelet","CeramicFish","Potion Belt","Frozen Eye","MawBank","Vajra","MealTicket","Bottled Tornado","Pear","Shuriken","Oddly Smooth Stone","hermit:PetGhost","Whetstone","Toy Ornithopter"],"acts_visited":["Exordium","TheCity","TheBeyond","TheEnding"],"potions_floor_usage":[3,10,16,16,30,30,39,39,40,47,47,47,55,55,55,55],"damage_taken":[{"damage":0,"enemies":"2 Louse","floor":1,"turns":3},{"damage":1,"enemies":"Jaw Worm","floor":3,"turns":4},{"damage":3,"enemies":"Cultist","floor":5,"turns":5},{"damage":27,"enemies":"3 Sentries","floor":7,"turns":10},{"damage":2,"enemies":"Gremlin Nob","floor":10,"turns":4},{"damage":0,"enemies":"3 Louse","floor":12,"turns":4},{"damage":1,"enemies":"Large Slime","floor":13,"turns":3},{"damage":0,"enemies":"Exordium Wildlife","floor":14,"turns":1},{"damage":14,"enemies":"Hexaghost","floor":16,"turns":6},{"damage":25,"enemies":"3 Byrds","floor":18,"turns":5},{"damage":0,"enemies":"Chosen","floor":22,"turns":3},{"damage":0,"enemies":"Centurion and Healer","floor":24,"turns":5},{"damage":21,"enemies":"Book of Stabbing","floor":28,"turns":4},{"damage":8,"enemies":"Shelled Parasite and Fungi","floor":30,"turns":5},{"damage":3,"enemies":"Snecko","floor":31,"turns":4},{"damage":56,"enemies":"Automaton","floor":33,"turns":12},{"damage":11,"enemies":"3 Shapes","floor":35,"turns":4},{"damage":31,"enemies":"Giant Head","floor":40,"turns":7},{"damage":13,"enemies":"Orb Walker","floor":44,"turns":3},{"damage":28,"enemies":"Reptomancer","floor":47,"turns":4},{"damage":0,"enemies":"Jaw Worm Horde","floor":48,"turns":4},{"damage":115,"enemies":"Awakened One","floor":50,"turns":12},{"damage":14,"enemies":"Shield and Spear","floor":54,"turns":6},{"damage":88,"enemies":"The Heart","floor":55,"turns":7}],"seed_played":"1165084119520331931","potions_obtained":[{"floor":1,"key":"DistilledChaos"},{"floor":5,"key":"Block Potion"},{"floor":10,"key":"Energy Potion"},{"floor":12,"key":"hermit:BlackBile"},{"floor":24,"key":"EssenceOfSteel"},{"floor":28,"key":"LiquidBronze"},{"floor":30,"key":"SmokeBomb"},{"floor":44,"key":"Block Potion"}],"is_trial":false,"path_per_floor":["M","?","M","?","M","R","E","R","T","E","$","M","M","M","R","B",null,"M","?","?","$","M","R","M","R","T","$","E","R","M","M","R","B",null,"M","?","T","?","$","E","R","?","T","M","?","R","E","M","R","B",null,"R","$","E","B",null],"character_chosen":"HERMIT","items_purchased":["MerchantsRug","hermit:Determination","hermit:GoldenBullet","hermit:Brawl","Art of War","hermit:CharredGlove","Membership Card","PreservedInsect","Juzu Bracelet","hermit:Horror","hermit:Enervate","PowerPotion","Fruit Juice","FairyPotion","CeramicFish","Potion Belt","Swift Potion","Frozen Eye","Shuriken","Oddly Smooth Stone","AttackPotion","DistilledChaos","LiquidMemories","SkillPotion","hermit:Deadeye","hermit:FlashPowder","hermit:EyeOfTheStorm","Metamorphosis","hermit:Grudge","hermit:Determination","Blind","hermit:PetGhost"],"campfire_rested":6,"item_purchase_floors":[11,11,11,21,21,27,39,39,39,39,39,39,39,39,39,39,39,39,53,53,53,53,53,53,53,53,53,53,53,53,53,53],"current_hp_per_floor":[75,75,74,74,71,71,44,66,66,64,64,64,63,63,63,49,75,50,75,75,75,75,75,75,75,75,75,54,54,46,43,65,9,75,64,64,64,81,91,60,87,87,87,74,74,91,73,73,101,31,101,101,101,87,19],"gold":69,"neow_bonus":"HUNDRED_GOLD","is_daily":false,"chose_seed":false,"campfire_upgraded":5,"win_rate":0.0,"timestamp":1608096324,"path_taken":["M","?","M","?","M","R","E","R","T","E","$","?","M","M","R","BOSS","M","?","?","?","?","R","M","R","T","$","E","R","M","M","R","BOSS","M","?","?","?","$","E","R","?","T","M","?","R","E","M","R","BOSS","R","$","E","BOSS"],"items_purchased_type":["Relic","Card","Card","Card","Relic","Relic","Relic","Relic","Relic","Card","Card","Potion","Potion","Potion","Relic","Relic","Potion","Relic","Relic","Relic","Potion","Potion","Potion","Potion","Card","Card","Card","Card","Card","Card","Card","Relic"],"build_version":"2020-12-13","purchased_purges":2,"victory":true,"max_hp_per_floor":[75,75,75,75,75,75,75,75,75,75,75,75,75,75,75,75,75,75,75,75,75,75,75,75,75,75,75,75,75,75,75,75,75,75,75,75,75,81,91,91,91,91,91,91,91,91,101,101,101,101,101,101,101,101,101],"card_choices":[{"not_picked":["hermit:SprayPray","hermit:LoneWolf"],"picked":"hermit:TakeAim","floor":1},{"not_picked":["hermit:LuckOfTheDraw","hermit:Manifest"],"picked":"hermit:Coalescence","floor":3},{"not_picked":["hermit:Desperado","hermit:Snipe"],"picked":"hermit:Quickdraw","floor":5},{"not_picked":["hermit:NoHoldsBarred","hermit:ItchyTrigger"],"picked":"hermit:Combo","floor":7},{"not_picked":["hermit:TakeCover","hermit:Roulette"],"picked":"hermit:FromBeyond","floor":10},{"not_picked":["hermit:Manifest","hermit:SprayPray"],"picked":"hermit:Ricochet","floor":12},{"not_picked":["hermit:Malice","hermit:WideOpen"],"picked":"hermit:Quickdraw","floor":13},{"not_picked":["hermit:Purgatory","hermit:SprayPray"],"picked":"hermit:Dive","floor":14},{"not_picked":["hermit:FatalDesire","hermit:Gambit"],"picked":"hermit:DeadOrAlive","floor":16},{"not_picked":["hermit:Grudge+1","hermit:ShadowCloak"],"picked":"hermit:HighCaliber+1","floor":18},{"not_picked":["hermit:BodyArmor+1","hermit:NoHoldsBarred+1"],"picked":"hermit:TrackingShot+1","floor":22},{"not_picked":["hermit:Glare","hermit:Cheat","hermit:Snipe"],"picked":"SKIP","floor":24},{"not_picked":["hermit:LuckOfTheDraw","hermit:FatalDesire"],"picked":"hermit:Vantage","floor":28},{"not_picked":["hermit:Ricochet","hermit:Misfire"],"picked":"hermit:Vantage","floor":30},{"not_picked":["hermit:CalledShot","hermit:LowProfile"],"picked":"hermit:Ricochet","floor":31},{"not_picked":["hermit:FatalDesire","hermit:Roughhouse"],"picked":"hermit:Dissolve","floor":33},{"not_picked":["hermit:LowProfile+1","hermit:Spite+1"],"picked":"hermit:BodyArmor+1","floor":35},{"not_picked":["hermit:Misfire","hermit:TrackingShot+1"],"picked":"hermit:Maintenance+1","floor":40},{"not_picked":["hermit:Glare","hermit:Showdown"],"picked":"hermit:EyeOfTheStorm+1","floor":44},{"not_picked":["hermit:NoHoldsBarred+1","hermit:Vantage+1"],"picked":"hermit:GhostlyPresence+1","floor":47},{"not_picked":["hermit:Adapt","hermit:CalledShot"],"picked":"hermit:Vantage+1","floor":48},{"not_picked":["hermit:Coalescence+1","hermit:CalledShot"],"picked":"hermit:TrackingShot","floor":54}],"player_experience":216800,"relics_obtained":[{"floor":7,"key":"Akabeko"},{"floor":9,"key":"Bag of Marbles"},{"floor":10,"key":"Incense Burner"},{"floor":26,"key":"Smiling Mask"},{"floor":28,"key":"Pen Nib"},{"floor":28,"key":"Sundial"},{"floor":37,"key":"Darkstone Periapt"},{"floor":40,"key":"MawBank"},{"floor":40,"key":"Vajra"},{"floor":43,"key":"MealTicket"},{"floor":47,"key":"Bottled Tornado"},{"floor":47,"key":"Pear"},{"floor":54,"key":"Whetstone"},{"floor":54,"key":"Toy Ornithopter"}],"event_choices":[{"damage_healed":0,"gold_gain":64,"player_choice":"Gained Gold","damage_taken":0,"max_hp_gain":0,"max_hp_loss":0,"event_name":"Golden Wing","floor":2,"gold_loss":0},{"damage_healed":0,"gold_gain":0,"player_choice":"Upgraded","damage_taken":0,"max_hp_gain":0,"max_hp_loss":0,"event_name":"Upgrade Shrine","floor":4,"gold_loss":0,"cards_upgraded":["hermit:TakeAim"]},{"damage_healed":25,"gold_gain":0,"player_choice":"Heal","damage_taken":0,"max_hp_gain":0,"max_hp_loss":0,"event_name":"The Library","floor":19,"gold_loss":0},{"damage_healed":0,"gold_gain":0,"player_choice":"Simplicity","damage_taken":0,"max_hp_gain":0,"max_hp_loss":8,"event_name":"betterThird:BetterWriting","floor":20,"gold_loss":0},{"damage_healed":0,"gold_gain":999,"player_choice":"Gold","damage_taken":0,"max_hp_gain":0,"max_hp_loss":0,"event_name":"MindBloom","floor":36,"gold_loss":0,"cards_obtained":["Normality","Normality"]},{"damage_healed":19,"gold_gain":0,"player_choice":"Writhe","damage_taken":0,"max_hp_gain":0,"max_hp_loss":0,"event_name":"Winding Halls","floor":38,"gold_loss":0,"cards_obtained":["Writhe"]},{"cards_removed":["hermit:Vantage"],"damage_healed":0,"gold_gain":0,"player_choice":"Removed Skill","damage_taken":0,"max_hp_gain":0,"max_hp_loss":0,"event_name":"Falling","floor":42,"gold_loss":0},{"damage_healed":0,"gold_gain":0,"player_choice":"Ignored","damage_taken":0,"max_hp_gain":0,"max_hp_loss":0,"event_name":"Tomb of Lord Red Mask","floor":45,"gold_loss":0}],"is_beta":false,"boss_relics":[{"not_picked":["Pandora\u0027s Box","SacredBark"],"picked":"Black Star"},{"not_picked":["Astrolabe","SlaversCollar"],"picked":"Fusion Hammer"}],"items_purged_floors":[39,53],"is_endless":false,"potions_floor_spawned":[1,5,10,12,24,28,30,44,54],"ascension_level":1}}