{"host":"gsjtu2nhjj0xfoom","time":1608108967,"event":{"mods":["BaseMod","Colored Map","Colored Powertips","Highlight Path","Minty Spire (QoL Compilation)","Permanent Neow","StSLib"],"gold_per_floor":[18,28,28,28,54,66,153,179,266,311,323,346,358,330,342,433,445,477,489,501,523,535,572,584,623,635,647,678,690,702,727,739,826,838,867,889,901,913,972,984,1027,1039,1120,1132,1175,1206,1218,1244,1256,1268,1280],"floor_reached":52,"playtime":3061,"items_purged":[],"score":2092,"play_id":"6dc030e7-f841-47d0-a82c-bef4a42a05e9","local_time":"20201216095607","is_ascension_mode":true,"campfire_choices":[{"floor":6.0,"key":"REST"},{"floor":11.0,"key":"REST"},{"data":"The Bomb","floor":13.0,"key":"SMITH"},{"data":"Crippling Poison","floor":15.0,"key":"SMITH"},{"data":"Footwork","floor":24.0,"key":"SMITH"},{"data":"Footwork","floor":27.0,"key":"SMITH"},{"data":"Deflect","floor":32,"key":"SMITH"},{"floor":40,"key":"REST"},{"data":"Mayhem","floor":42,"key":"SMITH"},{"data":"Leg Sweep","floor":47,"key":"SMITH"},{"floor":49,"key":"REST"}],"circlet_count":0,"master_deck":["AscendersBane","The Bomb+1","Crippling Poison+1","Deflect+1","Leg Sweep+1","Backstab","Deflect+1","Footwork+1","Crippling Poison+1","Adrenaline+1","Ghostly+1","Ghostly+1","Ghostly+1","Blur+1","Footwork+1","Acrobatics+1","Reflex+1","Crippling Poison+1","Deadly Poison+1","Bullet Time+1","Mayhem+1","Madness+1","Madness+1","Prepared+1","Catalyst+1"],"relics":["Ring of the Snake","MawBank","Mummified Hand","Toxic Egg 2","Pandora\u0027s Box","Lizard Tail","Potion Belt","Letter Opener","Anchor","SlaversCollar","Thread and Needle","Mercury Hourglass","Ginger"],"acts_visited":["Exordium","TheCity","TheBeyond"],"potions_floor_usage":[50,50,51,51],"damage_taken":[{"damage":1.0,"enemies":"Cultist","floor":1.0,"turns":3.0},{"damage":12.0,"enemies":"Small Slimes","floor":2.0,"turns":6.0},{"damage":0.0,"enemies":"2 Louse","floor":5.0,"turns":3.0},{"damage":2.0,"enemies":"Exordium Wildlife","floor":8.0,"turns":4.0},{"damage":32.0,"enemies":"Lagavulin","floor":10.0,"turns":9.0},{"damage":0.0,"enemies":"Blue Slaver","floor":12.0,"turns":3.0},{"damage":0.0,"enemies":"Looter","floor":14.0,"turns":4.0},{"damage":3.0,"enemies":"Slime Boss","floor":16.0,"turns":8.0},{"damage":5.0,"enemies":"Chosen","floor":18.0,"turns":4.0},{"damage":7.0,"enemies":"3 Byrds","floor":21.0,"turns":4.0},{"damage":0.0,"enemies":"Book of Stabbing","floor":23.0,"turns":7.0},{"damage":0.0,"enemies":"Gremlin Leader","floor":25.0,"turns":7.0},{"damage":0,"enemies":"Snake Plant","floor":28,"turns":3},{"damage":0,"enemies":"Snecko","floor":31,"turns":4},{"damage":13,"enemies":"Collector","floor":33,"turns":9},{"damage":0,"enemies":"3 Shapes","floor":35,"turns":4},{"damage":3,"enemies":"Orb Walker","floor":36,"turns":4},{"damage":0,"enemies":"2 Orb Walkers","floor":39,"turns":4},{"damage":0,"enemies":"Giant Head","floor":41,"turns":8},{"damage":0,"enemies":"Reptomancer","floor":45,"turns":5},{"damage":0,"enemies":"Jaw Worm Horde","floor":46,"turns":3},{"damage":0,"enemies":"3 Darklings","floor":48,"turns":3},{"damage":13,"enemies":"Awakened One","floor":50,"turns":12},{"damage":9,"enemies":"Donu and Deca","floor":51,"turns":9}],"seed_played":"4887635212635343767","potions_obtained":[{"floor":2.0,"key":"ColorlessPotion"},{"floor":8.0,"key":"LiquidBronze"},{"floor":12.0,"key":"Energy Potion"},{"floor":16.0,"key":"PowerPotion"},{"floor":31,"key":"ColorlessPotion"},{"floor":33,"key":"AttackPotion"},{"floor":46,"key":"Strength Potion"}],"is_trial":false,"path_per_floor":["M","M","?","?","M","R","?","M","T","E","R","M","R","M","R","B",null,"M","?","?","M","?","E","R","E","T","R","M","T","?","M","R","B",null,"M","M","?","?","?","R","E","R","T","?","E","M","R","M","R","B","B",null],"character_chosen":"THE_SILENT","items_purchased":[],"campfire_rested":4,"item_purchase_floors":[],"current_hp_per_floor":[58,46,46,28,28,47,36,34,34,2,21,21,21,21,21,18,54,49,33,33,26,26,26,26,26,26,26,26,26,26,26,26,13,28,28,25,25,19,19,28,28,28,28,28,28,28,28,28,33,20,11],"gold":1292,"neow_bonus":"RANDOM_COLORLESS_2","is_daily":false,"chose_seed":false,"campfire_upgraded":7,"win_rate":0.0,"timestamp":1608108967,"path_taken":["M","?","?","?","M","R","?","M","T","E","R","M","R","M","R","BOSS","M","?","?","M","?","E","R","E","T","R","M","?","?","M","R","BOSS","M","M","?","?","?","R","E","R","T","?","E","?","R","M","R","BOSS","BOSS"],"items_purchased_type":[],"build_version":"2020-12-13","purchased_purges":0,"victory":true,"max_hp_per_floor":[66,66,66,66,66,66,66,66,66,66,66,66,66,66,66,66,66,66,33,33,33,33,33,33,33,33,33,33,33,33,33,33,33,33,33,33,33,33,33,33,33,33,33,33,33,33,33,33,33,33,33],"card_choices":[{"not_picked":["Master of Strategy","Metamorphosis"],"picked":"The Bomb","floor":0.0},{"not_picked":["PiercingWail","Underhanded Strike"],"picked":"Crippling Poison","floor":1.0},{"not_picked":["Choke","Outmaneuver"],"picked":"Deflect","floor":2.0},{"not_picked":["Slice","Underhanded Strike"],"picked":"Leg Sweep","floor":5.0},{"not_picked":["Grand Finale","Blade Dance"],"picked":"Backstab","floor":8.0},{"not_picked":["Wraith Form v2","Outmaneuver+1"],"picked":"Deflect+1","floor":10.0},{"not_picked":["Blade Dance+1","Dash"],"picked":"Footwork","floor":12.0},{"not_picked":["Blade Dance+1","Dagger Spray"],"picked":"Crippling Poison+1","floor":14.0},{"not_picked":["Storm of Steel+1","Glass Knife"],"picked":"Adrenaline+1","floor":16.0},{"not_picked":["Predator","Eviscerate","Outmaneuver+1"],"picked":"SKIP","floor":18.0},{"not_picked":["Deadly Poison+1","Poisoned Stab"],"picked":"Footwork","floor":21.0},{"not_picked":["Slice","Reflex+1","Expertise+1"],"picked":"SKIP","floor":23.0},{"not_picked":["Dash+1","Distraction+1","Expertise+1"],"picked":"SKIP","floor":25.0},{"not_picked":["Outmaneuver+1","A Thousand Cuts"],"picked":"Crippling Poison+1","floor":28},{"not_picked":["Predator","Outmaneuver+1"],"picked":"Deadly Poison+1","floor":31},{"not_picked":["Unload","Storm of Steel+1"],"picked":"Bullet Time+1","floor":33},{"not_picked":["Acrobatics+1","Dagger Spray","Poisoned Stab"],"picked":"SKIP","floor":35},{"not_picked":["Riddle With Holes","Blade Dance+1","Dash"],"picked":"SKIP","floor":36},{"not_picked":["Flash of Steel","Dramatic Entrance"],"picked":"Mayhem","floor":37},{"not_picked":["Slice","Cloak And Dagger+1","Poisoned Stab"],"picked":"SKIP","floor":41},{"not_picked":["Terror+1","Reflex+1","Infinite Blades"],"picked":"SKIP","floor":45},{"not_picked":["Predator","Dagger Spray"],"picked":"Prepared+1","floor":46},{"not_picked":["Backflip+1","Setup+1"],"picked":"Catalyst+1","floor":48}],"player_experience":1371057,"relics_obtained":[{"floor":9.0,"key":"Mummified Hand"},{"floor":10.0,"key":"Toxic Egg 2"},{"floor":23.0,"key":"Lizard Tail"},{"floor":25.0,"key":"Potion Belt"},{"floor":26.0,"key":"Letter Opener"},{"floor":29,"key":"Anchor"},{"floor":39,"key":"Thread and Needle"},{"floor":43,"key":"Mercury Hourglass"},{"floor":45,"key":"Ginger"}],"event_choices":[{"damage_healed":0.0,"max_hp_gain":0.0,"max_hp_loss":0.0,"gold_gain":0.0,"event_name":"Liars Game","player_choice":"Ignored","floor":3.0,"gold_loss":0.0,"damage_taken":0.0},{"damage_healed":0.0,"max_hp_gain":0.0,"max_hp_loss":0.0,"gold_gain":0.0,"event_name":"Scrap Ooze","player_choice":"Success","floor":4.0,"gold_loss":0.0,"damage_taken":18.0,"relics_obtained":["MawBank"]},{"damage_healed":0.0,"max_hp_gain":0.0,"max_hp_loss":0.0,"gold_gain":75.0,"event_name":"World of Goop","player_choice":"Gather Gold","floor":7.0,"gold_loss":0.0,"damage_taken":11.0},{"damage_healed":0.0,"max_hp_gain":0.0,"max_hp_loss":33.0,"gold_gain":0.0,"event_name":"Ghosts","player_choice":"Became a Ghost","floor":19.0,"gold_loss":0.0,"damage_taken":0.0,"cards_obtained":["Ghostly","Ghostly","Ghostly"]},{"damage_healed":0.0,"max_hp_gain":0.0,"max_hp_loss":0.0,"gold_gain":0.0,"event_name":"The Library","player_choice":"Read","floor":20.0,"gold_loss":0.0,"damage_taken":0.0,"cards_obtained":["Blur"]},{"damage_healed":0.0,"max_hp_gain":0.0,"max_hp_loss":0.0,"gold_gain":0.0,"cards_transformed":["Survivor","Neutralize"],"event_name":"Drug Dealer","player_choice":"Became Test Subject","floor":22.0,"gold_loss":0.0,"damage_taken":0.0,"cards_obtained":["Acrobatics","Reflex"]},{"damage_healed":0,"gold_gain":0,"player_choice":"Ignored","damage_taken":0,"max_hp_gain":0,"max_hp_loss":0,"event_name":"The Mausoleum","floor":30,"gold_loss":0},{"damage_healed":0,"gold_gain":0,"player_choice":"Memory 1","damage_taken":0,"max_hp_gain":0,"max_hp_loss":0,"event_name":"SensoryStone","floor":37,"gold_loss":0},{"damage_healed":0,"gold_gain":0,"player_choice":"Embrace Madness","damage_taken":6,"max_hp_gain":0,"max_hp_loss":0,"event_name":"Winding Halls","floor":38,"gold_loss":0,"cards_obtained":["Madness","Madness"]},{"damage_healed":0,"gold_gain":0,"player_choice":"Fight","damage_taken":0,"max_hp_gain":0,"max_hp_loss":0,"event_name":"Mysterious Sphere","floor":39,"gold_loss":0},{"damage_healed":0,"gold_gain":0,"player_choice":"Ignored","damage_taken":0,"max_hp_gain":0,"max_hp_loss":0,"event_name":"Tomb of Lord Red Mask","floor":44,"gold_loss":0}],"is_beta":false,"boss_relics":[{"not_picked":["Tiny House","Cursed Key"],"picked":"Pandora\u0027s Box"},{"not_picked":["Empty Cage","Astrolabe"],"picked":"SlaversCollar"}],"items_purged_floors":[],"is_endless":false,"potions_floor_spawned":[2,8,12,16,23,31,33,36,46,48],"ascension_level":20}}