{"host":"a7kkotolxcg5vljr","time":1608138662,"event":{"mods":["2.2 Compatiblity","AchievementEnabler","Act Like it!","BaseMod","Better Altar","Better Skull","Better Third Choice","Colored Map","Colored Powertips","Downfall","Hermit","Highlight Path","Marisa????????","Minty Spire (QoL Compilation)","Quick Restart","Rare Cards Sparkle","Replay The Spire","Spicy Shops","StSLib","The Cursed","The Disciple","The Servant 0.9.4"],"gold_per_floor":[113,127,127,127,127,127,157,177,177,194,207,207,30,48,48,148,148,162,162,175,195,175,209,209,220,273,273,301,315,329,340,340,439,439,454,469,469,68,79,110,110,126,195,195,223,17,46,24,24,24,24,24,24,53,53,53],"floor_reached":55,"playtime":2235,"items_purged":[],"score":1074,"play_id":"ac0a163e-ffa3-4e22-8472-02d01083d9f5","local_time":"20201216121102","is_ascension_mode":false,"campfire_choices":[{"floor":6,"key":"RECALL"},{"data":"Bloodletting","floor":12,"key":"SMITH"},{"data":"Clumsy","floor":15,"key":"PURGE"},{"data":"RitualDagger","floor":24,"key":"SMITH"},{"data":"ReplayTheSpireMod:Muscle Training","floor":27,"key":"SMITH"},{"data":"Burn","floor":32,"key":"PURGE"},{"data":"Life Link","floor":41,"key":"SMITH"},{"floor":44,"key":"REST"},{"floor":49,"key":"REST"}],"circlet_count":0,"master_deck":["Strike_R","Strike_R","Strike_R","Strike_R+1","Strike_R","Defend_R","Defend_R","Defend_R","Defend_R","Bash","Thunderclap","Bloodletting+1","Dropkick","Sword Boomerang","Pommel Strike","Clash","Perfected Strike","Reaper","CurseOfTheBell","ReplayTheSpireMod:Muscle Training+1","RitualDagger+1","Replay:Undeath\u0027s Touch","Run Through+1","Battle Trance+1","Spot Weakness","Pommel Strike","Perfected Strike","Body Slam","Intimidate","Demon Form","AbeCurse","Heavy Blade","Spot Weakness","Feel No Pain","Life Link+1","Flex+1","ReplayTheSpireMod:Stacked+1","Metallicize","Heavy Blade+1","Replay:SS_forest_2","Body Slam","Body Slam","ReplayTheSpireMod:LeadingStrike+1"],"relics":["Burning Blood","NeowsBlessing","Ring of Fury","Ring of Misfortune","Shuriken","Peace Pipe","ReplayTheSpireMod:Shallot","Sling","Calling Bell","Anchor","HornCleat","Replay:Towering Pillar of Hats","Pen Nib","Replay:Bottled Flurry","Abe\u0027s Treasure","Lizard Tail","Strawberry","Eternal Feather","Chameleon Ring","Membership Card","Bronze Scales","Mirror"],"acts_visited":["Exordium","TheCity","TheBeyond","TheEnding"],"potions_floor_usage":[16,16,16,16,16,16,23,23,30,30,33,35,40,40,45,50,55,55],"damage_taken":[{"damage":0,"enemies":"2 Louse","floor":1,"turns":1},{"damage":0,"enemies":"Jaw Worm","floor":2,"turns":1},{"damage":0,"enemies":"3 Sentries","floor":7,"turns":2},{"damage":0,"enemies":"Small Slimes","floor":8,"turns":2},{"damage":0,"enemies":"Exordium Thugs","floor":10,"turns":2},{"damage":16,"enemies":"Lots of Slimes","floor":11,"turns":2},{"damage":3,"enemies":"Red Slaver","floor":14,"turns":2},{"damage":25,"enemies":"Fading Forest","floor":16,"turns":11},{"damage":3,"enemies":"Shell Parasite","floor":18,"turns":3},{"damage":8,"enemies":"2 Thieves","floor":20,"turns":4},{"damage":4,"enemies":"Centurion and Healer","floor":21,"turns":3},{"damage":18,"enemies":"Slavers","floor":23,"turns":4},{"damage":4,"enemies":"Shelled Parasite and Fungi","floor":25,"turns":3},{"damage":0,"enemies":"Book of Stabbing","floor":28,"turns":3},{"damage":0,"enemies":"Sentry and Sphere","floor":29,"turns":3},{"damage":3,"enemies":"Centurion and Healer","floor":30,"turns":3},{"damage":0,"enemies":"Cultist and Chosen","floor":31,"turns":3},{"damage":45,"enemies":"Pondfish","floor":33,"turns":10},{"damage":3,"enemies":"3 Darklings","floor":35,"turns":3},{"damage":5,"enemies":"3 Shapes","floor":36,"turns":3},{"damage":12,"enemies":"3 Darklings","floor":39,"turns":5},{"damage":24,"enemies":"Nemesis","floor":40,"turns":7},{"damage":27,"enemies":"Spire Growth","floor":42,"turns":4},{"damage":0,"enemies":"R_Hoarder","floor":45,"turns":4},{"damage":63,"enemies":"Giant Head","floor":47,"turns":7},{"damage":100,"enemies":"Donu and Deca","floor":50,"turns":9},{"damage":59,"enemies":"Shield and Spear","floor":54,"turns":6},{"damage":148,"enemies":"The Heart","floor":55,"turns":6}],"seed_played":"5449444032865343669","potions_obtained":[{"floor":8,"key":"EntropicBrew"},{"floor":10,"key":"Block Potion"},{"floor":11,"key":"SpeedPotion"},{"floor":16,"key":"FairyPotion"},{"floor":18,"key":"hexamod:EctoCoolerPotion"},{"floor":22,"key":"Explosive Potion"},{"floor":23,"key":"AttackPotion"},{"floor":29,"key":"Block Potion"},{"floor":30,"key":"ElixirPotion"},{"floor":31,"key":"Weak Potion"},{"floor":33,"key":"AttackPotion"},{"floor":36,"key":"SkillPotion"},{"floor":39,"key":"DistilledChaos"},{"floor":42,"key":"AttackPotion"},{"floor":45,"key":"PowerPotion"},{"floor":52,"key":"FearPotion"},{"floor":52,"key":"DistilledChaos"},{"floor":54,"key":"FairyPotion"}],"is_trial":false,"path_per_floor":["M","M","?","?","?","R","E","M","T","M","M","R","$","M","R","B",null,"M","?","M","M","?","E","R","M","T","R","E","M","M","M","R","B",null,"M","M","?","$","M","E","R","M","T","R","E","$","E","$","R","B",null,"R","$","E","B"],"character_chosen":"IRONCLAD","items_purchased":["ReplayTheSpireMod:Shallot","Sling","Feel No Pain","Lizard Tail","Membership Card","Metallicize","Replay:SS_forest_2","Body Slam"],"campfire_rested":2,"item_purchase_floors":[13,13,38,38,46,46,48,48],"current_hp_per_floor":[80,80,80,80,80,80,80,80,80,80,70,70,70,73,73,54,80,80,74,78,80,80,68,68,70,70,70,80,80,80,80,80,54,80,80,80,80,80,74,63,63,42,42,87,87,87,30,30,80,45,87,87,87,52,0,0],"gold":53,"neow_bonus":"THREE_ENEMY_KILL","is_daily":false,"chose_seed":false,"campfire_upgraded":4,"win_rate":0.0,"timestamp":1608138662,"path_taken":["M","M","?","?","?","R","E","M","T","M","M","R","$","M","R","BOSS","M","?","M","M","?","E","R","M","T","R","E","M","?","M","R","BOSS","M","M","?","$","?","E","R","?","T","R","E","$","E","?","R","BOSS","R","$","E","BOSS"],"items_purchased_type":["Relic","Relic","Card","Relic","Relic","Card","Card","Card"],"build_version":"2020-12-13","purchased_purges":0,"victory":false,"max_hp_per_floor":[80,80,80,80,80,80,80,80,80,80,80,80,80,80,80,80,80,80,80,80,80,80,80,80,80,80,80,80,80,80,80,80,80,80,80,80,80,80,80,87,87,87,87,87,87,87,87,87,87,87,87,87,87,87,87,87],"card_choices":[{"not_picked":["Headbutt","Sword Boomerang"],"picked":"Thunderclap","floor":1},{"not_picked":["ReplayTheSpireMod:Strike From Hell","True Grit"],"picked":"Bloodletting","floor":2},{"not_picked":["Wild Strike","Shrug It Off"],"picked":"Dropkick","floor":7},{"not_picked":["Anger","Feel No Pain"],"picked":"Sword Boomerang","floor":8},{"not_picked":["ReplayTheSpireMod:Strike From Hell","Pummel"],"picked":"Pommel Strike","floor":10},{"not_picked":["Carnage","Pummel"],"picked":"Clash","floor":11},{"not_picked":["Headbutt","Battle Trance"],"picked":"Perfected Strike","floor":14},{"not_picked":["Fiend Fire","Bludgeon"],"picked":"Reaper","floor":16},{"not_picked":["Abandon+1","Run Through"],"picked":"ReplayTheSpireMod:Muscle Training","floor":18},{"not_picked":["Intimidate+1","Cleave+1"],"picked":"Replay:Undeath\u0027s Touch","floor":20},{"not_picked":["Carnage+1","ReplayTheSpireMod:Strike From Hell"],"picked":"Run Through+1","floor":21},{"not_picked":["Pommel Strike","True Grit+1"],"picked":"Battle Trance+1","floor":23},{"not_picked":["Battle Trance","Pummel"],"picked":"Spot Weakness","floor":25},{"not_picked":["Anger","Impervious"],"picked":"Pommel Strike","floor":28},{"not_picked":["Twin Strike","Defy Death"],"picked":"Perfected Strike","floor":29},{"not_picked":["Whirlwind","Carnage"],"picked":"Body Slam","floor":30},{"not_picked":["Run Through","Sword Boomerang"],"picked":"Intimidate","floor":31},{"not_picked":["Berserk","Hemogenesis"],"picked":"Demon Form","floor":33},{"not_picked":["Power Through","Havoc+1"],"picked":"Heavy Blade","floor":35},{"not_picked":["Run Through+1","Feel No Pain+1"],"picked":"Spot Weakness","floor":36},{"not_picked":["Shrug It Off","Ghostly Armor+1"],"picked":"Life Link","floor":39},{"not_picked":["Wild Strike+1","Replay:Many Hands","Massacre+1"],"picked":"SKIP","floor":40},{"not_picked":["Wild Strike","Burning Pact+1"],"picked":"Flex+1","floor":42},{"not_picked":["Body Slam","Searing Blow"],"picked":"ReplayTheSpireMod:Stacked+1","floor":45},{"not_picked":["Havoc","Clash+1"],"picked":"Heavy Blade+1","floor":47},{"not_picked":["ReplayTheSpireMod:Stacked","Massacre"],"picked":"ReplayTheSpireMod:LeadingStrike+1","floor":54}],"player_experience":320485,"relics_obtained":[{"floor":4,"key":"Ring of Fury"},{"floor":4,"key":"Ring of Misfortune"},{"floor":7,"key":"Shuriken"},{"floor":9,"key":"Peace Pipe"},{"floor":17,"key":"Anchor"},{"floor":17,"key":"HornCleat"},{"floor":17,"key":"Replay:Towering Pillar of Hats"},{"floor":23,"key":"Pen Nib"},{"floor":28,"key":"Replay:Bottled Flurry"},{"floor":40,"key":"Strawberry"},{"floor":43,"key":"Eternal Feather"},{"floor":45,"key":"Chameleon Ring"},{"floor":47,"key":"Bronze Scales"},{"floor":54,"key":"Mirror"}],"event_choices":[{"damage_healed":80,"gold_gain":0,"player_choice":"Embrace Burn","damage_taken":0,"max_hp_gain":0,"max_hp_loss":80,"event_name":"betterThird:BetterShining","floor":5,"gold_loss":0},{"damage_healed":0,"gold_gain":0,"player_choice":"Dagger","damage_taken":6,"max_hp_gain":0,"max_hp_loss":0,"event_name":"betterThird:BetterNest","floor":19,"gold_loss":0,"cards_obtained":["RitualDagger"]},{"damage_healed":0,"gold_gain":0,"player_choice":"Bought 1 Potion","damage_taken":0,"max_hp_gain":0,"max_hp_loss":0,"event_name":"The Woman in Blue","floor":22,"gold_loss":0},{"damage_healed":0,"gold_gain":0,"player_choice":"Full Heal","damage_taken":0,"max_hp_gain":0,"max_hp_loss":0,"event_name":"Wheel of Change","floor":37,"gold_loss":0}],"is_beta":false,"boss_relics":[{"not_picked":["Replay:Wanted Poster","Replay:Drink Me"],"picked":"Calling Bell"},{"not_picked":["Sozu","ReplayTheSpireMod:DimensionalGlitch"],"picked":"Abe\u0027s Treasure"}],"items_purged_floors":[],"is_endless":false,"potions_floor_spawned":[8,10,11,16,18,23,29,30,31,33,36,39,42,45,54],"killed_by":"The Heart","ascension_level":0}}