{"host":"6p0attdrtjqaih7v","time":1608085745,"event":{"mods":["2.2 Compatiblity","AchievementEnabler","Bard","BaseMod","Better Skull","Better Third Choice","Colored Powertips","Hermit","Highlight Path","Jorbs\u0027s Wanderer Trilogy","Key Reminder","Minty Spire (QoL Compilation)","Permanent Neow","Quick Restart","Random Character Button","Relic Stats","Replay The Spire","StSLib","The Construct"],"gold_per_floor":[117,130,145,157,157,192,192,45,123,151,162,196,196,207,207,308,308,326,346,346,346,362,387,387,413,413,413,438,451,480,101,101,202,202,220,230,230,245,259,259,52,66,66,91,91,102,102,128,128,128],"floor_reached":51,"playtime":4087,"items_purged":["Regret","bard:Strike","bard:HideousLaughter"],"score":1451,"play_id":"f9712c0f-322f-4bed-af2e-604022d6a6b5","local_time":"20201215212905","is_ascension_mode":true,"campfire_choices":[{"data":"bard:Blink","floor":7,"key":"SMITH"},{"data":"bard:Doot","floor":13,"key":"SMITH"},{"data":"bard:Improv","floor":15,"key":"SMITH"},{"data":"bard:Haste","floor":24,"key":"SMITH"},{"floor":27,"key":"REST"},{"data":"bard:Shifting","floor":32,"key":"SMITH"},{"data":"bard:Inspire","floor":40,"key":"SMITH"},{"data":"bard:GuardPoint","floor":45,"key":"SMITH"},{"data":"bard:LifeDrain","floor":47,"key":"SMITH"},{"floor":49,"key":"REST"}],"circlet_count":0,"master_deck":["AscendersBane","bard:Defend","bard:Defend","bard:Riposte","bard:Inspire+1","bard:Parry","bard:ViciousMockery","bard:LingeringEcho+1","bard:GuardPoint+1","bard:Blink+1","bard:Doot+1","bard:Fermata","bard:Improv+1","bard:Haste+1","bard:DervishDance","bard:Fermata","bard:Heroism","bard:Flourish+1","bard:LingeringEcho","bard:MantleOfInspiration+1","bard:SplendidForm+1","bard:Shifting+1","bard:Invisibility","bard:Shout","bard:GreaterMagicWeapon+1","bard:Thunderwave","bard:LifeDrain+1"],"relics":["bard:PitchPipe","bard:BagPipes","Vajra","Replay:PocketPolymizer","Blood Vial","The Courier","HornCleat","keyreminder:keyreminder","Frozen Egg 2","Velvet Choker","MutagenicStrength","bard:StrangeHarp","Mirror","Ornamental Fan","ReplayFunnel","Matryoshka","ClockworkSouvenir","Empty Cage","Whetstone","MealTicket","construct:FoamFinger"],"acts_visited":["Exordium","TheCity","TheBeyond"],"potions_floor_usage":[6,10,23,25,28,28,28,29,46,50,50],"damage_taken":[{"damage":0,"enemies":"Small Slimes","floor":1,"turns":3},{"damage":4,"enemies":"2 Louse","floor":2,"turns":3},{"damage":1,"enemies":"Jaw Worm","floor":3,"turns":4},{"damage":0,"enemies":"Exordium Wildlife","floor":4,"turns":3},{"damage":13,"enemies":"Gremlin Nob","floor":6,"turns":4},{"damage":5,"enemies":"Lagavulin","floor":10,"turns":5},{"damage":0,"enemies":"Exordium Thugs","floor":11,"turns":5},{"damage":7,"enemies":"Gremlin Nob","floor":12,"turns":4},{"damage":0,"enemies":"Lots of Slimes","floor":14,"turns":1},{"damage":10,"enemies":"Slime Boss","floor":16,"turns":12},{"damage":2,"enemies":"2 Thieves","floor":18,"turns":4},{"damage":3,"enemies":"Shell Parasite","floor":19,"turns":7},{"damage":0,"enemies":"Centurion and Healer","floor":22,"turns":9},{"damage":4,"enemies":"Book of Stabbing","floor":23,"turns":10},{"damage":29,"enemies":"Slavers","floor":25,"turns":4},{"damage":0,"enemies":"Gremlin Leader","floor":28,"turns":10},{"damage":9,"enemies":"Cultist and Chosen","floor":29,"turns":6},{"damage":0,"enemies":"Book of Stabbing","floor":30,"turns":6},{"damage":0,"enemies":"Automaton","floor":33,"turns":12},{"damage":0,"enemies":"3 Darklings","floor":35,"turns":9},{"damage":0,"enemies":"Orb Walker","floor":36,"turns":6},{"damage":0,"enemies":"Transient","floor":38,"turns":5},{"damage":0,"enemies":"3 Darklings","floor":39,"turns":8},{"damage":10,"enemies":"Jaw Worm Horde","floor":42,"turns":4},{"damage":0,"enemies":"R_Hoarder","floor":44,"turns":8},{"damage":6,"enemies":"Sphere and 2 Shapes","floor":46,"turns":6},{"damage":18,"enemies":"Nemesis","floor":48,"turns":11},{"damage":23,"enemies":"Time Eater","floor":50,"turns":9}],"seed_played":"-3503092302607539346","potions_obtained":[{"floor":1,"key":"Swift Potion"},{"floor":2,"key":"Adrenaline Potion"},{"floor":6,"key":"Swift Potion"},{"floor":12,"key":"Dexterity Potion"},{"floor":23,"key":"PowerPotion"},{"floor":25,"key":"EntropicBrew"},{"floor":30,"key":"Languid Potion"},{"floor":35,"key":"Milkshake"},{"floor":44,"key":"CultistPotion"},{"floor":48,"key":"SpeedPotion"}],"is_trial":false,"path_per_floor":["M","M","M","M","?","E","R","$","T","E","M","E","R","M","R","B",null,"M","M","?","?","M","E","R","E","T","R","E","M","E","$","R","B",null,"M","M","?","M","M","R","$","M","T","E","R","M","R","E","R","B",null],"character_chosen":"BARD","items_purchased":["bard:Doot","bard:SplendidForm+1","bard:Shifting","ClockworkSouvenir","bard:GreaterMagicWeapon+1","bard:Thunderwave"],"campfire_rested":2,"item_purchase_floors":[8,31,31,31,41,41],"current_hp_per_floor":[63,59,58,58,58,45,45,45,45,42,44,39,39,41,41,33,61,61,60,60,60,62,60,60,33,33,54,56,49,51,51,51,53,66,68,70,70,70,70,70,70,60,60,66,66,62,62,46,67,46],"gold":128,"neow_bonus":"RANDOM_COMMON_RELIC","is_daily":false,"chose_seed":false,"campfire_upgraded":8,"win_rate":0.0,"timestamp":1608085745,"path_taken":["M","M","M","M","?","E","R","$","T","E","M","E","R","M","R","BOSS","M","M","?","?","?","E","R","E","T","R","E","M","E","$","R","BOSS","M","?","?","M","M","R","$","M","T","E","R","M","R","E","R","BOSS"],"items_purchased_type":["Card","Card","Card","Relic","Card","Card"],"build_version":"2020-12-13","purchased_purges":3,"victory":true,"max_hp_per_floor":[70,70,70,70,70,70,70,70,70,70,70,70,70,70,70,70,70,70,70,70,70,70,70,70,70,70,70,70,70,70,70,70,70,70,70,70,70,70,70,70,70,70,70,70,70,70,70,70,70,70],"relic_stats":{"Blood Vial":40,"counters":[28,178],"Ornamental Fan":[52],"MealTicket":0,"Whetstone":["bard:Flourish","bard:LingeringEcho"],"obtain_stats":[{"ReplayFunnel":28,"bard:BagPipes":0,"Replay:PocketPolymizer":5,"construct:FoamFinger":48,"bard:PitchPipe":0,"Vajra":0,"Velvet Choker":17,"The Courier":9,"Whetstone":43,"Frozen Egg 2":12,"bard:StrangeHarp":23,"Empty Cage":34,"ClockworkSouvenir":31,"Blood Vial":6,"keyreminder:keyreminder":12,"HornCleat":10,"Matryoshka":30,"Ornamental Fan":26,"MutagenicStrength":20,"MealTicket":44,"Mirror":25},{"ReplayFunnel":16,"bard:BagPipes":0,"Replay:PocketPolymizer":4,"construct:FoamFinger":27,"bard:PitchPipe":0,"Vajra":0,"Velvet Choker":10,"The Courier":5,"Whetstone":24,"Frozen Egg 2":8,"bard:StrangeHarp":14,"Empty Cage":19,"ClockworkSouvenir":18,"Blood Vial":5,"keyreminder:keyreminder":8,"HornCleat":6,"Matryoshka":18,"Ornamental Fan":15,"MutagenicStrength":12,"MealTicket":25,"Mirror":15},{"ReplayFunnel":88,"bard:BagPipes":0,"Replay:PocketPolymizer":13,"construct:FoamFinger":169,"bard:PitchPipe":0,"Vajra":0,"Velvet Choker":44,"The Courier":17,"Whetstone":144,"Frozen Egg 2":31,"bard:StrangeHarp":74,"Empty Cage":112,"ClockworkSouvenir":100,"Blood Vial":17,"keyreminder:keyreminder":31,"HornCleat":22,"Matryoshka":100,"Ornamental Fan":78,"MutagenicStrength":55,"MealTicket":152,"Mirror":78}]},"card_choices":[{"not_picked":["bard:EnGarde","bard:Gamble"],"picked":"bard:Parry","floor":1},{"not_picked":["bard:FeastOnFear","bard:Accelerando","bard:Gamble"],"picked":"SKIP","floor":2},{"not_picked":["bard:SongBolt","bard:Haste"],"picked":"bard:ViciousMockery","floor":3},{"not_picked":["bard:HideousLaughter","bard:Parry"],"picked":"bard:LingeringEcho","floor":4},{"not_picked":["bard:InspiringSong","bard:FeastOnFear"],"picked":"bard:GuardPoint","floor":6},{"not_picked":["bard:QuickSong","bard:HideousLaughter","bard:MnemonicVestments"],"picked":"SKIP","floor":10},{"not_picked":["bard:Demoralize","bard:StudiedStrike","bard:DervishDance"],"picked":"SKIP","floor":11},{"not_picked":["bard:HideousLaughter","bard:DervishDance"],"picked":"bard:Fermata","floor":12},{"not_picked":["bard:Accelerando","bard:BottledSong","bard:QuickSong"],"picked":"SKIP","floor":14},{"not_picked":["bard:PowerWordStun","bard:MnemonicVestments"],"picked":"bard:Haste","floor":16},{"not_picked":["bard:Demoralize","bard:Aphasia"],"picked":"bard:DervishDance","floor":18},{"not_picked":["bard:EchoEcho","bard:Parry"],"picked":"bard:Fermata","floor":19},{"not_picked":["bard:Silence","bard:Sift","bard:FeastOnFear"],"picked":"SKIP","floor":22},{"not_picked":["bard:GuardPoint","bard:HideousLaughter"],"picked":"bard:Heroism","floor":23},{"not_picked":["bard:DervishDance","bard:Greatness","bard:Parry"],"picked":"SKIP","floor":25},{"not_picked":["bard:LingeringPerformance","bard:HideousLaughter"],"picked":"bard:Flourish","floor":28},{"not_picked":["bard:StudiedStrike","bard:Sift"],"picked":"bard:LingeringEcho","floor":29},{"not_picked":["bard:HideousLaughter","bard:GlyphOfWarding+1"],"picked":"bard:MantleOfInspiration+1","floor":30},{"not_picked":["bard:Focused","bard:BottledSong"],"picked":"bard:Invisibility","floor":33},{"not_picked":["bard:Gamble+1","bard:StudiedStrike","bard:Greatness+1"],"picked":"SKIP","floor":35},{"not_picked":["bard:DiscordantVoice+1","bard:QuickSong"],"picked":"bard:Shout","floor":36},{"not_picked":["bard:BucklerBash","bard:Fermata","bard:MantleOfInspiration+1"],"picked":"SKIP","floor":38},{"not_picked":["bard:FaerieFire+1","bard:FirstStrike","bard:Sift"],"picked":"SKIP","floor":39},{"not_picked":["bard:FaerieFire+1","bard:PhantasmalForce","bard:Doot"],"picked":"SKIP","floor":42},{"not_picked":["bard:PowerWordStun","bard:Thunderwave+1","bard:Greatness"],"picked":"SKIP","floor":44},{"not_picked":["bard:PowerWordStun","bard:Thunderwave+1","bard:Greatness"],"picked":"SKIP","floor":44},{"not_picked":["bard:SongBolt+1","bard:BucklerBash"],"picked":"bard:LifeDrain","floor":46},{"not_picked":["bard:InspiringSong+1","bard:EchoEcho","bard:Gamble"],"picked":"SKIP","floor":48}],"player_experience":852519,"relics_obtained":[{"floor":6,"key":"Blood Vial"},{"floor":9,"key":"The Courier"},{"floor":10,"key":"HornCleat"},{"floor":12,"key":"Frozen Egg 2"},{"floor":23,"key":"bard:StrangeHarp"},{"floor":25,"key":"Mirror"},{"floor":26,"key":"Ornamental Fan"},{"floor":28,"key":"ReplayFunnel"},{"floor":30,"key":"Matryoshka"},{"floor":43,"key":"Whetstone"},{"floor":44,"key":"MealTicket"},{"floor":48,"key":"construct:FoamFinger"}],"event_choices":[{"damage_healed":0,"gold_gain":0,"player_choice":"Box","damage_taken":0,"relics_obtained":["Replay:PocketPolymizer"],"max_hp_gain":0,"max_hp_loss":0,"event_name":"Big Fish","floor":5,"gold_loss":0,"cards_obtained":["Regret"]},{"damage_healed":0,"gold_gain":0,"player_choice":"Inject Mutagens","damage_taken":0,"relics_obtained":["MutagenicStrength"],"max_hp_gain":0,"max_hp_loss":0,"event_name":"Drug Dealer","floor":20,"gold_loss":0},{"damage_healed":0,"gold_gain":0,"player_choice":"Ignored","damage_taken":0,"max_hp_gain":0,"max_hp_loss":0,"event_name":"The Mausoleum","floor":21,"gold_loss":0},{"damage_healed":0,"gold_gain":0,"player_choice":"Ignored","damage_taken":0,"max_hp_gain":0,"max_hp_loss":0,"event_name":"Tomb of Lord Red Mask","floor":37,"gold_loss":0}],"is_beta":false,"boss_relics":[{"not_picked":["Fusion Hammer","ChewingGum"],"picked":"Velvet Choker"},{"not_picked":["Black Star","ReplayTheSpireMod:DimensionalGlitch"],"picked":"Empty Cage"}],"items_purged_floors":[8,31,41],"is_endless":false,"potions_floor_spawned":[1,2,6,12,19,23,25,30,35,42,44,48],"ascension_level":12}}