{"host":"6bsan6hkua32tfq7","time":1608119841,"event":{"mods":["BaseMod","Better Third Choice","Colored Map","Highlight Path","Minty Spire (QoL Compilation)","StSLib"],"gold_per_floor":[111,122,132,147,127,127,144,173,173,173,173,173,173,197,197,197,197],"floor_reached":16,"playtime":343,"items_purged":[],"score":204,"play_id":"3f024e07-b424-4ca1-97f8-064d6a59228a","local_time":"20201216125721","is_ascension_mode":true,"campfire_choices":[{"data":"Searing Blow","floor":6,"key":"SMITH"},{"data":"Searing Blow+2","floor":11,"key":"SMITH"},{"data":"Searing Blow+3","floor":13,"key":"SMITH"},{"data":"Searing Blow+4","floor":15,"key":"SMITH"}],"circlet_count":0,"master_deck":["AscendersBane","Strike_R","Strike_R","Strike_R","Strike_R","Strike_R","Defend_R","Defend_R","Defend_R","Defend_R","Bash","Twin Strike","Searing Blow+5","Cleave","Shockwave","Armaments","Ghostly Armor"],"relics":["Burning Blood","Dream Catcher","Art of War","Darkstone Periapt","Golden Idol"],"acts_visited":["Exordium"],"potions_floor_usage":[7,14,16,16,16,16],"damage_taken":[{"damage":2,"enemies":"Small Slimes","floor":1,"turns":5},{"damage":1,"enemies":"Cultist","floor":2,"turns":3},{"damage":0,"enemies":"2 Louse","floor":3,"turns":4},{"damage":12,"enemies":"Looter","floor":4,"turns":3},{"damage":35,"enemies":"Exordium Thugs","floor":7,"turns":6},{"damage":32,"enemies":"Gremlin Nob","floor":8,"turns":4},{"damage":10,"enemies":"Exordium Wildlife","floor":14,"turns":3},{"damage":10,"enemies":"Hexaghost","floor":16,"turns":9}],"seed_played":"830890415028665207","potions_obtained":[{"floor":2,"key":"SmokeBomb"},{"floor":4,"key":"ColorlessPotion"},{"floor":5,"key":"EntropicBrew"},{"floor":8,"key":"Swift Potion"},{"floor":14,"key":"FearPotion"}],"is_trial":false,"path_per_floor":["M","M","M","M","?","R","M","E","T","?","R","?","R","M","R","B"],"character_chosen":"IRONCLAD","items_purchased":[],"campfire_rested":0,"item_purchase_floors":[],"current_hp_per_floor":[72,75,75,69,69,69,40,14,14,14,14,14,14,10,10,0,0],"gold":197,"neow_bonus":"RANDOM_COMMON_RELIC","is_daily":false,"chose_seed":false,"campfire_upgraded":4,"win_rate":0.0,"timestamp":1608119841,"path_taken":["M","M","M","M","?","R","?","E","T","?","R","?","R","M","R","BOSS"],"items_purchased_type":[],"build_version":"2020-12-13","purchased_purges":0,"victory":false,"max_hp_per_floor":[75,75,75,75,75,75,75,75,75,75,75,68,68,68,68,68,68],"card_choices":[{"not_picked":["Wild Strike","Pommel Strike"],"picked":"Twin Strike","floor":1},{"not_picked":["Flex","Clothesline"],"picked":"Searing Blow","floor":2},{"not_picked":["Heavy Blade","Pommel Strike"],"picked":"Cleave","floor":3},{"not_picked":["Clothesline","Power Through","Twin Strike"],"picked":"SKIP","floor":4},{"not_picked":["Ghostly Armor","Hemokinesis"],"picked":"Shockwave","floor":7},{"not_picked":["Cleave","Spot Weakness"],"picked":"Armaments","floor":8},{"not_picked":["Shockwave","Pummel"],"picked":"Ghostly Armor","floor":14}],"player_experience":5188008,"relics_obtained":[{"floor":8,"key":"Art of War"},{"floor":9,"key":"Darkstone Periapt"}],"event_choices":[{"damage_healed":0,"gold_gain":0,"player_choice":"Bought 1 Potion","damage_taken":0,"max_hp_gain":0,"max_hp_loss":0,"event_name":"The Woman in Blue","floor":5,"gold_loss":0},{"damage_healed":0,"gold_gain":0,"player_choice":"Grow","damage_taken":0,"max_hp_gain":0,"max_hp_loss":0,"event_name":"Living Wall","floor":10,"gold_loss":0,"cards_upgraded":["Searing Blow"]},{"damage_healed":0,"gold_gain":0,"player_choice":"Lose Max HP","damage_taken":0,"relics_obtained":["Golden Idol"],"max_hp_gain":0,"max_hp_loss":7,"event_name":"Golden Idol","floor":12,"gold_loss":0}],"is_beta":false,"boss_relics":[],"items_purged_floors":[],"is_endless":false,"potions_floor_spawned":[2,4,8,14],"killed_by":"Hexaghost","ascension_level":20}}