{"host":"5uvzo7moqy5vd63g","time":1608158590,"event":{"mods":["Aspiration","BaseMod","Conspire","Curses Come First","Downfall","Hermit","Hubris","Jedi Mod","Mimic Mod","Minty Spire (QoL Compilation)","Replay The Spire","StSLib","The Animator","Wandering Minibosses"],"gold_per_floor":[112,112,112,112,124,157,35,67,67,77,93,23,23,47,47,146,146,165,183,198,227,243,243,256,288,327,338,338,355,57,57,57,161,161,176,176,188,29,29,29,29,51,83,115,133,159,181,207,207,207,207,207,496,546,601,601,601,31,106,106,106],"floor_reached":60,"playtime":7236,"items_purged":["Writhe"],"score":1219,"play_id":"f52ee7cd-0bbe-4041-ba87-fa1e394d2b04","local_time":"20201216174310","is_ascension_mode":true,"campfire_choices":[{"data":"animator:ElricAlphonse","floor":13.0,"key":"SMITH"},{"data":"animator:NarberalGamma","floor":23.0,"key":"SMITH"},{"data":"animator:Arpeggio","floor":32.0,"key":"SMITH"},{"floor":40.0,"key":"RECALL"},{"data":"animator:Eve","floor":49.0,"key":"SMITH"},{"data":"animator:YachiyoNanami","floor":52.0,"key":"SMITH"}],"circlet_count":0,"master_deck":["animator:Defend_FullmetalAlchemist","animator:Strike","animator:ElricEdward","animator:ElricAlphonse","animator:SayakaMiki","Finisher+1","Skewer","Prepared+1","animator:NarberalGamma","animator:AcuraTooru","animator:Arpeggio+1","animator:ElricEdward","animator:MamiTomoe+1","animator:AcuraAkari","animator:YachiyoNanami","animator:Pride","animator:GoblinSlayer","animator:MaesHughes+1","animator:Pride","animator:Gillette","animator:OrikoMikuni","animator:Guy","animator:MamiTomoe+1","animator:Fredrika","animator:YachiyoNanami","animator:IrohaTamaki","animator:Eve","animator:Pride+1","animator:Kyubey+1","animator:Evileye","animator:Kagari","animator:HomuraAkemi+1","animator:YachiyoNanami","animator:KyokoSakura","animator:YuiTsuruno+1","animator:Gillette","animator:Pride+1","animator:Cirno","animator:HigakiRinne","Parasite","animator:Add","animator:ElricAlphonse+1","animator:Add","animator:OrikoMikuni","animator:Kyubey","animator:RoyMustang","animator:YuiTsuruno","animator:SuzuneAmano","animator:Pride+1","animator:RoyMustang+1"],"relics":["animator:TheEgnaroPiece","animator:LivingPicture","animator:TheMissingPiece","animator:AncientMedallion"],"acts_visited":["Exordium","TheCity","TheBeyond","TheEnding","EYB:TheUnnamedReign"],"potions_floor_usage":[59,60],"damage_taken":[{"damage":0.0,"enemies":"Small Slimes","floor":1.0,"turns":1.0},{"damage":0.0,"enemies":"2 Louse","floor":5.0,"turns":2.0},{"damage":0.0,"enemies":"Replay:BlueRogue","floor":6.0,"turns":1.0},{"damage":23.0,"enemies":"Lagavulin","floor":8.0,"turns":6.0},{"damage":7.0,"enemies":"Jaw Worm","floor":10.0,"turns":2.0},{"damage":15.0,"enemies":"Large Slime","floor":11.0,"turns":6.0},{"damage":10.0,"enemies":"3 Louse","floor":14.0,"turns":3.0},{"damage":0.0,"enemies":"Slime Boss","floor":16.0,"turns":6.0},{"damage":0.0,"enemies":"3 Byrds","floor":18.0,"turns":2.0},{"damage":4.0,"enemies":"Shell Parasite","floor":19.0,"turns":5.0},{"damage":4.0,"enemies":"Snake Plant","floor":20.0,"turns":4.0},{"damage":13.0,"enemies":"conspire:MimicChest","floor":21.0,"turns":4.0},{"damage":0.0,"enemies":"conspire:HollyBat","floor":22.0,"turns":6.0},{"damage":14.0,"enemies":"Snecko","floor":24.0,"turns":4.0},{"damage":17.0,"enemies":"Gremlin Leader","floor":25.0,"turns":5.0},{"damage":0.0,"enemies":"3 Cultists","floor":26.0,"turns":4.0},{"damage":0.0,"enemies":"3 Cultists","floor":27.0,"turns":4.0},{"damage":14.0,"enemies":"Snake Plant","floor":29.0,"turns":3.0},{"damage":23.0,"enemies":"hubris:MusketHawk","floor":33.0,"turns":7.0},{"damage":0.0,"enemies":"Orb Walker","floor":35.0,"turns":3.0},{"damage":0.0,"enemies":"3 Shapes","floor":37.0,"turns":6.0},{"damage":0.0,"enemies":"Writhing Mass","floor":42.0,"turns":4.0},{"damage":0.0,"enemies":"3 Darklings","floor":43.0,"turns":5.0},{"damage":15.0,"enemies":"Nemesis","floor":44.0,"turns":8.0},{"damage":0.0,"enemies":"3 Darklings","floor":45.0,"turns":6.0},{"damage":0.0,"enemies":"Giant Head","floor":46.0,"turns":7.0},{"damage":0.0,"enemies":"Sphere and 2 Shapes","floor":47.0,"turns":4.0},{"damage":0.0,"enemies":"Nemesis","floor":48.0,"turns":4.0},{"damage":21.0,"enemies":"Time Eater","floor":50.0,"turns":8.0},{"damage":0,"enemies":"animator:UNNAMED_HAT","floor":54,"turns":7},{"damage":0,"enemies":"animator:UNNAMED_CULTIST_1","floor":55,"turns":8},{"damage":75,"enemies":"animator:UNNAMED_CULTIST_2","floor":59,"turns":9},{"damage":24,"enemies":"animator:LARGE_CRYSTAL","floor":60,"turns":3}],"seed_played":"-5172364413652441797","potions_obtained":[{"floor":1.0,"key":"jedi:StrikingPotion"},{"floor":14.0,"key":"DistilledChaos"},{"floor":20.0,"key":"LiquidMemories"},{"floor":21.0,"key":"Reflective Coating"},{"floor":27.0,"key":"DuplicationPotion"},{"floor":33.0,"key":"FearPotion"},{"floor":37.0,"key":"Strength Potion"},{"floor":45.0,"key":"ColorlessPotion"},{"floor":46.0,"key":"BlessingOfTheForge"},{"floor":54,"key":"animator:FalseLifePotion"},{"floor":55,"key":"animator:FalseLifePotion"},{"floor":59,"key":"animator:FalseLifePotion"}],"is_trial":false,"path_per_floor":["M","?","?","?","M","E","$","E","T","M","M","$","R","M","R","B",null,"M","M","M","?","M","R","M","E","MIM","M","?","M","$","?","R","B",null,"M","?","M","$","?","R","$","M","MIM","E","M","E","M","E","R","B",null,"R","??","M","M","T","?","$","M","M"],"character_chosen":"THE_ANIMATOR","items_purchased":["animator:Arpeggio","Block Potion","animator:YachiyoNanami","animator:Kyubey+1","animator:Evileye+1","animator:Kagari","animator:Pride+1","animator:Cirno","animator:AncientMedallion","animator:AncientMedallion"],"campfire_rested":0,"item_purchase_floors":[7,7,12,30,30,30,38,38,58,58],"current_hp_per_floor":[66,66,66,66,66,80,80,57,57,50,35,35,35,25,22,47,72,73,69,65,52,52,52,38,21,21,21,21,7,7,7,7,9,63,63,63,63,63,53,53,53,53,53,38,38,38,38,38,38,47,73,73,86,86,86,86,86,86,11,0,0],"gold":106,"neow_bonus":"THREE_ENEMY_KILL","is_daily":false,"chose_seed":false,"campfire_upgraded":5,"win_rate":0.0,"timestamp":1608158590,"path_taken":["M","?","?","?","M","E","?","E","T","M","M","$","R","M","R","BOSS","M","M","M","?","M","R","M","E","MIM","M","?","?","$","?","R","BOSS","M","?","M","$","?","R","?","M","MIM","E","?","E","M","E","R","BOSS","R","??","M","M","T","?","$","M","M"],"items_purchased_type":["Card","Potion","Card","Card","Card","Card","Card","Card","Relic","Relic"],"build_version":"2020-12-13","purchased_purges":1,"victory":false,"max_hp_per_floor":[66,66,66,66,66,80,80,80,80,80,80,80,80,80,80,80,80,81,81,81,81,81,81,81,81,81,81,81,81,81,81,81,81,81,81,81,81,81,81,81,81,81,81,81,81,81,81,81,81,81,81,81,86,86,86,86,86,86,86,86,86],"card_choices":[{"not_picked":["animator:AcuraTooru","animator:Priestess"],"picked":"animator:SayakaMiki","floor":1.0},{"not_picked":["animator:Bozes","animator:KyokoSakura"],"picked":"animator:NarberalGamma","floor":5.0},{"not_picked":["animator:Viivi","animator:SayakaMiki"],"picked":"animator:AcuraTooru","floor":6.0},{"not_picked":["animator:Sloth","animator:Gluttony"],"picked":"animator:ElricEdward","floor":8.0},{"not_picked":["animator:Guy+1","animator:SayakaMiki+1"],"picked":"animator:MamiTomoe","floor":10.0},{"not_picked":["animator:LeleiLaLalena+1","animator:AcuraTooru"],"picked":"animator:AcuraAkari+1","floor":11.0},{"not_picked":["animator:Raven","animator:HiiragiShinya+1"],"picked":"animator:Pride+1","floor":14.0},{"not_picked":["animator:PinaCoLada","animator:Biyorigo"],"picked":"animator:GoblinSlayer","floor":16.0},{"not_picked":["animator:Gluttony+1","animator:Scar"],"picked":"animator:MaesHughes+1","floor":18.0},{"not_picked":["animator:YachiyoNanami","animator:Shichika+1"],"picked":"animator:Pride+1","floor":19.0},{"not_picked":["animator:KyokoSakura","animator:Konayuki+1"],"picked":"animator:Gillette","floor":20.0},{"not_picked":["animator:Yoichi+1","animator:ZankiKiguchi"],"picked":"animator:OrikoMikuni+1","floor":21.0},{"not_picked":["animator:YaoHaDucy+1","animator:Tyuule+1"],"picked":"animator:Guy+1","floor":22.0},{"not_picked":["animator:YachiyoNanami","animator:IrohaTamaki"],"picked":"animator:MamiTomoe","floor":24.0},{"not_picked":["animator:OrikoMikuni+1","animator:Witch+1"],"picked":"animator:Fredrika+1","floor":25.0},{"not_picked":["animator:Togame+1","animator:KyokoSakura"],"picked":"animator:YachiyoNanami","floor":26.0},{"not_picked":["animator:Shinoa+1","animator:Mikaela"],"picked":"animator:IrohaTamaki+1","floor":27.0},{"not_picked":["animator:PandorasActor+1","animator:Elsword"],"picked":"animator:Pride+1","floor":29.0},{"not_picked":["animator:SwordMaiden+1","animator:Eve"],"picked":"animator:HomuraAkemi+1","floor":33.0},{"not_picked":["animator:ChaikaBohdan","animator:Guy+1"],"picked":"animator:Gillette","floor":35.0},{"not_picked":["animator:Yuuichirou+1","animator:YaoHaDucy","animator:Shinoa+1"],"picked":"SKIP","floor":37.0},{"not_picked":["animator:Viivi+1","animator:ZankiKiguchi"],"picked":"animator:Add+1","floor":42.0},{"not_picked":["animator:Nanami+1","animator:OrikoMikuni+1"],"picked":"animator:ElricAlphonse+1","floor":43.0},{"not_picked":["animator:ElricEdward","animator:PandorasActor+1"],"picked":"animator:Add+1","floor":44.0},{"not_picked":["animator:IrohaTamaki","animator:YachiyoNanami"],"picked":"animator:OrikoMikuni+1","floor":45.0},{"not_picked":["animator:Viivi","animator:YaoHaDucy"],"picked":"animator:Kyubey+1","floor":46.0},{"not_picked":["animator:Guy+1","animator:Gillette+1"],"picked":"animator:RoyMustang","floor":47.0},{"not_picked":["animator:Mikaela+1","animator:Ain"],"picked":"animator:YuiTsuruno","floor":48.0},{"not_picked":["animator:IrohaTamaki","animator:SayakaMiki"],"picked":"animator:SuzuneAmano","floor":54},{"not_picked":["animator:Togame","animator:Guy+1"],"picked":"animator:Pride","floor":55},{"not_picked":["animator:Elsword","animator:Gillette"],"picked":"animator:RoyMustang+1","floor":59}],"player_experience":1328297,"relics_obtained":[{"floor":6.0,"key":"Mango"},{"floor":8.0,"key":"animator:BattleDrones"},{"floor":9.0,"key":"Toxic Egg 2"},{"floor":21.0,"key":"conspire:TopHat"},{"floor":25.0,"key":"Bottled Tornado"},{"floor":43.0,"key":"jedi:matchstick"},{"floor":44.0,"key":"Smiling Mask"},{"floor":46.0,"key":"InkBottle"},{"floor":48.0,"key":"hubris:FunFungus"},{"floor":53.0,"key":"animator:TheEgnaroPiece"},{"floor":56,"key":"animator:AncientMedallion"}],"event_choices":[{"damage_healed":0.0,"max_hp_gain":0.0,"max_hp_loss":0.0,"gold_gain":0.0,"event_name":"conspire:Investor","player_choice":"Leave","floor":4.0,"gold_loss":0.0,"damage_taken":0.0},{"damage_healed":0.0,"max_hp_gain":0.0,"max_hp_loss":0.0,"gold_gain":0.0,"event_name":"Scrap Ooze","player_choice":"Success","floor":15.0,"gold_loss":0.0,"damage_taken":3.0,"relics_obtained":["Pantograph"]},{"damage_healed":0.0,"max_hp_gain":0.0,"max_hp_loss":0.0,"gold_gain":0.0,"event_name":"The Mausoleum","player_choice":"Opened","floor":31.0,"gold_loss":0.0,"damage_taken":0.0,"relics_obtained":["Mirror"],"cards_obtained":["Writhe"]},{"damage_healed":0.0,"max_hp_gain":0.0,"max_hp_loss":0.0,"gold_gain":0.0,"event_name":"Winding Halls","player_choice":"Embrace Madness","floor":39.0,"gold_loss":0.0,"damage_taken":10.0,"cards_obtained":["animator:HigakiRinne"]}],"is_beta":false,"boss_relics":[{"not_picked":["Pandora\u0027s Box","Tiny House"],"picked":"Coffee Dripper"},{"not_picked":["jedi:hotpepper","conspire:SlowCooker"],"picked":"animator:RacePiece"}],"items_purged_floors":[58],"is_endless":false,"potions_floor_spawned":[1,14,20,21,27,33,37,42,45,46,55],"killed_by":"animator:LARGE_CRYSTAL","ascension_level":5}}