{"host":"bxn2em57qlx5u4i0","time":1608100618,"event":{"mods":["BaseMod","Colored Map","Colored Powertips","Highlight Path","Minty Spire (QoL Compilation)","Random Character Button","Relic Sorter","Relic Stats","StSLib","SuperFastMode"],"gold_per_floor":[110,110,110,35,35,74,114,148,148,186,227,270,314,354,354,450,450,471,471,471,18,18,56,99,134,134,134,173,12,55,94,94,189,189,204,33,0,43,57,92,133,169,214,257,288,288,322,355,389,389,389,389,389,389,19,50,50],"floor_reached":58,"playtime":2960,"items_purged":["Regret","Cloak And Dagger"],"score":5011,"play_id":"b9846a14-b3b3-4830-bfb9-ad58bde14ce3","local_time":"20201216013658","daily_mods":["SealedDeck","Heirloom","Flight","DeadlyEvents","Elite Swarm"],"is_ascension_mode":true,"campfire_choices":[{"data":"Burst","floor":15,"key":"SMITH"},{"floor":27,"key":"RECALL"},{"floor":32,"key":"REST"},{"floor":50,"key":"REST"},{"floor":54,"key":"REST"}],"circlet_count":0,"master_deck":["AscendersBane","Cloak And Dagger","Dodge and Roll+1","PiercingWail","Deadly Poison+1","Footwork","Catalyst","Catalyst","Noxious Fumes","Cloak And Dagger","Burst+1","Malaise+1","After Image","Doppelganger+1","After Image","Venomology+1","Malaise+1","Venomology+1","Malaise+1","Ghostly+1","Ghostly+1","Ghostly+1","After Image","Blade Dance+1","Burst+1","Adrenaline+1","Adrenaline+1","Adrenaline+1"],"relics":["Ring of the Snake","Dead Branch","Ice Cream","Golden Idol","Toy Ornithopter","Toxic Egg 2","Pocketwatch","White Beast Statue","InkBottle","Happy Flower","Bird Faced Urn","Singing Bowl","Incense Burner","Fusion Hammer","Mummified Hand","DollysMirror","PreservedInsect","Smiling Mask","Gambling Chip","Pear","Torii","Lantern","Bag of Preparation","Bottled Tornado","Busted Crown","TwistedFunnel","Red Mask","Kunai","Pen Nib","Art of War","TungstenRod","StoneCalendar","Ornamental Fan","Sundial","War Paint","Mango","Sling","Oddly Smooth Stone","Pantograph"],"acts_visited":["Exordium","TheCity","TheBeyond","TheEnding"],"potions_floor_usage":[8,11,13,13,14,14,14,14,16,18,18,23,23,24,25,25,25,28,30,30,30,31,31,33,33,33,35,38,39,39,40,44,57,57],"damage_taken":[{"damage":0.0,"enemies":"Cultist","floor":1.0,"turns":3.0},{"damage":0.0,"enemies":"3 Sentries","floor":6.0,"turns":6.0},{"damage":0.0,"enemies":"Lagavulin","floor":7.0,"turns":5.0},{"damage":30,"enemies":"Gremlin Nob","floor":8,"turns":4},{"damage":0,"enemies":"Lagavulin","floor":10,"turns":5},{"damage":0,"enemies":"Gremlin Nob","floor":11,"turns":2},{"damage":0,"enemies":"3 Sentries","floor":12,"turns":6},{"damage":2,"enemies":"Lagavulin","floor":13,"turns":4},{"damage":0,"enemies":"Gremlin Nob","floor":14,"turns":4},{"damage":0,"enemies":"Hexaghost","floor":16,"turns":8},{"damage":0,"enemies":"Spheric Guardian","floor":18,"turns":5},{"damage":0,"enemies":"Book of Stabbing","floor":23,"turns":4},{"damage":0,"enemies":"Slavers","floor":24,"turns":3},{"damage":0,"enemies":"Book of Stabbing","floor":25,"turns":5},{"damage":0,"enemies":"Slavers","floor":28,"turns":5},{"damage":0,"enemies":"Book of Stabbing","floor":30,"turns":2},{"damage":0,"enemies":"Slavers","floor":31,"turns":4},{"damage":0,"enemies":"Collector","floor":33,"turns":7},{"damage":0,"enemies":"Orb Walker","floor":35,"turns":2},{"damage":0,"enemies":"Reptomancer","floor":38,"turns":1},{"damage":0,"enemies":"3 Darklings","floor":39,"turns":2},{"damage":0,"enemies":"Giant Head","floor":40,"turns":3},{"damage":0,"enemies":"Nemesis","floor":41,"turns":1},{"damage":0,"enemies":"Giant Head","floor":42,"turns":1},{"damage":0,"enemies":"Reptomancer","floor":44,"turns":4},{"damage":0,"enemies":"Nemesis","floor":45,"turns":1},{"damage":0,"enemies":"Reptomancer","floor":47,"turns":2},{"damage":0,"enemies":"Giant Head","floor":48,"turns":1},{"damage":0,"enemies":"Nemesis","floor":49,"turns":3},{"damage":0,"enemies":"Donu and Deca","floor":51,"turns":5},{"damage":0,"enemies":"Time Eater","floor":52,"turns":12},{"damage":0,"enemies":"Shield and Spear","floor":56,"turns":5},{"damage":0,"enemies":"The Heart","floor":57,"turns":5}],"seed_played":"-8096543937282657195","potions_obtained":[{"floor":1.0,"key":"LiquidBronze"},{"floor":7.0,"key":"GamblersBrew"},{"floor":10,"key":"ColorlessPotion"},{"floor":11,"key":"CunningPotion"},{"floor":13,"key":"GamblersBrew"},{"floor":14,"key":"SkillPotion"},{"floor":18,"key":"LiquidMemories"},{"floor":23,"key":"DistilledChaos"},{"floor":25,"key":"EssenceOfSteel"},{"floor":30,"key":"Block Potion"},{"floor":31,"key":"Block Potion"},{"floor":33,"key":"CunningPotion"},{"floor":40,"key":"Swift Potion"}],"is_trial":true,"path_per_floor":["M","?","?","$","?","E","E","E","T","E","E","E","E","E","R","B",null,"M","?","?","$","?","E","E","E","T","R","E","$","E","E","R","B",null,"M","$","?","E","M","E","E","E","T","E","E","E","E","E","E","R","B","B",null,"R","$","E","B",null],"character_chosen":"THE_SILENT","items_purchased":["Mummified Hand","DollysMirror","Blade Dance+1","Lantern","TwistedFunnel","Sling","Oddly Smooth Stone"],"campfire_rested":3,"item_purchase_floors":[21,21,21,29,36,55,55],"current_hp_per_floor":[59,59,59,59,36,36,36,11,11,11,16,16,32,66,66,66,66,68,68,34,34,34,36,36,38,48,48,50,50,52,52,52,54,54,56,56,56,58,60,62,62,64,64,66,68,68,70,72,88,88,88,88,88,88,88,88,88],"gold":50,"neow_bonus":"","is_daily":false,"chose_seed":false,"campfire_upgraded":1,"win_rate":0.0,"timestamp":1608100618,"path_taken":["M","?","?","$","?","E","E","E","T","E","E","E","E","E","R","BOSS","M","?","?","$","?","E","?","E","T","R","E","?","E","?","R","BOSS","M","?","?","?","?","E","E","E","T","E","E","E","E","E","E","R","BOSS","BOSS","R","$","E","BOSS"],"items_purchased_type":["Relic","Relic","Card","Relic","Relic","Relic","Relic"],"build_version":"2020-12-13","purchased_purges":2,"victory":true,"max_hp_per_floor":[66,66,66,66,66,66,66,66,66,66,66,66,66,66,66,66,66,68,68,34,34,34,36,36,38,48,48,50,50,52,52,52,54,54,56,56,56,58,60,62,62,64,64,66,68,68,70,72,88,88,88,88,88,88,88,88,88],"relic_stats":{"Singing Bowl":32,"Torii":0,"StoneCalendar":[52],"Bag of Preparation":[34],"Smiling Mask":50,"Mummified Hand":[136],"Sundial":[4],"Gambling Chip":[49],"Pantograph":0,"Kunai":[68],"InkBottle":[106],"Ring of the Snake":[66],"Happy Flower":[35],"counters":[33,130],"Golden Idol":291,"Dead Branch":[606],"PreservedInsect":1004,"Pen Nib":[20],"War Paint":["Deadly Poison","Dodge and Roll"],"Busted Crown":24,"Ornamental Fan":[164],"Bird Faced Urn":[14],"Art of War":[2],"obtain_stats":[{"Ice Cream":3,"TwistedFunnel":36,"Lantern":29,"Singing Bowl":13,"Torii":28,"StoneCalendar":44,"Mango":49,"Incense Burner":14,"Bag of Preparation":30,"Bottled Tornado":31,"Smiling Mask":24,"Sling":55,"Mummified Hand":21,"DollysMirror":21,"Sundial":47,"Gambling Chip":25,"Pantograph":56,"Fusion Hammer":17,"Red Mask":37,"Kunai":38,"Toxic Egg 2":7,"InkBottle":10,"Ring of the Snake":0,"Pear":26,"Happy Flower":11,"Golden Idol":5,"Dead Branch":0,"Oddly Smooth Stone":55,"PreservedInsect":23,"Pen Nib":40,"War Paint":48,"White Beast Statue":9,"Busted Crown":34,"Ornamental Fan":45,"Bird Faced Urn":12,"Art of War":41,"Toy Ornithopter":6,"TungstenRod":42,"Pocketwatch":8},{"Ice Cream":1,"TwistedFunnel":19,"Lantern":15,"Singing Bowl":8,"Torii":15,"StoneCalendar":25,"Mango":29,"Incense Burner":9,"Bag of Preparation":16,"Bottled Tornado":17,"Smiling Mask":13,"Sling":31,"Mummified Hand":11,"DollysMirror":11,"Sundial":27,"Gambling Chip":14,"Pantograph":32,"Fusion Hammer":10,"Red Mask":19,"Kunai":20,"Toxic Egg 2":3,"InkBottle":5,"Ring of the Snake":0,"Pear":14,"Happy Flower":6,"Golden Idol":1,"Dead Branch":0,"Oddly Smooth Stone":31,"PreservedInsect":12,"Pen Nib":22,"War Paint":28,"White Beast Statue":4,"Busted Crown":18,"Ornamental Fan":26,"Bird Faced Urn":7,"Art of War":23,"Toy Ornithopter":2,"TungstenRod":24,"Pocketwatch":4},{"Ice Cream":3,"TwistedFunnel":84,"Lantern":69,"Singing Bowl":35,"Torii":69,"StoneCalendar":96,"Mango":103,"Incense Burner":39,"Bag of Preparation":71,"Bottled Tornado":75,"Smiling Mask":59,"Sling":120,"Mummified Hand":52,"DollysMirror":52,"Sundial":99,"Gambling Chip":64,"Pantograph":125,"Fusion Hammer":47,"Red Mask":84,"Kunai":85,"Toxic Egg 2":14,"InkBottle":23,"Ring of the Snake":0,"Pear":64,"Happy Flower":25,"Golden Idol":3,"Dead Branch":0,"Oddly Smooth Stone":120,"PreservedInsect":56,"Pen Nib":90,"War Paint":100,"White Beast Statue":18,"Busted Crown":82,"Ornamental Fan":97,"Bird Faced Urn":31,"Art of War":91,"Toy Ornithopter":9,"TungstenRod":92,"Pocketwatch":18}],"Toy Ornithopter":40,"TungstenRod":0,"Pocketwatch":[24]},"card_choices":[{"not_picked":["Riddle With Holes","Dodge and Roll"],"picked":"Cloak And Dagger","floor":1.0},{"not_picked":["Night Terror","Glass Knife"],"picked":"Burst","floor":6.0},{"not_picked":["Grand Finale","Night Terror+1"],"picked":"Malaise+1","floor":7.0},{"not_picked":["Grand Finale","Envenom"],"picked":"After Image","floor":8},{"not_picked":["Wraith Form v2","Die Die Die"],"picked":"Doppelganger+1","floor":10},{"not_picked":["A Thousand Cuts","Phantasmal Killer+1"],"picked":"After Image","floor":11},{"not_picked":["Phantasmal Killer+1","Doppelganger+1"],"picked":"Venomology+1","floor":12},{"not_picked":["Phantasmal Killer+1","Tools of the Trade"],"picked":"Malaise+1","floor":13},{"not_picked":["Tools of the Trade","Envenom"],"picked":"Venomology+1","floor":14},{"not_picked":["Tools of the Trade","Grand Finale"],"picked":"Malaise+1","floor":16},{"not_picked":["Quick Slash","Blade Dance+1","Skewer"],"picked":"Singing Bowl","floor":18},{"not_picked":["Die Die Die","Unload","Glass Knife"],"picked":"Singing Bowl","floor":23},{"not_picked":["Envenom","Unload"],"picked":"Burst+1","floor":24},{"not_picked":["Grand Finale","Bullet Time+1","Wraith Form v2"],"picked":"Singing Bowl","floor":25},{"not_picked":["Corpse Explosion+1","Grand Finale","Venomology+1"],"picked":"Singing Bowl","floor":28},{"not_picked":["Venomology+1","Burst+1","Tools of the Trade"],"picked":"Singing Bowl","floor":30},{"not_picked":["Phantasmal Killer+1","Night Terror+1"],"picked":"Adrenaline+1","floor":31},{"not_picked":["Tools of the Trade","Burst+1","Night Terror+1"],"picked":"Singing Bowl","floor":33},{"not_picked":["Tactician+1"],"picked":"Singing Bowl","floor":35},{"not_picked":["Malaise+1"],"picked":"Singing Bowl","floor":38},{"not_picked":["Masterful Stab"],"picked":"Singing Bowl","floor":39},{"not_picked":["Wraith Form v2"],"picked":"Singing Bowl","floor":40},{"not_picked":[],"picked":"Adrenaline+1","floor":41},{"not_picked":["Tools of the Trade"],"picked":"Singing Bowl","floor":42},{"not_picked":["Wraith Form v2"],"picked":"Singing Bowl","floor":44},{"not_picked":["Wraith Form v2"],"picked":"Singing Bowl","floor":45},{"not_picked":["Venomology+1"],"picked":"Singing Bowl","floor":47},{"not_picked":["Phantasmal Killer+1"],"picked":"Singing Bowl","floor":48},{"not_picked":["Die Die Die"],"picked":"Singing Bowl","floor":49},{"not_picked":[],"picked":"Adrenaline+1","floor":56}],"player_experience":2797366,"relics_obtained":[{"floor":6.0,"key":"Toy Ornithopter"},{"floor":7.0,"key":"Toxic Egg 2"},{"floor":8,"key":"Pocketwatch"},{"floor":9,"key":"White Beast Statue"},{"floor":10,"key":"InkBottle"},{"floor":11,"key":"Happy Flower"},{"floor":12,"key":"Bird Faced Urn"},{"floor":13,"key":"Singing Bowl"},{"floor":14,"key":"Incense Burner"},{"floor":23,"key":"PreservedInsect"},{"floor":24,"key":"Smiling Mask"},{"floor":25,"key":"Gambling Chip"},{"floor":26,"key":"Pear"},{"floor":28,"key":"Torii"},{"floor":30,"key":"Bag of Preparation"},{"floor":31,"key":"Bottled Tornado"},{"floor":38,"key":"Kunai"},{"floor":40,"key":"Pen Nib"},{"floor":41,"key":"Art of War"},{"floor":42,"key":"TungstenRod"},{"floor":44,"key":"StoneCalendar"},{"floor":45,"key":"Ornamental Fan"},{"floor":47,"key":"Sundial"},{"floor":48,"key":"War Paint"},{"floor":49,"key":"Mango"},{"floor":56,"key":"Pantograph"}],"event_choices":[{"damage_healed":0.0,"max_hp_gain":0.0,"max_hp_loss":0.0,"gold_gain":0.0,"event_name":"Liars Game","player_choice":"Ignored","floor":2.0,"gold_loss":0.0,"damage_taken":0.0},{"damage_healed":0.0,"max_hp_gain":0.0,"max_hp_loss":0.0,"gold_gain":0.0,"event_name":"Big Fish","player_choice":"Box","floor":3.0,"gold_loss":0.0,"damage_taken":0.0,"relics_obtained":["Ice Cream"],"cards_obtained":["Regret"]},{"damage_healed":0.0,"max_hp_gain":0.0,"max_hp_loss":0.0,"gold_gain":0.0,"event_name":"Golden Idol","player_choice":"Take Damage","floor":5.0,"gold_loss":0.0,"damage_taken":23.0,"relics_obtained":["Golden Idol"]},{"cards_removed":["Deflect"],"damage_healed":0,"gold_gain":0,"player_choice":"Elegance","damage_taken":0,"max_hp_gain":0,"max_hp_loss":0,"event_name":"Back to Basics","floor":19,"gold_loss":0},{"damage_healed":0,"gold_gain":0,"player_choice":"Became a Ghost","damage_taken":0,"max_hp_gain":0,"max_hp_loss":34,"event_name":"Ghosts","floor":20,"gold_loss":0,"cards_obtained":["Ghostly","Ghostly","Ghostly"]},{"damage_healed":0,"gold_gain":0,"player_choice":"Ignored","damage_taken":0,"max_hp_gain":0,"max_hp_loss":0,"event_name":"Vampires","floor":22,"gold_loss":0},{"damage_healed":0,"gold_gain":0,"player_choice":"Paid","damage_taken":0,"relics_obtained":["Red Mask"],"max_hp_gain":0,"max_hp_loss":0,"event_name":"Tomb of Lord Red Mask","floor":37,"gold_loss":33}],"is_beta":false,"boss_relics":[{"not_picked":["HoveringKite","SlaversCollar"],"picked":"Fusion Hammer"},{"not_picked":["Philosopher\u0027s Stone","Cursed Key"],"picked":"Busted Crown"}],"items_purged_floors":[4,55],"is_endless":false,"potions_floor_spawned":[1,7,10,11,12,13,14,16,18,23,24,25,28,30,31,33,35,38,39,40,41,42,44,45,47,48,49,56],"ascension_level":20}}