{"host":"55yei7x27djrlaep","time":1608131964,"event":{"mods":["Act Like it!","BaseMod","BetterRewards","Colored Map","Conspire","Friendly Minions","GifTheSpireLib","Hermit","Marisa????????","Minty Spire (QoL Compilation)","Replay The Spire","StSLib","The Mystic"],"gold_per_floor":[111,111,111,111,111,111,31,31,31,31,31,57,72,92,92,195,195,178,103,103,32,52,103,103,103,128,155,181,220,220,247,247,353,353,391,415,415,449,471,471],"floor_reached":39,"playtime":1707,"items_purged":[],"score":426,"play_id":"c144187b-feff-48aa-a7b0-6b0461ffc765","local_time":"20201216181924","is_ascension_mode":false,"campfire_choices":[{"floor":6,"key":"RECALL"},{"data":"hermit:Showdown","floor":8,"key":"SMITH"},{"data":"hermit:Strike_Hermit","floor":11,"key":"SMITH"},{"floor":15,"key":"REST"},{"data":"hermit:Vantage","floor":24,"key":"SMITH"},{"data":"Chill","floor":32,"key":"SMITH"}],"circlet_count":0,"master_deck":["hermit:Strike_Hermit","hermit:Strike_Hermit","hermit:Strike_Hermit","hermit:Strike_Hermit","hermit:Defend_Hermit","hermit:Defend_Hermit","hermit:Defend_Hermit","hermit:Snapshot+1","hermit:TrackingShot","hermit:Showdown+1","hermit:Vantage+1","Pommel Strike","hermit:Enervate","Robbery","hermit:PistolWhip+1","Chill+1","CasketOfStar","Conserve Battery+1","hermit:FlashPowder+1"],"relics":["hermit:Momento","Replay:Wax Seal","Singing Bowl","PrismaticShard","Simple Rune","hermit:RyeStalk","Coffee Dripper","Shuriken","Tiny Chest","SlaversCollar","ReplayTheSpireMod:Ninjato"],"acts_visited":["Exordium","TheCity","TheBeyond"],"potions_floor_usage":[16,16,33,33,33,38],"damage_taken":[{"damage":6,"enemies":"2 Louse","floor":1,"turns":3},{"damage":11,"enemies":"Jaw Worm","floor":7,"turns":2},{"damage":33,"enemies":"3 Sentries","floor":12,"turns":7},{"damage":0,"enemies":"Small Slimes","floor":13,"turns":3},{"damage":3,"enemies":"Exordium Wildlife","floor":14,"turns":3},{"damage":39,"enemies":"The Guardian","floor":16,"turns":11},{"damage":5,"enemies":"2 Thieves","floor":18,"turns":4},{"damage":2,"enemies":"Chosen","floor":22,"turns":3},{"damage":46,"enemies":"Gremlin Leader","floor":23,"turns":8},{"damage":2,"enemies":"Snake Plant","floor":27,"turns":4},{"damage":7,"enemies":"3 Cultists","floor":28,"turns":5},{"damage":0,"enemies":"Cultist and Chosen","floor":29,"turns":4},{"damage":17,"enemies":"Sentry and Sphere","floor":31,"turns":4},{"damage":19,"enemies":"conspire:MysteriousRune","floor":33,"turns":7},{"damage":15,"enemies":"3 Shapes","floor":35,"turns":4},{"damage":43,"enemies":"3 Darklings","floor":36,"turns":5},{"damage":28,"enemies":"Jaw Worm Horde","floor":38,"turns":5},{"damage":21,"enemies":"Transient","floor":39,"turns":3}],"seed_played":"-1657974145667545421","potions_obtained":[{"floor":7,"key":"ColorlessPotion"},{"floor":13,"key":"Swift Potion"},{"floor":18,"key":"BlessingOfTheForge"},{"floor":27,"key":"hermit:Tonic"},{"floor":30,"key":"DuplicationPotion"},{"floor":30,"key":"Dexterity Potion"},{"floor":33,"key":"SteroidPotion"},{"floor":38,"key":"SteroidPotion"}],"is_trial":false,"path_per_floor":["M","?","T","?","?","R","M","R","T","?","R","E","M","M","R_BF","B",null,"M","?","T","$","M","E","R","?","T","M","M","M","?","M","R","B",null,"M","M","T","M","M"],"character_chosen":"HERMIT","items_purchased":["hermit:Enervate"],"campfire_rested":1,"item_purchase_floors":[21],"current_hp_per_floor":[83,83,83,71,71,71,60,60,60,60,60,27,27,26,53,16,93,90,90,90,90,88,44,44,44,44,42,37,39,39,22,22,3,101,88,45,45,17,0,0],"gold":471,"neow_bonus":"TWENTY_PERCENT_HP_BONUS","is_daily":false,"chose_seed":false,"campfire_upgraded":4,"win_rate":0.0,"timestamp":1608131964,"path_taken":["M","?","?","?","?","R","?","R","T","?","R","E","M","M","R_BF","BOSS","M","?","?","?","M","E","R","?","T","M","M","?","?","M","R","BOSS","M","M","?","?","M"],"items_purchased_type":["Card"],"build_version":"2020-12-13","purchased_purges":0,"victory":false,"max_hp_per_floor":[89,89,89,89,89,89,89,89,89,89,89,89,89,91,91,93,93,95,95,95,95,95,97,97,97,97,97,99,101,101,101,101,101,101,103,103,103,103,103,103],"card_choices":[{"not_picked":["hermit:Roulette","hermit:Desperado"],"picked":"hermit:TrackingShot","floor":1},{"not_picked":["Crescendo","Wild Strike"],"picked":"hermit:Showdown","floor":7},{"not_picked":["FollowUp","mysticmod:RapidCaster"],"picked":"hermit:Vantage","floor":12},{"not_picked":["Prepared","MagicChant"],"picked":"Pommel Strike","floor":13},{"not_picked":["Flex","Halt","Biased Cognition"],"picked":"Singing Bowl","floor":14},{"not_picked":["Thunder Strike","Secret Technique","ReplayTheSpireMod:Omega Cannon"],"picked":"Singing Bowl","floor":16},{"not_picked":["FlyingSleeves","AlicesGift","Shrug It Off"],"picked":"Singing Bowl","floor":18},{"not_picked":["Body Slam","PiercingWail+1"],"picked":"Robbery","floor":22},{"not_picked":["Cold Snap","DarkSpark","Meteor Strike"],"picked":"Singing Bowl","floor":23},{"not_picked":["Stack+1","Warcry"],"picked":"hermit:PistolWhip+1","floor":27},{"not_picked":["Rupture+1","ReplayTheSpireMod:Shiv Toss","GasGiant+1"],"picked":"Singing Bowl","floor":28},{"not_picked":["Consume","WitchLeyline+1","mysticmod:StyleChange"],"picked":"Singing Bowl","floor":29},{"not_picked":["mysticmod:Daze","Streamline+1"],"picked":"Chill","floor":31},{"not_picked":["StarDustReverie","Berserk"],"picked":"CasketOfStar","floor":33},{"not_picked":["All Out Attack","Second Wind","mysticmod:PunishingArmor"],"picked":"Singing Bowl","floor":35},{"not_picked":["Choke","6A"],"picked":"Conserve Battery+1","floor":36},{"not_picked":["ThirdEye+1","ReplayTheSpireMod:Strike From Hell"],"picked":"hermit:FlashPowder+1","floor":38}],"player_experience":352101,"relics_obtained":[{"floor":3,"key":"Replay:Wax Seal"},{"floor":9,"key":"Simple Rune"},{"floor":12,"key":"hermit:RyeStalk"},{"floor":20,"key":"Shuriken"},{"floor":23,"key":"Tiny Chest"},{"floor":37,"key":"ReplayTheSpireMod:Ninjato"}],"event_choices":[{"damage_healed":0,"gold_gain":0,"player_choice":"Grow","damage_taken":0,"max_hp_gain":0,"max_hp_loss":0,"event_name":"Living Wall","floor":2,"gold_loss":0,"cards_upgraded":["hermit:Snapshot"]},{"damage_healed":0,"gold_gain":0,"player_choice":"Success","damage_taken":12,"relics_obtained":["Singing Bowl"],"max_hp_gain":0,"max_hp_loss":0,"event_name":"Scrap Ooze","floor":4,"gold_loss":0},{"damage_healed":0,"gold_gain":0,"player_choice":"Leave","damage_taken":0,"max_hp_gain":0,"max_hp_loss":0,"event_name":"conspire:Investor","floor":10,"gold_loss":0},{"cards_removed":["hermit:Covet"],"damage_healed":0,"gold_gain":0,"player_choice":"Gave Gold","damage_taken":0,"max_hp_gain":0,"max_hp_loss":0,"event_name":"Beggar","floor":19,"gold_loss":75},{"cards_removed":["hermit:Defend_Hermit"],"damage_healed":0,"gold_gain":0,"player_choice":"Purged","damage_taken":0,"max_hp_gain":0,"max_hp_loss":0,"event_name":"Purifier","floor":25,"gold_loss":0},{"damage_healed":0,"gold_gain":0,"player_choice":"Got Potions","damage_taken":0,"max_hp_gain":0,"max_hp_loss":0,"event_name":"Lab","floor":30,"gold_loss":0}],"is_beta":false,"boss_relics":[{"not_picked":["SacredBark","conspire:SlowCooker"],"picked":"Coffee Dripper"},{"not_picked":["Fusion Hammer","Runic Dome"],"picked":"SlaversCollar"}],"items_purged_floors":[],"is_endless":false,"potions_floor_spawned":[7,13,18,27,33,38],"killed_by":"Transient","ascension_level":0}}