{"host":"zjpedncu52gty2eg","time":1608095626,"event":{"mods":["AchievementEnabler","BaseMod","Colored Powertips","Minty Spire (QoL Compilation)","Quick Restart","StSLib"],"gold_per_floor":[12,12,31,31,106,106,140,12,12,12,32,32,56,81,81,211,211,230,230,130,24,49,49,72,72,144,144,144,164,208,232,232,358,358,377,710,710,510,510,543,543,574,645,645,659,659,659],"floor_reached":46,"playtime":1887,"items_purged":["Defend_R","Defend_R","Defend_R"],"score":646,"play_id":"21b8a2a0-c983-4dec-b303-b0256a7c32ba","local_time":"20201215221346","is_ascension_mode":true,"campfire_choices":[{"floor":6,"key":"REST"},{"floor":10,"key":"REST"},{"floor":12,"key":"REST"},{"data":"Bloodletting","floor":15,"key":"SMITH"},{"data":"Rupture","floor":23,"key":"SMITH"},{"data":"Demon Form","floor":25,"key":"SMITH"},{"data":"Seeing Red","floor":28,"key":"SMITH"},{"floor":32,"key":"REST"},{"floor":41,"key":"DIG"}],"circlet_count":0,"master_deck":["Strike_R","Strike_R","Strike_R","Strike_R","Strike_R","Heavy Blade","Hemokinesis+1","Heavy Blade+1","Bloodletting+1","Blood for Blood+1","Demon Form+1","Seeing Red+1","Rupture+1","Blood for Blood+1","Heavy Blade+1","Combust","Offering","Rupture"],"relics":["Burning Blood","Molten Egg 2","Runic Pyramid","Pear","Self Forming Clay","Bottled Tornado","Busted Crown","Shovel","Bag of Marbles","TungstenRod","Bottled Flame"],"acts_visited":["Exordium","TheCity","TheBeyond"],"potions_floor_usage":[13,31,33,46],"damage_taken":[{"damage":5,"enemies":"Small Slimes","floor":1,"turns":4},{"damage":8,"enemies":"Jaw Worm","floor":3,"turns":4},{"damage":63,"enemies":"3 Sentries","floor":7,"turns":10},{"damage":2,"enemies":"2 Louse","floor":11,"turns":1},{"damage":20,"enemies":"Exordium Thugs","floor":13,"turns":3},{"damage":0,"enemies":"Exordium Wildlife","floor":14,"turns":1},{"damage":69,"enemies":"Hexaghost","floor":16,"turns":6},{"damage":15,"enemies":"Chosen","floor":18,"turns":2},{"damage":36,"enemies":"3 Byrds","floor":22,"turns":4},{"damage":14,"enemies":"Centurion and Healer","floor":24,"turns":3},{"damage":15,"enemies":"Snecko","floor":29,"turns":3},{"damage":52,"enemies":"Gremlin Leader","floor":30,"turns":3},{"damage":27,"enemies":"Snake Plant","floor":31,"turns":3},{"damage":40,"enemies":"Champ","floor":33,"turns":4},{"damage":29,"enemies":"3 Shapes","floor":35,"turns":2},{"damage":29,"enemies":"Giant Head","floor":40,"turns":4},{"damage":57,"enemies":"Reptomancer","floor":42,"turns":4},{"damage":8,"enemies":"Orb Walker","floor":45,"turns":1},{"damage":23,"enemies":"Writhing Mass","floor":46,"turns":3}],"seed_played":"5935609960604457086","potions_obtained":[{"floor":13,"key":"Fruit Juice"},{"floor":14,"key":"SpeedPotion"},{"floor":16,"key":"Energy Potion"},{"floor":18,"key":"Ancient Potion"},{"floor":22,"key":"AttackPotion"},{"floor":29,"key":"FearPotion"},{"floor":42,"key":"Weak Potion"}],"is_trial":false,"path_per_floor":["M","?","M","?","?","R","E","$","T","R","M","R","M","M","R","B",null,"M","?","$","$","M","R","M","R","T","T","R","M","E","M","R","B",null,"M","?","?","$","?","E","R","E","T","?","M","M"],"character_chosen":"IRONCLAD","items_purchased":["Heavy Blade+1","Rupture","Blood for Blood+1","Rupture"],"campfire_rested":4,"item_purchase_floors":[8,21,21,38],"current_hp_per_floor":[96,72,70,63,52,80,23,23,23,51,55,83,74,80,80,17,101,92,111,111,111,81,81,73,73,83,83,83,74,28,7,43,9,121,98,98,98,98,98,75,75,24,24,24,22,0,0],"gold":659,"neow_bonus":"TWENTY_PERCENT_HP_BONUS","is_daily":false,"chose_seed":false,"campfire_upgraded":4,"win_rate":0.0,"timestamp":1608095626,"path_taken":["M","?","M","?","?","R","E","?","T","R","M","R","M","?","R","BOSS","M","?","?","$","M","R","M","R","T","?","R","?","E","M","R","BOSS","M","?","?","$","?","E","R","E","T","?","M","M"],"items_purchased_type":["Card","Card","Card","Card"],"build_version":"2020-12-13","purchased_purges":3,"victory":false,"max_hp_per_floor":[96,96,96,96,96,96,96,96,96,96,96,96,101,101,101,101,101,101,111,111,111,111,111,111,111,121,121,121,121,121,121,121,121,121,121,121,121,121,121,121,121,121,121,121,121,121,121],"card_choices":[{"not_picked":["Cleave","Thunderclap"],"picked":"Heavy Blade","floor":1},{"not_picked":["Havoc","Anger","Warcry"],"picked":"SKIP","floor":3},{"not_picked":["Immolate+1","Shrug It Off"],"picked":"Hemokinesis+1","floor":7},{"not_picked":["Clash+1","Flex"],"picked":"Bloodletting","floor":11},{"not_picked":["Whirlwind+1","Clash+1"],"picked":"Immolate+1","floor":13},{"not_picked":["Feel No Pain","Inflame"],"picked":"Blood for Blood+1","floor":14},{"not_picked":["Limit Break","Immolate+1"],"picked":"Demon Form","floor":16},{"not_picked":["Body Slam+1","Flex"],"picked":"Seeing Red","floor":18},{"not_picked":["Body Slam+1","Disarm"],"picked":"Heavy Blade+1","floor":22},{"not_picked":["Twin Strike+1","Wild Strike+1","Clash+1"],"picked":"SKIP","floor":24},{"not_picked":["Power Through","Dropkick+1","Cleave+1"],"picked":"SKIP","floor":29},{"not_picked":["Sword Boomerang+1","Headbutt+1","Searing Blow+1"],"picked":"SKIP","floor":30},{"not_picked":["Shrug It Off+1","Thunderclap+1"],"picked":"Combust","floor":31},{"not_picked":["Brutality","Limit Break"],"picked":"Offering","floor":33},{"not_picked":["Body Slam+1"],"picked":"SKIP","floor":35},{"not_picked":["Clothesline+1"],"picked":"SKIP","floor":40},{"not_picked":["Cleave+1"],"picked":"SKIP","floor":42},{"not_picked":["True Grit"],"picked":"SKIP","floor":45}],"player_experience":152784,"relics_obtained":[{"floor":7,"key":"Molten Egg 2"},{"floor":26,"key":"Pear"},{"floor":27,"key":"Self Forming Clay"},{"floor":30,"key":"Bottled Tornado"},{"floor":40,"key":"Shovel"},{"floor":41,"key":"Bag of Marbles"},{"floor":42,"key":"TungstenRod"},{"floor":43,"key":"Bottled Flame"}],"event_choices":[{"damage_healed":0,"gold_gain":0,"player_choice":"Take Damage","damage_taken":24,"relics_obtained":["Golden Idol"],"max_hp_gain":0,"max_hp_loss":0,"event_name":"Golden Idol","floor":2,"gold_loss":0},{"cards_removed":["Defend_R"],"damage_healed":0,"gold_gain":0,"player_choice":"Card Removal","damage_taken":7,"max_hp_gain":0,"max_hp_loss":0,"event_name":"Golden Wing","floor":4,"gold_loss":0},{"damage_healed":0,"gold_gain":75,"player_choice":"Gather Gold","damage_taken":11,"max_hp_gain":0,"max_hp_loss":0,"event_name":"World of Goop","floor":5,"gold_loss":0},{"cards_removed":["Immolate"],"damage_healed":9,"gold_gain":0,"player_choice":"Offered Rare","damage_taken":0,"max_hp_gain":10,"max_hp_loss":0,"event_name":"Bonfire Elementals","floor":19,"gold_loss":0},{"damage_healed":0,"gold_gain":333,"player_choice":"Gave Idol","damage_taken":0,"max_hp_gain":0,"max_hp_loss":0,"event_name":"The Moai Head","floor":36,"relics_lost":["Golden Idol"],"gold_loss":0},{"damage_healed":0,"gold_gain":0,"player_choice":"Ignored","damage_taken":0,"max_hp_gain":0,"max_hp_loss":0,"event_name":"Tomb of Lord Red Mask","floor":37,"gold_loss":0},{"cards_removed":["Bash"],"damage_healed":0,"gold_gain":0,"player_choice":"Removed Attack","damage_taken":0,"max_hp_gain":0,"max_hp_loss":0,"event_name":"Falling","floor":39,"gold_loss":0},{"damage_healed":0,"gold_gain":0,"player_choice":"Ignored","damage_taken":0,"max_hp_gain":0,"max_hp_loss":0,"event_name":"Mysterious Sphere","floor":44,"gold_loss":0}],"is_beta":false,"boss_relics":[{"not_picked":["Calling Bell","Mark of Pain"],"picked":"Runic Pyramid"},{"not_picked":["Velvet Choker","Tiny House"],"picked":"Busted Crown"}],"items_purged_floors":[8,20,38],"is_endless":false,"potions_floor_spawned":[13,14,16,18,22,29,42],"killed_by":"Writhing Mass","ascension_level":2}}