{"host":"16je3t89sok2dgub","time":1608154052,"event":{"mods":["BaseMod","Better Altar","Better Match","Better Sensory Stone","Better Skull","Better Third Choice","Colored Map","Downfall","Hermit","Jorbs\u0027s Wanderer Trilogy","Minty Spire (QoL Compilation)","Permanent Neow","Relic Stats","StSLib","The Mystic","The Poker Player","The Runesmith","The Showman","The Spell Scribe","TheBandit","Trackpad"],"gold_per_floor":[99,116,147,72,89,189,265,300,5,38,138,138,152,165,184,287,287,212,231,245,83,96,124,124,124,206,206,222,222,238,75,91,188,188,188,188,201,214,225,244,244,257,257,283,231,231,106,156,176,176],"floor_reached":51,"playtime":3917,"items_purged":["Worship","Study","SandsOfTime"],"score":788,"play_id":"195b45b0-98ee-4c38-b924-6f509425b7c0","local_time":"20201216152732","daily_mods":["Heirloom","downfall:Lament"],"is_ascension_mode":true,"campfire_choices":[{"floor":1,"key":"RECALL"},{"data":"Eruption","floor":4,"key":"SMITH"},{"data":"ConjureBlade","floor":18,"key":"SMITH"},{"data":"Vault","floor":25,"key":"SMITH"},{"data":"Crescendo","floor":27,"key":"SMITH"},{"data":"LikeWater","floor":35,"key":"SMITH"},{"data":"TalkToTheHand","floor":43,"key":"SMITH"}],"circlet_count":0,"master_deck":["Eruption+1","Vigilance","Wireheading","EmptyFist+1","BowlingBash","Protect","FearNoEvil","LikeWater+1","TalkToTheHand+1","ClearTheMind","SashWhip","ConjureBlade+1","Evaluate","InnerPeace","TalkToTheHand+1","Vault+1","MentalFortress","Crescendo+1","MentalFortress","DevaForm","FlurryOfBlows","LikeWater","FollowUp","LikeWater+1","FlurryOfBlows+1"],"relics":["PureWater","NeowsBlessing","Lizard Tail","trackpad:WritersBlock","downfall:HeartBlessingRed","Gambling Chip","trackpad:RapidFire","Oddly Smooth Stone","Pandora\u0027s Box","downfall:HeartBlessingBlue","trackpad:SappingStone","Mummified Hand","Lee\u0027s Waffle","Sozu","Blue Candle","Damaru","trackpad:WindUpAutoDealer"],"acts_visited":["Exordium","TheCity","TheBeyond"],"potions_floor_usage":[33,33,33],"damage_taken":[{"damage":0,"enemies":"Small Slimes","floor":2,"turns":1},{"damage":0,"enemies":"Gremlin Nob","floor":3,"turns":1},{"damage":0,"enemies":"Cultist","floor":5,"turns":1},{"damage":30,"enemies":"3 Sentries","floor":8,"turns":8},{"damage":0,"enemies":"downfall:FleeingMerchant","floor":9,"turns":4},{"damage":16,"enemies":"Gremlin Nob","floor":10,"turns":4},{"damage":0,"enemies":"2 Louse","floor":13,"turns":3},{"damage":2,"enemies":"Lots of Slimes","floor":14,"turns":4},{"damage":2,"enemies":"Red Slaver","floor":15,"turns":5},{"damage":52,"enemies":"downfall:Defect","floor":16,"turns":10},{"damage":18,"enemies":"Spheric Guardian","floor":19,"turns":5},{"damage":5,"enemies":"Chosen","floor":20,"turns":5},{"damage":0,"enemies":"downfall:FleeingMerchant","floor":21,"turns":5},{"damage":6,"enemies":"3 Cultists","floor":22,"turns":6},{"damage":17,"enemies":"Book of Stabbing","floor":23,"turns":8},{"damage":0,"enemies":"downfall:FleeingMerchant","floor":26,"turns":5},{"damage":22,"enemies":"Shelled Parasite and Fungi","floor":28,"turns":6},{"damage":0,"enemies":"Snake Plant","floor":30,"turns":4},{"damage":3,"enemies":"Centurion and Healer","floor":32,"turns":5},{"damage":15,"enemies":"downfall:Silent","floor":33,"turns":10},{"damage":5,"enemies":"Orb Walker","floor":37,"turns":4},{"damage":9,"enemies":"3 Darklings","floor":38,"turns":4},{"damage":6,"enemies":"Sphere and 2 Shapes","floor":39,"turns":6},{"damage":0,"enemies":"Maw","floor":40,"turns":6},{"damage":1,"enemies":"Writhing Mass","floor":42,"turns":7},{"damage":22,"enemies":"Nemesis","floor":44,"turns":10},{"damage":16,"enemies":"Mind Bloom Boss Battle","floor":48,"turns":5},{"damage":1,"enemies":"Spire Growth","floor":49,"turns":5},{"damage":26,"enemies":"downfall:Ironclad","floor":50,"turns":7}],"seed_played":"-7487287217855304692","potions_obtained":[{"floor":2,"key":"SkillPotion"},{"floor":3,"key":"Ambrosia"},{"floor":5,"key":"SneckoOil"},{"floor":13,"key":"AttackPotion"}],"is_trial":true,"path_per_floor":["R","M","E","R","M","?","T","E","$","E","?","?","M","M","M","B",null,"R","M","M","$","M","E","T","R","$","R","M","?","M","$","M","B",null,"R","?","M","M","M","M","T","M","R","E","$","?","$","?","M","B",null],"character_chosen":"WATCHER","items_purchased":["LikeWater","trackpad:RapidFire","MentalFortress","Lee\u0027s Waffle","MentalFortress","FlurryOfBlows","LikeWater","FollowUp"],"campfire_rested":0,"item_purchase_floors":[9,9,21,26,31,45,47,47],"current_hp_per_floor":[72,72,72,72,72,72,72,42,42,26,26,26,26,24,22,9,72,82,64,59,59,53,36,36,36,89,89,67,34,34,34,31,16,89,89,89,84,75,69,69,69,68,68,46,46,78,78,62,61,35],"gold":176,"neow_bonus":"","is_daily":false,"chose_seed":false,"campfire_upgraded":6,"win_rate":0.0,"timestamp":1608154052,"path_taken":["R","M","E","R","M","?","T","E","?","E","?","?","M","M","M","BOSS","R","M","M","$","M","E","T","R","?","R","M","?","?","?","M","BOSS","R","?","M","M","M","M","T","?","R","E","$","?","$","?","M","BOSS"],"items_purchased_type":["Card","Relic","Card","Relic","Card","Card","Card","Card"],"build_version":"2020-12-13","purchased_purges":3,"victory":true,"max_hp_per_floor":[72,72,72,72,72,72,72,72,72,72,72,72,72,72,72,72,72,82,82,82,82,82,82,82,82,89,89,89,89,89,89,89,89,89,89,89,89,89,89,89,89,89,89,89,89,78,78,78,78,78],"relic_stats":{"Sozu":3,"Lizard Tail":36,"Lee\u0027s Waffle":53,"counters":[29,154],"Mummified Hand":[82],"Gambling Chip":[26],"Blue Candle":[0],"Pandora\u0027s Box":["Evaluate","InnerPeace","TalkToTheHand","Study","SandsOfTime","Vault","Worship"],"obtain_stats":[{"Lee\u0027s Waffle":26,"NeowsBlessing":0,"downfall:HeartBlessingRed":4,"trackpad:SappingStone":23,"Blue Candle":41,"Oddly Smooth Stone":10,"Damaru":44,"Sozu":34,"Lizard Tail":0,"trackpad:RapidFire":9,"downfall:HeartBlessingBlue":18,"Mummified Hand":24,"Gambling Chip":8,"trackpad:WritersBlock":3,"Pandora\u0027s Box":17,"PureWater":0,"trackpad:WindUpAutoDealer":48},{"Lee\u0027s Waffle":16,"NeowsBlessing":0,"downfall:HeartBlessingRed":2,"trackpad:SappingStone":15,"Blue Candle":24,"Oddly Smooth Stone":6,"Damaru":26,"Sozu":20,"Lizard Tail":0,"trackpad:RapidFire":5,"downfall:HeartBlessingBlue":10,"Mummified Hand":15,"Gambling Chip":4,"trackpad:WritersBlock":2,"Pandora\u0027s Box":10,"PureWater":0,"trackpad:WindUpAutoDealer":27},{"Lee\u0027s Waffle":75,"NeowsBlessing":0,"downfall:HeartBlessingRed":2,"trackpad:SappingStone":70,"Blue Candle":120,"Oddly Smooth Stone":19,"Damaru":137,"Sozu":100,"Lizard Tail":0,"trackpad:RapidFire":15,"downfall:HeartBlessingBlue":41,"Mummified Hand":70,"Gambling Chip":11,"trackpad:WritersBlock":2,"Pandora\u0027s Box":41,"PureWater":0,"trackpad:WindUpAutoDealer":142}]},"card_choices":[{"not_picked":["Nirvana","InnerPeace"],"picked":"Wireheading","floor":2},{"not_picked":["Ragnarok","Evaluate"],"picked":"EmptyFist","floor":3},{"not_picked":["EmptyBody","SashWhip"],"picked":"BowlingBash","floor":5},{"not_picked":["WheelKick","Crescendo"],"picked":"Protect","floor":8},{"not_picked":["MentalFortress","Pray"],"picked":"FearNoEvil","floor":9},{"not_picked":["ConjureBlade","Prostrate"],"picked":"TalkToTheHand","floor":10},{"not_picked":["Indignation","SandsOfTime","Fasting2"],"picked":"SKIP","floor":13},{"not_picked":["Protect","Adaptation"],"picked":"ClearTheMind","floor":14},{"not_picked":["Halt","ThirdEye"],"picked":"SashWhip","floor":15},{"not_picked":["Devotion","Judgement"],"picked":"ConjureBlade","floor":16},{"not_picked":["Consecrate","PathToVictory","ClearTheMind"],"picked":"SKIP","floor":19},{"not_picked":["FlyingSleeves","CutThroughFate+1","WindmillStrike"],"picked":"SKIP","floor":20},{"not_picked":["Swivel","Adaptation+1","BowlingBash"],"picked":"SKIP","floor":21},{"not_picked":["JustLucky","CrushJoints","DeceiveReality"],"picked":"SKIP","floor":22},{"not_picked":["ThirdEye+1","SashWhip","Collect"],"picked":"SKIP","floor":23},{"not_picked":["Nirvana","Blasphemy"],"picked":"Crescendo","floor":26},{"not_picked":["FollowUp","Halt","EmptyFist"],"picked":"SKIP","floor":28},{"not_picked":["CrushJoints","Conclude+1","CutThroughFate+1"],"picked":"SKIP","floor":30},{"not_picked":["Prostrate","EmptyBody","SashWhip"],"picked":"SKIP","floor":32},{"not_picked":["Scrawl","Omniscience"],"picked":"DevaForm","floor":33},{"not_picked":["ClearTheMind","Indignation+1","Prostrate"],"picked":"SKIP","floor":37},{"not_picked":["InnerPeace+1","SashWhip","EmptyFist"],"picked":"SKIP","floor":38},{"not_picked":["FlyingSleeves+1","Swivel+1","WreathOfFlame"],"picked":"SKIP","floor":39},{"not_picked":["BowlingBash","JustLucky","CrushJoints"],"picked":"SKIP","floor":40},{"not_picked":["SandsOfTime","FearNoEvil","InnerPeace+1"],"picked":"SKIP","floor":42},{"not_picked":["Halt+1","CrushJoints+1","FollowUp"],"picked":"SKIP","floor":44},{"not_picked":["Halt+1","EmptyMind+1"],"picked":"LikeWater+1","floor":48},{"not_picked":["Worship","PathToVictory+1"],"picked":"FlurryOfBlows+1","floor":49}],"player_experience":378645,"relics_obtained":[{"floor":3,"key":"trackpad:WritersBlock"},{"floor":8,"key":"Gambling Chip"},{"floor":10,"key":"Oddly Smooth Stone"},{"floor":23,"key":"trackpad:SappingStone"},{"floor":24,"key":"Mummified Hand"},{"floor":41,"key":"Blue Candle"},{"floor":44,"key":"Damaru"},{"floor":48,"key":"trackpad:WindUpAutoDealer"}],"event_choices":[{"cards_removed":["Strike_P"],"damage_healed":0,"gold_gain":0,"player_choice":"Offered Basic","damage_taken":0,"max_hp_gain":0,"max_hp_loss":0,"event_name":"Bonfire Elementals","floor":12,"gold_loss":0},{"damage_healed":0,"gold_gain":0,"player_choice":"UP UP ","damage_taken":37,"relics_obtained":[],"max_hp_gain":0,"max_hp_loss":0,"event_name":"betterSkull:BetterSkull","floor":29,"gold_loss":0,"cards_upgraded":["EmptyFist","TalkToTheHand"]}],"is_beta":false,"boss_relics":[{"not_picked":["Fusion Hammer","expansioncontent:StudyCardRelic"],"picked":"Pandora\u0027s Box"},{"not_picked":["trackpad:Coffee","Astrolabe"],"picked":"Sozu"}],"items_purged_floors":[21,26,31],"is_endless":false,"potions_floor_spawned":[2,3,5,13,15,20,22,28,30,32,37,38,39],"ascension_level":2}}