{"host":"xz534terrkr331jc","time":1608159573,"event":{"mods":["BaseMod","Better Third Choice","Downfall","Hermit","Jorbs\u0027s Wanderer Trilogy","Marisa????????","Minty Spire (QoL Compilation)","Shade Mod","StSLib","The Cursed","The Hierophant","The Servant 0.9.4","The Wild Card"],"gold_per_floor":[119,119,44,56,56,56,56,134,161,180,180,180,195,231,231,362,362,376,391,136,170,170,170,170,184,184,210,210,222,233,249,249,249,249],"floor_reached":33,"playtime":3416,"items_purged":["Defend_S","Strike_S"],"score":235,"play_id":"7b69dfdf-b2f7-402a-9d84-8fba6d1cad64","local_time":"20201216235933","is_ascension_mode":false,"campfire_choices":[{"data":"KidneyShot","floor":6,"key":"SMITH"},{"data":"Misdirection","floor":11,"key":"SMITH"},{"floor":12,"key":"REST"},{"floor":15,"key":"REST"},{"floor":24,"key":"REST"},{"floor":28,"key":"REST"},{"floor":32,"key":"REST"}],"circlet_count":0,"master_deck":["Strike_S","Strike_S","Defend_S+1","Defend_S+1","Defend_S","KidneyShot+1","Exchange","Defy","Misdirection+1","Rearm","Starlight","Snipe","InstantArmor","FanOfKnives","Desolation"],"relics":["Uniform","Ancient Tea Set","Bloody Idol","WingedGreaves","PreservedInsect","Odd Mushroom","Black Star","Lee\u0027s Waffle","Red Mask","MutagenicStrength","Matryoshka","Mercury Hourglass","War Paint"],"acts_visited":["Exordium","TheCity"],"potions_floor_usage":[1,8,14,21,29,31,33,33],"damage_taken":[{"damage":1,"enemies":"2 Louse","floor":1,"turns":5},{"damage":0,"enemies":"Small Slimes","floor":4,"turns":4},{"damage":16,"enemies":"3 Sentries","floor":8,"turns":12},{"damage":0,"enemies":"Jaw Worm","floor":10,"turns":4},{"damage":0,"enemies":"2 Fungi Beasts","floor":13,"turns":3},{"damage":13,"enemies":"The Mushroom Lair","floor":14,"turns":4},{"damage":17,"enemies":"The Guardian","floor":16,"turns":14},{"damage":23,"enemies":"Spheric Guardian","floor":18,"turns":9},{"damage":9,"enemies":"Shell Parasite","floor":19,"turns":10},{"damage":70,"enemies":"Masked Bandits","floor":21,"turns":9},{"damage":12,"enemies":"Chosen and Byrds","floor":25,"turns":7},{"damage":7,"enemies":"Centurion and Healer","floor":29,"turns":8},{"damage":2,"enemies":"Snecko","floor":30,"turns":6},{"damage":0,"enemies":"Shelled Parasite and Fungi","floor":31,"turns":6},{"damage":72,"enemies":"Automaton","floor":33,"turns":10}],"seed_played":"-8073738243869259416","potions_obtained":[{"floor":1,"key":"EntropicBrew"},{"floor":8,"key":"Slimebound:ThreeZeroPotion"},{"floor":16,"key":"DuplicationPotion"},{"floor":29,"key":"Block Potion"},{"floor":31,"key":"sneckomod:MuddlingPotion"}],"is_trial":false,"path_per_floor":["M","?","$","M","?","R","?","?","T","M","R","R","M","?","R","B",null,"M","M","$","?","?","?","R","M","T","T","R","M","M","M","R","B"],"character_chosen":"THE_SERVANT","items_purchased":["Lee\u0027s Waffle"],"campfire_rested":5,"item_purchase_floors":[20],"current_hp_per_floor":[64,64,64,64,48,48,48,32,32,32,32,51,51,38,57,40,65,42,33,72,2,2,2,23,16,16,21,42,40,43,48,69,0,0],"gold":249,"neow_bonus":"RANDOM_COMMON_RELIC","is_daily":false,"chose_seed":false,"campfire_upgraded":2,"win_rate":0.0,"timestamp":1608159573,"path_taken":["M","?","$","M","?","R","?","?","T","M","R","R","M","?","R","BOSS","M","M","$","?","?","?","R","?","T","?","R","?","M","M","R","BOSS"],"items_purchased_type":["Relic"],"build_version":"2020-12-13","purchased_purges":2,"victory":false,"max_hp_per_floor":[65,65,65,65,65,65,65,65,65,65,65,65,65,65,65,65,65,65,65,72,72,72,72,72,72,72,72,72,72,72,72,72,72,72],"card_choices":[{"not_picked":["ReturningBlade","Rewind"],"picked":"Defy","floor":1},{"not_picked":["BottledTime","Gouge"],"picked":"Misdirection","floor":4},{"not_picked":["ShatteredReality","Unruled"],"picked":"Rearm","floor":8},{"not_picked":["Snipe","Shuttle"],"picked":"Starlight","floor":10},{"not_picked":["Spin","Potential","Rearm"],"picked":"SKIP","floor":13},{"not_picked":["Shuttle","Hightail","Alleviate"],"picked":"SKIP","floor":18},{"not_picked":["BottledTime","DualDimension","Replace+1"],"picked":"SKIP","floor":19},{"not_picked":["Rewind","DoubleEdge"],"picked":"Snipe","floor":21},{"not_picked":["GearUp","BottledTime"],"picked":"InstantArmor","floor":25},{"not_picked":["Foresight+1","Rewind"],"picked":"FanOfKnives","floor":29},{"not_picked":["Rewind","Starlight"],"picked":"Desolation","floor":30},{"not_picked":["Snipe","BottledTime","Barrier"],"picked":"SKIP","floor":31}],"player_experience":547995,"relics_obtained":[{"floor":8,"key":"WingedGreaves"},{"floor":9,"key":"PreservedInsect"},{"floor":14,"key":"Odd Mushroom"},{"floor":21,"key":"Red Mask"},{"floor":26,"key":"Matryoshka"},{"floor":27,"key":"Mercury Hourglass"},{"floor":27,"key":"War Paint"}],"event_choices":[{"damage_healed":0,"gold_gain":0,"player_choice":"Ignored","damage_taken":119,"max_hp_gain":0,"max_hp_loss":0,"event_name":"betterThird:BetterSerpent","floor":2,"gold_loss":0},{"damage_healed":0,"gold_gain":0,"player_choice":"Take Damage","damage_taken":16,"relics_obtained":["Golden Idol"],"max_hp_gain":0,"max_hp_loss":0,"event_name":"Golden Idol","floor":5,"gold_loss":0},{"cards_removed":["Strike_S"],"damage_healed":0,"gold_gain":0,"player_choice":"Forget","damage_taken":0,"max_hp_gain":0,"max_hp_loss":0,"event_name":"Living Wall","floor":7,"gold_loss":0},{"damage_healed":0,"gold_gain":0,"player_choice":"Searched \u00272\u0027 times","damage_taken":0,"max_hp_gain":0,"max_hp_loss":0,"event_name":"Dead Adventurer","floor":8,"gold_loss":0},{"damage_healed":0,"gold_gain":0,"player_choice":"Fought Mushrooms","damage_taken":0,"max_hp_gain":0,"max_hp_loss":0,"event_name":"Mushrooms","floor":14,"gold_loss":0},{"damage_healed":0,"gold_gain":0,"player_choice":"Fought Bandits","damage_taken":0,"max_hp_gain":0,"max_hp_loss":0,"event_name":"Masked Bandits","floor":21,"gold_loss":0},{"damage_healed":0,"gold_gain":0,"player_choice":"Gave Idol","damage_taken":0,"relics_obtained":["Bloody Idol"],"max_hp_gain":0,"max_hp_loss":0,"event_name":"Forgotten Altar","floor":22,"relics_lost":["Golden Idol"],"gold_loss":0},{"damage_healed":0,"gold_gain":0,"player_choice":"Inject Mutagens","damage_taken":0,"relics_obtained":["MutagenicStrength"],"max_hp_gain":0,"max_hp_loss":0,"event_name":"Drug Dealer","floor":23,"gold_loss":0}],"is_beta":false,"boss_relics":[{"not_picked":["Snecko Eye","Astrolabe"],"picked":"Black Star"}],"items_purged_floors":[3,20],"is_endless":false,"potions_floor_spawned":[1,8,14,16,18,29,31],"killed_by":"Automaton","ascension_level":0}}