{"host":"vsssrh9c5j56q07s","time":1608092565,"event":{"mods":["AchievementEnabler","BaseMod","Colored Map","Colored Powertips","Custom Start","DeckTracker","Highlight Path","Minty Spire (QoL Compilation)","Relic Sorter","StSLib"],"gold_per_floor":[115,132,150,167,137,137,149,149,172,204,220,246,246,263,263,362,362,379,74,88,98,98,144,156,168,180,207,219,231,274,201,213,329,341,370,401,323,335,357,402,414,426,489,501,547,574,586,40,40,40,40],"floor_reached":50,"playtime":4794,"items_purged":["Pain"],"score":604,"play_id":"72d74b84-6886-4006-8483-884e537fb0e8","local_time":"20201215202245","is_ascension_mode":false,"campfire_choices":[{"data":"Eruption","floor":6,"key":"SMITH"},{"data":"Adaptation","floor":8,"key":"SMITH"},{"data":"SashWhip","floor":15,"key":"SMITH"},{"floor":25,"key":"REST"},{"data":"DeceiveReality","floor":28,"key":"SMITH"},{"floor":32,"key":"REST"},{"floor":41,"key":"REST"},{"data":"Vigilance","floor":44,"key":"SMITH"},{"floor":49,"key":"REST"}],"circlet_count":0,"master_deck":["Strike_P+1","Strike_P+1","Strike_P+1","Defend_P","Defend_P+1","Defend_P+1","Defend_P+1","Eruption+1","Vigilance+1","SashWhip+1","Protect+1","EmptyFist","Adaptation+1","LessonLearned+1","FlyingSleeves+1","Evaluate","Establishment+1","DeceiveReality+1","FollowUp+1","Swivel+1","TalkToTheHand+1","Devotion+1","Writhe","Pray+1","Prostrate+1","EmptyMind+1","Alpha"],"relics":["PureWater","Tiny Chest","Happy Flower","Toy Ornithopter","SacredBark","ClockworkSouvenir","MawBank","Shuriken","Mango","MutagenicStrength","Molten Egg 2","Blue Candle","Cursed Key","Potion Belt","Blood Vial","Juzu Bracelet","Prayer Wheel","TheAbacus","Whetstone"],"acts_visited":["Exordium","TheCity","TheBeyond"],"potions_floor_usage":[7,7,14,23,24,30,40,42,45,45,50],"damage_taken":[{"damage":0,"enemies":"Jaw Worm","floor":1,"turns":3},{"damage":0,"enemies":"Cultist","floor":2,"turns":3},{"damage":0,"enemies":"2 Louse","floor":3,"turns":2},{"damage":8,"enemies":"Exordium Wildlife","floor":4,"turns":4},{"damage":2,"enemies":"Looter","floor":5,"turns":4},{"damage":7,"enemies":"Large Slime","floor":7,"turns":2},{"damage":4,"enemies":"Gremlin Nob","floor":10,"turns":3},{"damage":6,"enemies":"Red Slaver","floor":11,"turns":3},{"damage":16,"enemies":"3 Sentries","floor":12,"turns":5},{"damage":0,"enemies":"2 Fungi Beasts","floor":14,"turns":2},{"damage":21,"enemies":"Slime Boss","floor":16,"turns":7},{"damage":10,"enemies":"Chosen","floor":18,"turns":7},{"damage":18,"enemies":"3 Byrds","floor":20,"turns":8},{"damage":3,"enemies":"3 Cultists","floor":21,"turns":5},{"damage":52,"enemies":"Slavers","floor":23,"turns":9},{"damage":0,"enemies":"Centurion and Healer","floor":24,"turns":1},{"damage":9,"enemies":"Snecko","floor":27,"turns":6},{"damage":23,"enemies":"Gremlin Leader","floor":30,"turns":5},{"damage":67,"enemies":"Automaton","floor":33,"turns":11},{"damage":7,"enemies":"3 Shapes","floor":35,"turns":6},{"damage":14,"enemies":"Orb Walker","floor":36,"turns":5},{"damage":19,"enemies":"Sphere and 2 Shapes","floor":39,"turns":4},{"damage":44,"enemies":"Reptomancer","floor":40,"turns":5},{"damage":0,"enemies":"3 Darklings","floor":42,"turns":1},{"damage":34,"enemies":"Nemesis","floor":45,"turns":5},{"damage":21,"enemies":"Writhing Mass","floor":46,"turns":7},{"damage":102,"enemies":"Awakened One","floor":50,"turns":3}],"seed_played":"-2180710878922808642","potions_obtained":[{"floor":2,"key":"Ambrosia"},{"floor":3,"key":"AttackPotion"},{"floor":11,"key":"Swift Potion"},{"floor":12,"key":"CultistPotion"},{"floor":16,"key":"PowerPotion"},{"floor":23,"key":"SmokeBomb"},{"floor":27,"key":"Dexterity Potion"},{"floor":33,"key":"LiquidMemories"},{"floor":39,"key":"SmokeBomb"},{"floor":40,"key":"AttackPotion"}],"is_trial":false,"path_per_floor":["M","M","M","M","M","R","M","R","T","E","M","E","?","M","R","B",null,"M","$","M","M","T","E","M","R","T","M","R","?","E","?","R","B",null,"M","M","?","T","M","E","R","M","T","R","E","M","?","$","R","B"],"character_chosen":"WATCHER","items_purchased":["ClockworkSouvenir","FollowUp","FairyPotion","TheAbacus","Whetstone","FairyPotion","LiquidBronze"],"campfire_rested":4,"item_purchase_floors":[19,19,19,48,48,48,48],"current_hp_per_floor":[79,79,79,71,69,69,62,62,62,58,52,36,36,41,41,20,79,69,69,51,48,48,1,6,29,43,34,34,34,16,16,43,55,93,86,72,72,72,53,14,41,48,48,48,26,7,7,7,33,0,0],"gold":40,"neow_bonus":"TEN_PERCENT_HP_BONUS","is_daily":false,"chose_seed":false,"campfire_upgraded":5,"win_rate":0.0,"timestamp":1608092565,"path_taken":["M","M","M","M","M","R","M","R","T","E","M","E","?","?","R","BOSS","M","$","M","?","?","E","M","R","T","M","R","?","E","?","R","BOSS","M","M","?","?","M","E","R","M","T","R","E","M","?","$","R","BOSS"],"items_purchased_type":["Relic","Card","Potion","Relic","Relic","Potion","Potion"],"build_version":"2020-12-13","purchased_purges":1,"victory":false,"max_hp_per_floor":[79,79,79,79,79,79,79,79,79,79,79,79,79,79,79,79,79,79,79,79,79,79,79,79,79,93,93,93,93,93,93,93,93,93,93,93,93,93,93,93,93,93,93,93,93,93,88,88,88,88,88],"card_choices":[{"not_picked":["EmptyBody","Evaluate"],"picked":"SashWhip","floor":1},{"not_picked":["ClearTheMind","CutThroughFate"],"picked":"Protect","floor":2},{"not_picked":["Crescendo","CrushJoints"],"picked":"EmptyFist","floor":3},{"not_picked":["SashWhip","ClearTheMind"],"picked":"Adaptation","floor":4},{"not_picked":["Halt","Protect"],"picked":"LessonLearned","floor":5},{"not_picked":["Crescendo","Halt","Collect"],"picked":"SKIP","floor":7},{"not_picked":["Crescendo","Halt","Collect"],"picked":"SKIP","floor":7},{"not_picked":["PathToVictory","Prostrate"],"picked":"FlyingSleeves","floor":10},{"not_picked":["Indignation","BowlingBash","CutThroughFate"],"picked":"SKIP","floor":11},{"not_picked":["Meditate","Protect"],"picked":"Evaluate","floor":12},{"not_picked":["WaveOfTheHand","Crescendo","ClearTheMind"],"picked":"SKIP","floor":14},{"not_picked":["Brilliance","LessonLearned"],"picked":"Establishment","floor":16},{"not_picked":["Halt","EmptyFist+1"],"picked":"DeceiveReality","floor":18},{"not_picked":["FollowUp","Prostrate"],"picked":"Swivel+1","floor":20},{"not_picked":["ClearTheMind","EmptyBody+1","Halt"],"picked":"SKIP","floor":21},{"not_picked":["SashWhip","Halt","Meditate+1"],"picked":"SKIP","floor":23},{"not_picked":["SignatureMove","JustLucky"],"picked":"TalkToTheHand+1","floor":27},{"not_picked":["Protect","Crescendo","Swivel+1"],"picked":"SKIP","floor":30},{"not_picked":["Ragnarok+1","ConjureBlade"],"picked":"Devotion","floor":33},{"not_picked":["ClearTheMind","FlurryOfBlows+1","Halt"],"picked":"SKIP","floor":35},{"not_picked":["FollowUp+1","SignatureMove+1","Meditate+1"],"picked":"SKIP","floor":36},{"not_picked":["BowlingBash+1","JustLucky+1"],"picked":"Pray+1","floor":39},{"not_picked":["Sanctity","BowlingBash+1"],"picked":"Prostrate+1","floor":40},{"not_picked":["Crescendo+1","Vengeance+1"],"picked":"EmptyMind+1","floor":45},{"not_picked":["SignatureMove+1","Evaluate+1"],"picked":"Alpha","floor":46},{"not_picked":["ReachHeaven+1","Sanctity+1","EmptyMind+1"],"picked":"SKIP","floor":46}],"player_experience":395207,"relics_obtained":[{"floor":9,"key":"Tiny Chest"},{"floor":10,"key":"Happy Flower"},{"floor":12,"key":"Toy Ornithopter"},{"floor":22,"key":"MawBank"},{"floor":23,"key":"Shuriken"},{"floor":26,"key":"Mango"},{"floor":30,"key":"Molten Egg 2"},{"floor":38,"key":"Potion Belt"},{"floor":40,"key":"Blood Vial"},{"floor":43,"key":"Juzu Bracelet"},{"floor":45,"key":"Prayer Wheel"}],"event_choices":[{"damage_healed":0,"gold_gain":0,"player_choice":"Forge","damage_taken":0,"max_hp_gain":0,"max_hp_loss":0,"event_name":"Accursed Blacksmith","floor":13,"gold_loss":0,"cards_upgraded":["LessonLearned"]},{"damage_healed":0,"gold_gain":0,"player_choice":"Inject Mutagens","damage_taken":0,"relics_obtained":["MutagenicStrength"],"max_hp_gain":0,"max_hp_loss":0,"event_name":"Drug Dealer","floor":29,"gold_loss":0},{"damage_healed":0,"gold_gain":0,"player_choice":"Obtained Relic","damage_taken":0,"relics_obtained":["Blue Candle"],"max_hp_gain":0,"max_hp_loss":0,"event_name":"Addict","floor":31,"gold_loss":85},{"cards_removed":["Strike_P"],"damage_healed":0,"gold_gain":0,"player_choice":"Upgrade and Remove","damage_taken":0,"max_hp_gain":0,"max_hp_loss":0,"event_name":"Designer","floor":37,"gold_loss":90,"cards_upgraded":["Strike_P"]},{"damage_healed":0,"gold_gain":0,"player_choice":"Max HP","damage_taken":0,"max_hp_gain":0,"max_hp_loss":5,"event_name":"Winding Halls","floor":47,"gold_loss":0}],"is_beta":false,"boss_relics":[{"not_picked":["Calling Bell","Tiny House"],"picked":"SacredBark"},{"not_picked":["Philosopher\u0027s Stone","Empty Cage"],"picked":"Cursed Key"}],"items_purged_floors":[48],"is_endless":false,"potions_floor_spawned":[2,3,11,12,16,20,23,27,33,39,40],"killed_by":"Awakened One","ascension_level":0}}