{"host":"1hv1kueuvc4r3rdp","time":1608158076,"event":{"mods":["AchievementEnabler","BaseMod","DeckTracker","Highlight Path","Minty Spire (QoL Compilation)","Permanent Neow","StSLib"],"gold_per_floor":[116,127,139,152,152,184,184,215,265,265,278,289,289,299,299,394,394,394,394,394,394,319,319,319,319,319,319,197,197,197,197,197,197,197],"floor_reached":33,"playtime":1834,"items_purged":[],"score":406,"play_id":"af138444-9458-4c29-bb96-eb515b5a4858","local_time":"20201216163436","is_ascension_mode":true,"campfire_choices":[{"floor":7,"key":"REST"},{"floor":10,"key":"REST"},{"data":"Blade Dance","floor":15,"key":"SMITH"},{"data":"Dash","floor":23,"key":"SMITH"},{"floor":27,"key":"REST"},{"floor":32,"key":"REST"}],"circlet_count":0,"master_deck":["Strike_G","Strike_G","Strike_G+1","Strike_G+1","Defend_G","Defend_G","Defend_G","Defend_G","Survivor+1","Neutralize","Blade Dance+1","Deadly Poison","Flying Knee","Dagger Spray+1","Bane","Malaise+1","Dash+1","Backflip+1","A Thousand Cuts","Caltrops","PiercingWail","PiercingWail","Infinite Blades","Writhe"],"relics":["Philosopher\u0027s Stone","Blood Vial","Gremlin Horn","Whetstone","Ectoplasm","Tiny Chest","White Beast Statue","War Paint","Molten Egg 2"],"acts_visited":["Exordium","TheCity"],"potions_floor_usage":[8,16,16,19,25,33,33],"damage_taken":[{"damage":2,"enemies":"Jaw Worm","floor":1,"turns":7},{"damage":0,"enemies":"Cultist","floor":2,"turns":5},{"damage":0,"enemies":"Small Slimes","floor":3,"turns":4},{"damage":7,"enemies":"Looter","floor":4,"turns":3},{"damage":26,"enemies":"Gremlin Nob","floor":6,"turns":4},{"damage":29,"enemies":"3 Sentries","floor":8,"turns":9},{"damage":5,"enemies":"Lots of Slimes","floor":11,"turns":3},{"damage":1,"enemies":"Blue Slaver","floor":12,"turns":3},{"damage":6,"enemies":"Large Slime","floor":14,"turns":3},{"damage":12,"enemies":"Slime Boss","floor":16,"turns":8},{"damage":1,"enemies":"Chosen","floor":18,"turns":4},{"damage":9,"enemies":"3 Byrds","floor":19,"turns":3},{"damage":5,"enemies":"Cultist and Chosen","floor":20,"turns":6},{"damage":14,"enemies":"Snecko","floor":21,"turns":5},{"damage":9,"enemies":"Centurion and Healer","floor":24,"turns":6},{"damage":29,"enemies":"Slavers","floor":25,"turns":6},{"damage":3,"enemies":"Gremlin Leader","floor":29,"turns":5},{"damage":6,"enemies":"Shelled Parasite and Fungi","floor":30,"turns":4},{"damage":71,"enemies":"Collector","floor":33,"turns":7}],"seed_played":"8620510942727128189","potions_obtained":[{"floor":3,"key":"LiquidBronze"},{"floor":6,"key":"ColorlessPotion"},{"floor":8,"key":"Fire Potion"},{"floor":14,"key":"DistilledChaos"},{"floor":20,"key":"Fire Potion"},{"floor":24,"key":"SmokeBomb"},{"floor":25,"key":"DuplicationPotion"},{"floor":29,"key":"AttackPotion"}],"is_trial":false,"path_per_floor":["M","M","M","M","?","E","R","E","T","R","M","M","?","M","R","B",null,"M","M","M","M","?","R","M","E","T","R","$","E","M","?","R","B"],"character_chosen":"THE_SILENT","items_purchased":["PiercingWail","LiquidMemories"],"campfire_rested":4,"item_purchase_floors":[28,28],"current_hp_per_floor":[61,61,61,54,54,28,49,22,22,43,40,41,41,37,37,27,59,60,53,50,38,38,38,31,4,4,25,25,24,20,20,41,0,0],"gold":197,"neow_bonus":"BOSS_RELIC","is_daily":false,"chose_seed":false,"campfire_upgraded":2,"win_rate":0.0,"timestamp":1608158076,"path_taken":["M","M","M","M","?","E","R","E","T","R","?","M","?","M","R","BOSS","M","M","M","M","?","R","M","E","T","R","?","E","M","?","R","BOSS"],"items_purchased_type":["Card","Potion"],"build_version":"2020-12-13","purchased_purges":0,"victory":false,"max_hp_per_floor":[70,70,70,70,70,70,70,70,70,70,70,70,70,70,70,70,70,70,70,70,70,70,70,70,70,70,70,70,70,70,70,70,70,70],"card_choices":[{"not_picked":["Slice","Bane","Underhanded Strike"],"picked":"SKIP","floor":1},{"not_picked":["Slice","Underhanded Strike","Prepared"],"picked":"SKIP","floor":2},{"not_picked":["Prepared","Catalyst"],"picked":"Blade Dance","floor":3},{"not_picked":["Bane","Dodge and Roll"],"picked":"Deadly Poison","floor":4},{"not_picked":["Cloak And Dagger","Crippling Poison"],"picked":"Flying Knee","floor":6},{"not_picked":["Burst","Outmaneuver"],"picked":"Dagger Spray","floor":8},{"not_picked":["Quick Slash","Calculated Gamble","Deflect"],"picked":"SKIP","floor":11},{"not_picked":["Crippling Poison","Dagger Spray","Deflect"],"picked":"SKIP","floor":12},{"not_picked":["Calculated Gamble","Underhanded Strike"],"picked":"Bane","floor":14},{"not_picked":["Burst","Wraith Form v2"],"picked":"Malaise","floor":16},{"not_picked":["All Out Attack","Terror","Dodge and Roll"],"picked":"SKIP","floor":18},{"not_picked":["Flying Knee","Setup"],"picked":"Dash","floor":19},{"not_picked":["Slice","Poisoned Stab"],"picked":"Backflip+1","floor":20},{"not_picked":["Finisher","Eviscerate","Sucker Punch"],"picked":"SKIP","floor":21},{"not_picked":["Predator","Prepared+1"],"picked":"A Thousand Cuts","floor":24},{"not_picked":["Expertise","Acrobatics+1"],"picked":"Caltrops","floor":25},{"not_picked":["Reflex+1","Skewer"],"picked":"PiercingWail","floor":29},{"not_picked":["Caltrops","Prepared"],"picked":"Infinite Blades","floor":30}],"player_experience":1025088,"relics_obtained":[{"floor":6,"key":"Blood Vial"},{"floor":8,"key":"Gremlin Horn"},{"floor":9,"key":"Whetstone"},{"floor":25,"key":"Tiny Chest"},{"floor":26,"key":"White Beast Statue"},{"floor":29,"key":"War Paint"}],"event_choices":[{"cards_removed":["Defend_G"],"damage_healed":0,"gold_gain":0,"player_choice":"Offered Basic","damage_taken":0,"max_hp_gain":0,"max_hp_loss":0,"event_name":"Bonfire Elementals","floor":5,"gold_loss":0},{"damage_healed":0,"gold_gain":0,"player_choice":"Grow","damage_taken":0,"max_hp_gain":0,"max_hp_loss":0,"event_name":"Living Wall","floor":13,"gold_loss":0,"cards_upgraded":["Dagger Spray"]},{"cards_removed":["Strike_G"],"damage_healed":0,"gold_gain":0,"player_choice":"Gave Gold","damage_taken":0,"max_hp_gain":0,"max_hp_loss":0,"event_name":"Beggar","floor":22,"gold_loss":75},{"damage_healed":0,"gold_gain":0,"player_choice":"Opened","damage_taken":0,"relics_obtained":["Molten Egg 2"],"max_hp_gain":0,"max_hp_loss":0,"event_name":"The Mausoleum","floor":31,"gold_loss":0,"cards_obtained":["Writhe"]}],"is_beta":false,"boss_relics":[{"not_picked":["Snecko Eye","Runic Dome"],"picked":"Ectoplasm"}],"items_purged_floors":[],"is_endless":false,"potions_floor_spawned":[3,6,8,14,20,24,25,29,30],"killed_by":"Collector","ascension_level":7}}