{"host":"g53g9qlo34vrqi92","time":1608107959,"event":{"mods":["Aspiration","Bard","BaseMod","Beaked The Cultist","BetterRewards","Colored Map","Conspire","Energized Spire","Fiend Mod","GifTheSpireLib","Googly Eyes","Gremlin Skip","Halation","Hermit","Hubris","Infinite Spire","Jedi Mod","Minty Spire (QoL Compilation)","Permanent Neow","Quick Restart","Relic Filter","Replay The Spire","Spikes Relics","StSLib","Stuff the Spire","Synergy Search","The Bladedancer","The Bug Knight","The Construct","The Cursed","The Factory","The Forsaken","The Jungle","The Necromancer","The Spell Scribe","The Trickster","Trackpad","slay the spire mod where everything is the same but ironclad has a cowboy hat","vexMod"],"gold_per_floor":[109,128,403,414,414,449,449,483,508,508,508,508,508,527,527,626,626,639,652,669,686,288,288,288],"floor_reached":23,"playtime":893,"items_purged":["Regret"],"score":201,"play_id":"7f75fdab-8bdf-4d51-b837-9de5d713c64e","local_time":"20201216003919","is_ascension_mode":false,"campfire_choices":[{"floor":7.0,"key":"REST"},{"data":"Zap","floor":10.0,"key":"SMITH"},{"data":"hubris:Ukulele","floor":12.0,"key":"SMITH"},{"floor":15.0,"key":"REST"}],"circlet_count":0,"master_deck":["Strike_B","Strike_B","Strike_B","Strike_B","Defend_B","Defend_B","Defend_B","Defend_B","Zap+1","Dualcast","StuffTheSpire:Plugnplay","Fire Breathing","hubris:Ukulele+1","jedi:BurstFrost","ReplayTheSpireMod:Calculation Training","Lockon","Turbo","Redo+1","Sweeping Beam","Steam+1","Melter"],"relics":["Cracked Core","aspiration:Nostalgia","StuffTheSpire:OccultApparatus","halation:AfternoonTea","trackpad:AdjectivePendant","Toy Ornithopter","halation:EternalFortune","hubris:EvacipatedBox","jedi:battlestandard","hubris:SoftwareUpdate"],"acts_visited":["Exordium","TheCity"],"potions_floor_usage":[],"damage_taken":[{"damage":1.0,"enemies":"Cultist","floor":1.0,"turns":3.0},{"damage":0.0,"enemies":"2 Louse","floor":2.0,"turns":2.0},{"damage":2.0,"enemies":"Small Slimes","floor":4.0,"turns":3.0},{"damage":44.0,"enemies":"Gremlin Nob","floor":6.0,"turns":5.0},{"damage":19.0,"enemies":"Lagavulin","floor":8.0,"turns":6.0},{"damage":2.0,"enemies":"3 Louse","floor":14.0,"turns":3.0},{"damage":46,"enemies":"Hexaghost","floor":16,"turns":8},{"damage":1,"enemies":"Chosen","floor":18,"turns":3},{"damage":20,"enemies":"2 Thieves","floor":19,"turns":4},{"damage":14,"enemies":"Snecko","floor":20,"turns":5},{"damage":26,"enemies":"Chosen and Byrds","floor":21,"turns":5},{"damage":27,"enemies":"Nightmare","floor":23,"turns":4}],"seed_played":"4519258146066335259","potions_obtained":[{"floor":2.0,"key":"Elixir"},{"floor":19,"key":"FocusPotion"},{"floor":21,"key":"Toxic Potion"}],"is_trial":false,"path_per_floor":["M","M","?","M","?","E","R","E","T","R","?","R","$","M","R","B",null,"M","M","M","M","$","NM"],"character_chosen":"DEFECT","items_purchased":["hubris:EvacipatedBox","hubris:SoftwareUpdate","Melter"],"campfire_rested":2,"item_purchase_floors":[13,22,22],"current_hp_per_floor":[74,74,74,72,72,28,50,46,46,46,49,49,30,28,51,20,78,77,57,46,20,20,0,0],"gold":288,"neow_bonus":"NOSTALGIA","is_daily":false,"chose_seed":false,"campfire_upgraded":2,"win_rate":0.0,"timestamp":1608107959,"path_taken":["M","?","?","?","?","E","R","E","T","R","?","R","?","M","R","BOSS","M","M","M","M","$","NM"],"items_purchased_type":["Relic","Relic","Card"],"build_version":"2020-12-13","purchased_purges":1,"victory":false,"max_hp_per_floor":[75,75,75,75,75,75,75,75,75,75,78,78,78,78,78,78,78,78,78,81,81,81,81,81],"card_choices":[{"not_picked":["StuffTheSpire:CleanHardDrive","Panic Button"],"picked":"StuffTheSpire:Plugnplay","floor":1.0},{"not_picked":["Warcry","Barrage"],"picked":"Fire Breathing","floor":2.0},{"not_picked":["Steam","Sweeping Beam"],"picked":"hubris:Ukulele","floor":4.0},{"not_picked":["Compile Driver","Clash"],"picked":"jedi:BurstFrost","floor":6.0},{"not_picked":["Streamline","Steam"],"picked":"ReplayTheSpireMod:Calculation Training","floor":8.0},{"not_picked":["Sunder","Doom and Gloom"],"picked":"Lockon","floor":14.0},{"not_picked":["Fusion","ReplaySort"],"picked":"Turbo","floor":18},{"not_picked":["StuffTheSpire:LoadUp","Beam Cell+1"],"picked":"Redo+1","floor":19},{"not_picked":["jedi:hex","DiskWipe"],"picked":"Sweeping Beam","floor":20},{"not_picked":["Streamline","StuffTheSpire:LoadUp+1"],"picked":"Steam+1","floor":21}],"player_experience":988251,"relics_obtained":[{"floor":6.0,"key":"halation:AfternoonTea"},{"floor":8.0,"key":"trackpad:AdjectivePendant"},{"floor":9.0,"key":"Toy Ornithopter"},{"floor":20,"key":"halation:EternalFortune"}],"event_choices":[{"damage_healed":0.0,"max_hp_gain":0.0,"max_hp_loss":0.0,"gold_gain":275.0,"event_name":"Golden Shrine","player_choice":"Desecrate","floor":3.0,"gold_loss":0.0,"damage_taken":0.0,"cards_obtained":["Regret"]}],"is_beta":false,"boss_relics":[{"not_picked":["StuffTheSpire:ModemDavis","jedi:paperlyon","conspire:RoyalGoblet"],"picked":"jedi:battlestandard"}],"items_purged_floors":[22],"is_endless":false,"potions_floor_spawned":[2,19,21],"killed_by":"Nightmare","ascension_level":0}}