{"host":"zxezw9t7myeayiva","time":1608162720,"event":{"mods":["2.2 Compatiblity","Act Like it!","BaseMod","Colored Map","Downfall","Hallownest","Hermit","Infinite Spire","Lobotomy","Marisa????????","Minty Spire (QoL Compilation)","Replay The Spire","Somnambulant","StSLib","The Animator","The Cursed","The Disciple","The Hierophant","The Jungle","The Servant 0.9.4"],"gold_per_floor":[116,41,41,53,53,81,81,81,81,81,112,122,151,168,168,273,273,288,288,288,300,315,315,315,315],"floor_reached":24,"playtime":1706,"items_purged":[],"score":251,"play_id":"b8735578-2ad8-42b2-bfb1-4505b23abc4a","local_time":"20201216175200","is_ascension_mode":true,"campfire_choices":[{"floor":8,"key":"REST"},{"data":"ReplayTheSpireMod:Omega Cannon","floor":10,"key":"SMITH"},{"floor":15,"key":"REST"},{"data":"Hello World","floor":23,"key":"SMITH"}],"circlet_count":0,"master_deck":["Defend_B","Defend_B","Defend_B","Defend_B+1","Zap","Dualcast","Storm","Coolheaded","Compile Driver","ReplayTheSpireMod:Omega Cannon+1","Regret","Conserve Battery","Reprogram","Crystallizer","Sunder","Machine Learning","Recycle","Slimebound:Tackle+1","Slimebound:Tackle+1","Slimebound:Tackle+1","Hello World+1"],"relics":["Cracked Core","ReplayTheSpireMod:Lightbulb","Lizard Tail","Simple Rune","infinitespire:EmpoweringShard","Art of War","Smiling Mask","Cursed Key","Enchiridion"],"acts_visited":["Exordium","TheCity"],"potions_floor_usage":[6,14,21],"damage_taken":[{"damage":0,"enemies":"2 Louse","floor":1,"turns":3},{"damage":4,"enemies":"Cultist","floor":4,"turns":3},{"damage":54,"enemies":"Gremlin Nob","floor":6,"turns":6},{"damage":0,"enemies":"3 Sentries","floor":11,"turns":2},{"damage":0,"enemies":"Jaw Worm","floor":12,"turns":1},{"damage":38,"enemies":"Lagavulin","floor":13,"turns":7},{"damage":0,"enemies":"Exordium Thugs","floor":14,"turns":1},{"damage":30,"enemies":"Fading Forest","floor":16,"turns":11},{"damage":2,"enemies":"Chosen","floor":18,"turns":3},{"damage":26,"enemies":"3 Byrds","floor":21,"turns":3},{"damage":4,"enemies":"Centurion and Healer","floor":22,"turns":3},{"damage":36,"enemies":"Slavers","floor":24,"turns":1}],"seed_played":"-1616360387480792083","potions_obtained":[{"floor":4,"key":"Languid Potion"},{"floor":11,"key":"Milkshake"},{"floor":12,"key":"sneckomod:MuddlingPotion"},{"floor":16,"key":"PowerPotion"},{"floor":18,"key":"FocusPotion"}],"is_trial":false,"path_per_floor":["M","?","$","M","$","E","?","R","T","R","E","M","E","M","R","B",null,"M","?","?","M","M","R","E"],"character_chosen":"DEFECT","items_purchased":[],"campfire_rested":2,"item_purchase_floors":[],"current_hp_per_floor":[75,75,75,71,71,17,17,39,39,39,39,39,1,1,23,40,75,73,73,57,31,27,27,0,0],"gold":315,"neow_bonus":"RANDOM_EVENT","is_daily":false,"chose_seed":false,"campfire_upgraded":2,"win_rate":0.0,"timestamp":1608162720,"path_taken":["M","?","?","M","$","E","?","R","T","R","E","M","E","M","R","BOSS","M","?","?","M","M","R","E"],"items_purchased_type":[],"build_version":"2020-12-13","purchased_purges":0,"victory":false,"max_hp_per_floor":[75,75,75,75,75,75,75,75,75,75,75,75,75,75,75,75,75,75,75,75,75,75,75,75,75],"card_choices":[{"not_picked":["BasicCrystalCard","Tempest"],"picked":"Coolheaded","floor":1},{"not_picked":["Leap","BasicCrystalCard"],"picked":"Compile Driver","floor":4},{"not_picked":["Go for the Eyes","Compile Driver"],"picked":"ReplayTheSpireMod:Omega Cannon","floor":6},{"not_picked":["Fission","Go for the Eyes"],"picked":"Conserve Battery","floor":11},{"not_picked":["Streamline","Conserve Battery"],"picked":"Reprogram","floor":12},{"not_picked":["Streamline","Time Bomb"],"picked":"Crystallizer","floor":13},{"not_picked":["ReplayTheSpireMod:GoodbyeWorld","Redo"],"picked":"Sunder","floor":14},{"not_picked":["Core Surge","Meteor Strike"],"picked":"Machine Learning","floor":16},{"not_picked":["Ball Lightning","Stack"],"picked":"Recycle","floor":18},{"not_picked":["Stack","Hologram+1","BasicCrystalCard+1"],"picked":"SKIP","floor":21},{"not_picked":["Beam Cell+1","ReplayTheSpireMod:Reroute Power"],"picked":"Hello World","floor":22}],"player_experience":312223,"relics_obtained":[{"floor":6,"key":"Lizard Tail"},{"floor":9,"key":"infinitespire:EmpoweringShard"},{"floor":11,"key":"Art of War"},{"floor":13,"key":"Smiling Mask"},{"floor":20,"key":"Enchiridion"}],"event_choices":[{"damage_healed":0,"gold_gain":0,"cards_transformed":["Strike_B"],"player_choice":"Change","damage_taken":0,"max_hp_gain":0,"max_hp_loss":0,"event_name":"Living Wall","floor":0,"gold_loss":0,"cards_obtained":["Storm"]},{"damage_healed":0,"gold_gain":0,"player_choice":"Paid Gold","damage_taken":0,"relics_obtained":["ReplayTheSpireMod:Lightbulb"],"max_hp_gain":0,"max_hp_loss":0,"event_name":"WeMeetAgain","floor":2,"gold_loss":75},{"damage_healed":0,"gold_gain":0,"player_choice":"Box","damage_taken":0,"relics_obtained":["Simple Rune"],"max_hp_gain":0,"max_hp_loss":0,"event_name":"Big Fish","floor":7,"gold_loss":0,"cards_obtained":["Regret"]},{"damage_healed":0,"gold_gain":0,"player_choice":"Obtained Book","damage_taken":16,"max_hp_gain":0,"max_hp_loss":0,"event_name":"Cursed Tome","floor":20,"gold_loss":0}],"is_beta":false,"boss_relics":[{"not_picked":["Velvet Choker","Runic Pyramid"],"picked":"Cursed Key"}],"items_purged_floors":[],"is_endless":false,"potions_floor_spawned":[4,11,12,16,18],"killed_by":"Slavers","ascension_level":1}}