{"host":"Ian","time":1608114995,"event":{"mods":["BaseMod","Bestiary","Block Reminder","Colored Map","Highlight Path","Key Reminder","Minty Spire (QoL Compilation)","Relic Stats"],"gold_per_floor":[118,131,131,56,74,107,107,107,107],"floor_reached":8,"playtime":340,"items_purged":["Strike_R"],"score":112,"play_id":"3e1aeff4-889d-4ac3-8962-187da9737847","local_time":"20201216103635","is_ascension_mode":true,"campfire_choices":[{"floor":7,"key":"REST"}],"circlet_count":0,"master_deck":["AscendersBane","Strike_R","Strike_R","Strike_R","Strike_R","Defend_R","Defend_R","Defend_R","Defend_R","Bash","Pommel Strike","Thunderclap","True Grit","Dropkick"],"relics":["Runic Pyramid","Gambling Chip"],"acts_visited":["Exordium"],"potions_floor_usage":[6,8],"damage_taken":[{"damage":4,"enemies":"Jaw Worm","floor":1,"turns":5},{"damage":7,"enemies":"Cultist","floor":2,"turns":4},{"damage":4,"enemies":"Small Slimes","floor":5,"turns":3},{"damage":65,"enemies":"Lagavulin","floor":6,"turns":10},{"damage":25,"enemies":"Gremlin Nob","floor":8,"turns":3}],"seed_played":"2881098812273869980","potions_obtained":[{"floor":1,"key":"Regen Potion"},{"floor":5,"key":"EssenceOfSteel"},{"floor":6,"key":"GamblersBrew"}],"is_trial":false,"path_per_floor":["M","M","?","$","M","E","R","E"],"character_chosen":"IRONCLAD","items_purchased":[],"campfire_rested":1,"item_purchase_floors":[],"current_hp_per_floor":[64,57,57,57,53,3,25,0,0],"gold":107,"neow_bonus":"BOSS_RELIC","is_daily":false,"chose_seed":false,"campfire_upgraded":0,"win_rate":0.0,"timestamp":1608114995,"path_taken":["M","M","?","?","M","E","R","E"],"items_purchased_type":[],"build_version":"2020-12-07","purchased_purges":1,"victory":false,"max_hp_per_floor":[75,75,75,75,75,75,75,75,75],"relic_stats":{"counters":[5,25],"Gambling Chip":[4],"obtain_stats":[{"Gambling Chip":6,"Burning Blood":0,"Runic Pyramid":0},{"Gambling Chip":4,"Burning Blood":0,"Runic Pyramid":0},{"Gambling Chip":22,"Burning Blood":0,"Runic Pyramid":0}]},"card_choices":[{"not_picked":["Rupture","Headbutt"],"picked":"Pommel Strike","floor":1},{"not_picked":["Clash","Headbutt"],"picked":"Thunderclap","floor":2},{"not_picked":["Flex","Iron Wave"],"picked":"True Grit","floor":5},{"not_picked":["Flex","Sentinel"],"picked":"Dropkick","floor":6}],"player_experience":2534701,"relics_obtained":[{"floor":6,"key":"Gambling Chip"}],"event_choices":[{"damage_healed":0,"gold_gain":0,"player_choice":"0 cards matched","damage_taken":0,"max_hp_gain":0,"max_hp_loss":0,"event_name":"Match and Keep!","floor":3,"gold_loss":0,"cards_obtained":[]}],"is_beta":true,"boss_relics":[],"items_purged_floors":[4],"is_endless":false,"potions_floor_spawned":[1,5,6],"killed_by":"Gremlin Nob","ascension_level":20}}