{"host":"pletss163z7s8pvv","time":1608096122,"event":{"mods":["AchievementEnabler","BaseMod","Colored Map","Colored Powertips","Minty Spire (QoL Compilation)"],"gold_per_floor":[144,144,204,240,33,81,162,162,162,198,255,288,321,378,378,669,819,879,909,29,68,68,68,128,128,151,244,298,298,343,379,379,676,676,721,757,811,862,51,51,150,186,239,284,284,0,54,114,114,114],"floor_reached":51,"playtime":1354,"items_purged":["Uppercut"],"score":838,"play_id":"254e8cf6-5228-4316-a2ee-3fdbb55c4936","local_time":"20201215232202","daily_mods":["Specialized","Vintage","Midas"],"is_ascension_mode":false,"campfire_choices":[{"floor":8,"key":"REST"},{"floor":15,"key":"REST"},{"floor":23,"key":"REST"},{"floor":25,"key":"REST"},{"data":"1","floor":32,"key":"LIFT"},{"floor":40,"key":"REST"},{"data":"2","floor":45,"key":"LIFT"},{"data":"3","floor":49,"key":"LIFT"}],"circlet_count":0,"master_deck":["Strike_R+1","Strike_R","Strike_R","Strike_R","Strike_R+1","Defend_R","Defend_R","Defend_R","Defend_R","Bash","Uppercut+1","Uppercut","Uppercut","Twin Strike","Flex","Demon Form+1","Dropkick","Headbutt","Armaments","Dark Shackles","RitualDagger","Dropkick","Thunderclap+1","Clash","Fiend Fire","Dropkick","Clothesline","Blade Dance+1","Cleave","Mind Blast","Havoc"],"relics":["Burning Blood","Lantern","Pantograph","Strawberry","Sling","Ancient Tea Set","PreservedInsect","Centennial Puzzle","Blood Vial","Peace Pipe","Pear","Omamori","Ornamental Fan","Tiny House","Dream Catcher","Akabeko","ClockworkSouvenir","Oddly Smooth Stone","Frozen Egg 2","Smiling Mask","Mercury Hourglass","Boot","Happy Flower","Letter Opener","Girya","Bottled Flame","SacredBark","Bronze Scales","Bag of Preparation","Whetstone","Paper Frog","Gremlin Horn","Blue Candle","PrismaticShard","Charon\u0027s Ashes","Vajra","Red Skull","Bottled Lightning","Orichalcum","Bag of Marbles","Torii"],"acts_visited":["Exordium","TheCity","TheBeyond"],"potions_floor_usage":[16,16,16,20,33,33,33,50,50,50],"damage_taken":[{"damage":2,"enemies":"2 Louse","floor":1,"turns":2},{"damage":4,"enemies":"Cultist","floor":3,"turns":3},{"damage":8,"enemies":"Jaw Worm","floor":4,"turns":2},{"damage":15,"enemies":"Large Slime","floor":6,"turns":4},{"damage":4,"enemies":"Gremlin Nob","floor":7,"turns":3},{"damage":11,"enemies":"Exordium Wildlife","floor":10,"turns":4},{"damage":9,"enemies":"Blue Slaver","floor":11,"turns":2},{"damage":10,"enemies":"2 Fungi Beasts","floor":12,"turns":2},{"damage":9,"enemies":"Red Slaver","floor":13,"turns":2},{"damage":17,"enemies":"Exordium Thugs","floor":14,"turns":4},{"damage":65,"enemies":"Hexaghost","floor":16,"turns":9},{"damage":21,"enemies":"Shell Parasite","floor":18,"turns":4},{"damage":4,"enemies":"Chosen","floor":19,"turns":4},{"damage":24,"enemies":"Snecko","floor":21,"turns":5},{"damage":4,"enemies":"Shelled Parasite and Fungi","floor":24,"turns":3},{"damage":8,"enemies":"Book of Stabbing","floor":27,"turns":3},{"damage":5,"enemies":"Snake Plant","floor":28,"turns":3},{"damage":6,"enemies":"Chosen and Byrds","floor":30,"turns":3},{"damage":5,"enemies":"Snecko","floor":31,"turns":3},{"damage":58,"enemies":"Champ","floor":33,"turns":7},{"damage":3,"enemies":"3 Shapes","floor":35,"turns":2},{"damage":6,"enemies":"Orb Walker","floor":36,"turns":2},{"damage":30,"enemies":"Spire Growth","floor":37,"turns":4},{"damage":10,"enemies":"Writhing Mass","floor":38,"turns":4},{"damage":9,"enemies":"Giant Head","floor":41,"turns":4},{"damage":12,"enemies":"4 Shapes","floor":42,"turns":1},{"damage":9,"enemies":"3 Darklings","floor":44,"turns":2},{"damage":0,"enemies":"Transient","floor":47,"turns":5},{"damage":13,"enemies":"Writhing Mass","floor":48,"turns":2},{"damage":2,"enemies":"Awakened One","floor":50,"turns":4}],"seed_played":"-2839238439801105182","potions_obtained":[{"floor":3,"key":"SpeedPotion"},{"floor":6,"key":"LiquidBronze"},{"floor":7,"key":"Explosive Potion"},{"floor":13,"key":"SkillPotion"},{"floor":16,"key":"CultistPotion"},{"floor":17,"key":"SmokeBomb"},{"floor":19,"key":"FearPotion"},{"floor":21,"key":"PowerPotion"},{"floor":28,"key":"ColorlessPotion"},{"floor":33,"key":"DistilledChaos"},{"floor":35,"key":"BlessingOfTheForge"},{"floor":42,"key":"Ancient Potion"}],"is_trial":true,"path_per_floor":["M","?","M","M","$","M","E","R","T","M","M","M","M","M","R","B",null,"M","M","$","M","?","R","M","R","T","E","M","?","M","M","R","B",null,"M","M","M","M","$","R","E","M","T","M","R","$","M","M","R","B",null],"character_chosen":"IRONCLAD","items_purchased":["Sling","Twin Strike","ClockworkSouvenir","Fruit Juice","Oddly Smooth Stone","Frozen Egg 2","Headbutt","Armaments","Dark Shackles","Gremlin Horn","Blue Candle","PrismaticShard","PowerPotion","Dropkick","Clothesline","Mind Blast","Orichalcum","Havoc"],"campfire_rested":5,"item_purchase_floors":[5,5,20,20,20,20,20,20,20,39,39,39,39,39,39,46,46,46],"current_hp_per_floor":[80,80,80,85,85,76,78,87,87,82,81,89,88,79,97,38,102,87,91,96,80,74,106,107,107,107,105,107,107,107,107,107,55,107,107,107,83,81,81,107,104,100,100,99,99,99,107,100,100,107],"gold":114,"neow_bonus":"","is_daily":false,"chose_seed":false,"campfire_upgraded":0,"win_rate":0.0,"timestamp":1608096122,"path_taken":["M","?","?","M","$","M","E","R","T","M","M","M","M","M","R","BOSS","M","M","$","M","?","R","M","R","T","E","M","?","M","M","R","BOSS","M","M","M","M","$","R","E","M","T","M","R","$","?","M","R","BOSS"],"items_purchased_type":["Relic","Card","Relic","Potion","Relic","Relic","Card","Card","Card","Relic","Relic","Relic","Potion","Card","Card","Card","Relic","Card"],"build_version":"2020-12-13","purchased_purges":1,"victory":true,"max_hp_per_floor":[80,80,80,87,87,87,87,87,87,87,87,97,97,97,97,97,102,102,102,107,107,107,107,107,107,107,107,107,107,107,107,107,107,107,107,107,107,107,107,107,107,107,107,107,107,107,107,107,107,107],"card_choices":[{"not_picked":["Wild Strike","Dark Embrace"],"picked":"Flex","floor":7},{"not_picked":["Double Tap","Barricade"],"picked":"Demon Form","floor":16},{"not_picked":["Seeing Red","Headbutt"],"picked":"Dropkick","floor":17},{"not_picked":["Carnage","Iron Wave"],"picked":"Dropkick","floor":23},{"not_picked":["Clash+1","Ghostly Armor"],"picked":"Thunderclap+1","floor":25},{"not_picked":["Pommel Strike","Anger"],"picked":"Clash","floor":27},{"not_picked":["Juggernaut+1","Barricade+1"],"picked":"Fiend Fire","floor":33},{"not_picked":["EmptyFist","Barrage+1"],"picked":"Blade Dance+1","floor":40},{"not_picked":["Gash","Scrape"],"picked":"Cleave","floor":41}],"player_experience":383725,"relics_obtained":[{"floor":1,"key":"Lantern"},{"floor":3,"key":"Pantograph"},{"floor":4,"key":"Strawberry"},{"floor":6,"key":"Ancient Tea Set"},{"floor":7,"key":"PreservedInsect"},{"floor":9,"key":"Centennial Puzzle"},{"floor":10,"key":"Blood Vial"},{"floor":11,"key":"Peace Pipe"},{"floor":12,"key":"Pear"},{"floor":13,"key":"Omamori"},{"floor":14,"key":"Ornamental Fan"},{"floor":18,"key":"Dream Catcher"},{"floor":19,"key":"Akabeko"},{"floor":21,"key":"Smiling Mask"},{"floor":24,"key":"Mercury Hourglass"},{"floor":26,"key":"Boot"},{"floor":27,"key":"Happy Flower"},{"floor":28,"key":"Letter Opener"},{"floor":30,"key":"Girya"},{"floor":31,"key":"Bottled Flame"},{"floor":35,"key":"Bronze Scales"},{"floor":36,"key":"Bag of Preparation"},{"floor":37,"key":"Whetstone"},{"floor":38,"key":"Paper Frog"},{"floor":41,"key":"Charon\u0027s Ashes"},{"floor":42,"key":"Vajra"},{"floor":43,"key":"Red Skull"},{"floor":44,"key":"Bottled Lightning"},{"floor":47,"key":"Bag of Marbles"},{"floor":48,"key":"Torii"}],"event_choices":[{"cards_removed":["Uppercut"],"damage_healed":0,"gold_gain":0,"player_choice":"Offered Uncommon","damage_taken":0,"max_hp_gain":0,"max_hp_loss":0,"event_name":"Bonfire Elementals","floor":2,"gold_loss":0},{"damage_healed":0,"gold_gain":0,"player_choice":"Joined the Cult","damage_taken":6,"max_hp_gain":0,"max_hp_loss":0,"event_name":"Nest","floor":22,"gold_loss":0,"cards_obtained":["RitualDagger"]},{"damage_healed":0,"gold_gain":0,"player_choice":"Upgraded","damage_taken":0,"max_hp_gain":0,"max_hp_loss":0,"event_name":"Upgrade Shrine","floor":29,"gold_loss":0,"cards_upgraded":["Demon Form"]}],"is_beta":false,"boss_relics":[{"not_picked":["Sozu","Coffee Dripper"],"picked":"Tiny House"},{"not_picked":["Busted Crown","Black Blood"],"picked":"SacredBark"}],"items_purged_floors":[20],"is_endless":false,"potions_floor_spawned":[3,6,7,13,16,19,21,28,33,35,42,44,48],"ascension_level":0}}