{"host":"tl8jdqk9pnwb74j1","time":1608125378,"event":{"mods":["BaseMod","BetterRewards","Custom Start","Minty Spire (QoL Compilation)","Shop Mod","StSLib","SuperFastMode"],"gold_per_floor":[110,110,120,134,134,134,167,167,167,65,15,190,201,201,201],"floor_reached":14,"playtime":233,"items_purged":["Strike_R"],"score":88,"play_id":"f0aa6a2f-9c14-46c7-9fb1-d87af751c496","local_time":"20201216212938","is_ascension_mode":false,"campfire_choices":[{"data":"True Grit","floor":6,"key":"SMITH"},{"data":"Flame Barrier","floor":8,"key":"SMITH"}],"circlet_count":0,"master_deck":["Strike_R","Strike_R","Strike_R","Defend_R","Defend_R","Defend_R","Defend_R+1","Shrug It Off","True Grit+1","Burning Pact+1","Flame Barrier+1","Shrug It Off","Doubt","Dual Wield"],"relics":["Burning Blood","NeowsBlessing","Charon\u0027s Ashes","Girya"],"acts_visited":["Exordium"],"potions_floor_usage":[7],"damage_taken":[{"damage":0,"enemies":"Small Slimes","floor":1,"turns":1},{"damage":0,"enemies":"Cultist","floor":3,"turns":1},{"damage":0,"enemies":"2 Louse","floor":4,"turns":1},{"damage":28,"enemies":"Gremlin Nob","floor":7,"turns":5},{"damage":19,"enemies":"Exordium Wildlife","floor":13,"turns":8},{"damage":0,"enemies":"Lagavulin","floor":14,"turns":1}],"seed_played":"-5243480200749229708","potions_obtained":[{"floor":4,"key":"CultistPotion"},{"floor":13,"key":"SteroidPotion"}],"is_trial":false,"path_per_floor":["M","?","M","M","?","R","E","R","T","$","?","?","M","E"],"character_chosen":"IRONCLAD","items_purchased":["Shrug It Off"],"campfire_rested":0,"item_purchase_floors":[10],"current_hp_per_floor":[80,80,80,80,64,64,42,42,42,42,42,42,29,29,29],"gold":201,"neow_bonus":"THREE_ENEMY_KILL","is_daily":false,"chose_seed":false,"campfire_upgraded":2,"win_rate":0.0,"timestamp":1608125378,"path_taken":["M","?","?","?","?","R","E","R","T","$","?","?","M","E"],"items_purchased_type":["Card"],"build_version":"2020-12-13","purchased_purges":1,"victory":false,"max_hp_per_floor":[80,80,80,80,80,80,80,80,80,80,80,80,80,80,80],"card_choices":[{"not_picked":["Iron Wave","Burning Pact"],"picked":"Shrug It Off","floor":1},{"not_picked":["Sentinel","Twin Strike"],"picked":"True Grit","floor":3},{"not_picked":["True Grit","Havoc"],"picked":"Burning Pact","floor":4},{"not_picked":["Shockwave","Thunderclap"],"picked":"Flame Barrier","floor":7},{"not_picked":["Infernal Blade","Pommel Strike"],"picked":"Dual Wield","floor":13}],"player_experience":947693,"relics_obtained":[{"floor":7,"key":"Charon\u0027s Ashes"},{"floor":9,"key":"Girya"}],"event_choices":[{"cards_removed":["Bash"],"damage_healed":0,"gold_gain":0,"player_choice":"Offered Basic","damage_taken":0,"max_hp_gain":0,"max_hp_loss":0,"event_name":"Bonfire Elementals","floor":2,"gold_loss":0},{"damage_healed":0,"gold_gain":0,"player_choice":"Entered Light","damage_taken":16,"max_hp_gain":0,"max_hp_loss":0,"event_name":"Shining Light","floor":5,"gold_loss":0,"cards_upgraded":["Defend_R","Burning Pact"]},{"cards_removed":["Strike_R"],"damage_healed":0,"gold_gain":0,"player_choice":"Card Removal","damage_taken":0,"max_hp_gain":0,"max_hp_loss":0,"event_name":"The Cleric","floor":11,"gold_loss":50},{"damage_healed":0,"gold_gain":175,"player_choice":"AGREE","damage_taken":0,"max_hp_gain":0,"max_hp_loss":0,"event_name":"Liars Game","floor":12,"gold_loss":0,"cards_obtained":["Doubt"]}],"is_beta":false,"boss_relics":[],"items_purged_floors":[10],"is_endless":false,"potions_floor_spawned":[4,13],"killed_by":"Lagavulin","ascension_level":0}}