{"host":"a9gsz7kv8aebwp1f","time":1608121491,"event":{"mods":["AchievementEnabler","BaseMod","Minty Spire (QoL Compilation)"],"gold_per_floor":[17,29,52,52,69,69,82,82,82,111,124,137,149,161,161,266,266,277,377,396,55,71,71,81,81,108,125,139,167,167,185,185,185,185],"floor_reached":33,"playtime":1389,"items_purged":[],"score":440,"play_id":"bb874774-fb54-473c-b72a-636b05e92197","local_time":"20201216212451","is_ascension_mode":true,"campfire_choices":[{"data":"Dualcast","floor":6,"key":"SMITH"},{"floor":8,"key":"REST"},{"floor":15,"key":"REST"},{"floor":23,"key":"REST"},{"floor":25,"key":"REST"},{"floor":30,"key":"REST"},{"floor":32,"key":"REST"}],"circlet_count":0,"master_deck":["AscendersBane","Strike_B","Strike_B","Strike_B","Strike_B","Defend_B","Defend_B","Defend_B","Defend_B","Zap","Dualcast+1","White Noise","Coolheaded","Steam","Beam Cell","Steam","Glacier","Streamline","Stack","Leap","Electrodynamics","Steam+1","Glacier","Melter","Coolheaded","Coolheaded","Sweeping Beam","Redo+1","Hologram+1","Streamline+1"],"relics":["Cracked Core","StoneCalendar","Toy Ornithopter","GremlinMask","StrikeDummy","Pocketwatch","Nuclear Battery","Matryoshka","Art of War","Blood Vial","Shuriken"],"acts_visited":["Exordium","TheCity"],"potions_floor_usage":[16,16,29,29],"damage_taken":[{"damage":1,"enemies":"Cultist","floor":1,"turns":3},{"damage":0,"enemies":"2 Louse","floor":2,"turns":2},{"damage":13,"enemies":"Jaw Worm","floor":5,"turns":4},{"damage":20,"enemies":"Gremlin Gang","floor":7,"turns":3},{"damage":19,"enemies":"Lagavulin","floor":10,"turns":6},{"damage":3,"enemies":"Red Slaver","floor":11,"turns":3},{"damage":0,"enemies":"Large Slime","floor":12,"turns":4},{"damage":15,"enemies":"Lots of Slimes","floor":13,"turns":4},{"damage":17,"enemies":"3 Louse","floor":14,"turns":3},{"damage":20,"enemies":"Hexaghost","floor":16,"turns":14},{"damage":21,"enemies":"2 Thieves","floor":18,"turns":3},{"damage":8,"enemies":"3 Byrds","floor":20,"turns":2},{"damage":9,"enemies":"3 Cultists","floor":22,"turns":4},{"damage":35,"enemies":"Snake Plant","floor":24,"turns":5},{"damage":19,"enemies":"Snecko","floor":27,"turns":7},{"damage":6,"enemies":"Cultist and Chosen","floor":28,"turns":4},{"damage":9,"enemies":"Gremlin Leader","floor":29,"turns":6},{"damage":13,"enemies":"Centurion and Healer","floor":31,"turns":7},{"damage":54,"enemies":"Collector","floor":33,"turns":8}],"seed_played":"-26858604078396604","potions_obtained":[{"floor":5,"key":"SpeedPotion"},{"floor":10,"key":"DistilledChaos"},{"floor":11,"key":"DuplicationPotion"},{"floor":18,"key":"FocusPotion"},{"floor":22,"key":"Dexterity Potion"}],"is_trial":false,"path_per_floor":["M","M","T","?","M","R","M","R","T","E","M","M","M","M","R","B",null,"M","?","M","$","M","R","M","R","T","M","M","E","R","M","R","B"],"character_chosen":"DEFECT","items_purchased":["Melter","Matryoshka","Coolheaded"],"campfire_rested":6,"item_purchase_floors":[21,21,21],"current_hp_per_floor":[67,67,67,67,54,54,34,56,56,37,34,34,19,2,24,14,60,39,39,31,31,22,44,9,31,31,14,10,13,35,24,46,0,0],"gold":185,"neow_bonus":"ONE_RARE_RELIC","is_daily":false,"chose_seed":false,"campfire_upgraded":1,"win_rate":0.0,"timestamp":1608121491,"path_taken":["M","M","?","?","?","R","M","R","T","E","M","M","M","M","R","BOSS","M","?","M","$","M","R","M","R","T","M","M","E","R","?","R","BOSS"],"items_purchased_type":["Card","Relic","Card"],"build_version":"2020-12-13","purchased_purges":0,"victory":false,"max_hp_per_floor":[75,75,75,75,75,75,75,75,75,75,75,75,75,75,75,75,75,75,75,75,75,75,75,75,75,75,75,75,75,75,75,75,75,75],"card_choices":[{"not_picked":["Steam","Tempest"],"picked":"White Noise","floor":1},{"not_picked":["Chill","Steam"],"picked":"Coolheaded","floor":2},{"not_picked":["Reinforced Body","Barrage"],"picked":"Steam","floor":5},{"not_picked":["Redo","Ball Lightning"],"picked":"Beam Cell","floor":7},{"not_picked":["Aggregate","Compile Driver"],"picked":"Steam","floor":10},{"not_picked":["Undo","Buffer"],"picked":"Glacier","floor":11},{"not_picked":["Redo","Compile Driver"],"picked":"Streamline","floor":12},{"not_picked":["Beam Cell","Redo"],"picked":"Stack","floor":13},{"not_picked":["Steam","Beam Cell"],"picked":"Leap","floor":14},{"not_picked":["Core Surge","Multi-Cast"],"picked":"Electrodynamics","floor":16},{"not_picked":["Compile Driver","Stack"],"picked":"Steam+1","floor":18},{"not_picked":["Leap","Turbo"],"picked":"Glacier","floor":20},{"not_picked":["Go for the Eyes","Ball Lightning"],"picked":"Coolheaded","floor":22},{"not_picked":["Rebound","Double Energy"],"picked":"Sweeping Beam","floor":24},{"not_picked":["Sweeping Beam","Compile Driver"],"picked":"Redo+1","floor":27},{"not_picked":["Conserve Battery","Coolheaded"],"picked":"Hologram+1","floor":28},{"not_picked":["Aggregate","Capacitor","Machine Learning"],"picked":"SKIP","floor":29},{"not_picked":["Darkness","Rebound"],"picked":"Streamline+1","floor":31}],"player_experience":425829,"relics_obtained":[{"floor":3,"key":"Toy Ornithopter"},{"floor":9,"key":"StrikeDummy"},{"floor":10,"key":"Pocketwatch"},{"floor":26,"key":"Art of War"},{"floor":26,"key":"Blood Vial"},{"floor":29,"key":"Shuriken"}],"event_choices":[{"damage_healed":0,"gold_gain":0,"player_choice":"Trade","damage_taken":0,"relics_obtained":["GremlinMask"],"max_hp_gain":0,"max_hp_loss":0,"event_name":"FaceTrader","floor":4,"gold_loss":0},{"damage_healed":0,"gold_gain":100,"player_choice":"Pray","damage_taken":0,"max_hp_gain":0,"max_hp_loss":0,"event_name":"Golden Shrine","floor":19,"gold_loss":0}],"is_beta":false,"boss_relics":[{"not_picked":["Black Star","Pandora\u0027s Box"],"picked":"Nuclear Battery"}],"items_purged_floors":[],"is_endless":false,"potions_floor_spawned":[5,10,11,12,14,18,22,24],"killed_by":"Collector","ascension_level":12}}