{"host":"vxxgntm1odai56nh","time":1608151469,"event":{"mods":["AchievementEnabler","BaseMod","Colored Map","Colored Powertips","Highlight Path","Minty Spire (QoL Compilation)","Permanent Neow","Rare Cards Sparkle","Relic Stats","StSLib"],"gold_per_floor":[209,228,7,26,26,26,51,62,85,85,99,118,118,178,178,277,277,297,317,297,314,7,7,38,38,108,108,143,143,169,186,186,186,186],"floor_reached":33,"playtime":1377,"items_purged":[],"score":380,"play_id":"36c0929e-a08d-47bc-bbbd-5a27a24ea9f9","local_time":"20201216154429","is_ascension_mode":true,"campfire_choices":[{"data":"Searing Blow","floor":6,"key":"SMITH"},{"floor":10,"key":"REST"},{"data":"Fire Breathing","floor":13,"key":"SMITH"},{"data":"Searing Blow+1","floor":15,"key":"SMITH"},{"floor":23,"key":"REST"},{"floor":25,"key":"REST"},{"data":"Double Tap","floor":27,"key":"SMITH"},{"data":"Immolate","floor":29,"key":"SMITH"},{"data":"Impervious","floor":32,"key":"SMITH"}],"circlet_count":0,"master_deck":["Strike_R","Strike_R","Strike_R","Strike_R","Strike_R","Defend_R","Defend_R","Defend_R","Defend_R","Bash","Flex","Infernal Blade","Searing Blow+2","Double Tap+1","Shrug It Off","Intimidate","Fire Breathing+1","Wild Strike","Wild Strike","Flame Barrier","Immolate+1","Dropkick","Dual Wield+1","Feel No Pain","Panache","Impervious+1","Regret","Body Slam+1","Exhume"],"relics":["Burning Blood","Regal Pillow","Blood Vial","Tiny Chest","Cursed Key","Bag of Marbles","Letter Opener","Paper Frog","Frozen Egg 2","Turnip"],"acts_visited":["Exordium","TheCity"],"potions_floor_usage":[5,7,7,12,14,16,16,21,21,33,33],"damage_taken":[{"damage":6,"enemies":"Cultist","floor":1,"turns":4},{"damage":19,"enemies":"2 Louse","floor":2,"turns":3},{"damage":7,"enemies":"Jaw Worm","floor":4,"turns":4},{"damage":43,"enemies":"Gremlin Nob","floor":7,"turns":5},{"damage":28,"enemies":"Lots of Slimes","floor":8,"turns":5},{"damage":3,"enemies":"Blue Slaver","floor":11,"turns":3},{"damage":8,"enemies":"Red Slaver","floor":12,"turns":2},{"damage":15,"enemies":"3 Sentries","floor":14,"turns":4},{"damage":41,"enemies":"Hexaghost","floor":16,"turns":7},{"damage":9,"enemies":"3 Byrds","floor":18,"turns":4},{"damage":13,"enemies":"Spheric Guardian","floor":19,"turns":4},{"damage":36,"enemies":"Snake Plant","floor":21,"turns":5},{"damage":58,"enemies":"Book of Stabbing","floor":24,"turns":5},{"damage":15,"enemies":"Slavers","floor":28,"turns":2},{"damage":3,"enemies":"Gremlin Leader","floor":30,"turns":7},{"damage":27,"enemies":"Snecko","floor":31,"turns":4},{"damage":66,"enemies":"Collector","floor":33,"turns":9}],"seed_played":"1355647268444042444","potions_obtained":[{"floor":2,"key":"BloodPotion"},{"floor":5,"key":"Fruit Juice"},{"floor":5,"key":"GamblersBrew"},{"floor":5,"key":"FearPotion"},{"floor":8,"key":"SkillPotion"},{"floor":11,"key":"AttackPotion"},{"floor":14,"key":"PowerPotion"},{"floor":16,"key":"Fruit Juice"},{"floor":18,"key":"AttackPotion"},{"floor":20,"key":"Weak Potion"},{"floor":30,"key":"Weak Potion"}],"is_trial":false,"path_per_floor":["M","M","$","M","?","R","E","M","T","R","M","M","R","?","R","B",null,"M","M","?","M","$","R","E","R","T","R","E","R","E","M","R","B"],"character_chosen":"IRONCLAD","items_purchased":["Searing Blow","Double Tap","Shrug It Off","Bag of Marbles","Panache"],"campfire_rested":3,"item_purchase_floors":[3,3,3,22,22],"current_hp_per_floor":[80,67,67,66,71,71,51,29,29,69,74,74,74,67,67,39,90,87,82,82,54,54,90,38,80,80,80,73,73,78,59,59,0,0],"gold":186,"neow_bonus":"HUNDRED_GOLD","is_daily":false,"chose_seed":false,"campfire_upgraded":6,"win_rate":0.0,"timestamp":1608151469,"path_taken":["M","M","$","M","?","R","E","M","T","R","?","?","R","?","R","BOSS","M","M","?","?","$","R","E","R","T","R","E","R","E","M","R","BOSS"],"items_purchased_type":["Card","Card","Card","Relic","Card"],"build_version":"2020-12-13","purchased_purges":0,"victory":false,"max_hp_per_floor":[80,80,80,80,85,85,85,85,85,85,85,85,85,85,85,90,90,90,90,90,90,90,90,90,90,90,90,90,90,90,90,90,90,90],"relic_stats":{"Blood Vial":20,"Regal Pillow":39,"counters":[17,77],"Tiny Chest":0,"Turnip":[3],"Letter Opener":[35],"Cursed Key":1,"obtain_stats":[{"Blood Vial":9,"Regal Pillow":7,"Tiny Chest":14,"Turnip":30,"Bag of Marbles":22,"Letter Opener":24,"Frozen Egg 2":28,"Cursed Key":17,"Burning Blood":0,"Paper Frog":26},{"Blood Vial":5,"Regal Pillow":4,"Tiny Chest":8,"Turnip":15,"Bag of Marbles":12,"Letter Opener":13,"Frozen Egg 2":14,"Cursed Key":9,"Burning Blood":0,"Paper Frog":13},{"Blood Vial":21,"Regal Pillow":16,"Tiny Chest":30,"Turnip":64,"Bag of Marbles":50,"Letter Opener":55,"Frozen Egg 2":57,"Cursed Key":37,"Burning Blood":0,"Paper Frog":55}],"Burning Blood":96},"card_choices":[{"not_picked":["Havoc","Thunderclap"],"picked":"Flex","floor":1},{"not_picked":["Anger","Havoc"],"picked":"Infernal Blade","floor":2},{"not_picked":["Hemokinesis","Clash"],"picked":"Intimidate","floor":4},{"not_picked":["Clothesline","Barricade"],"picked":"Fire Breathing","floor":7},{"not_picked":["Flex","Dropkick"],"picked":"Wild Strike","floor":8},{"not_picked":["Blood for Blood","Rampage"],"picked":"Wild Strike","floor":11},{"not_picked":["Cleave","Sword Boomerang","Wild Strike"],"picked":"SKIP","floor":12},{"not_picked":["Heavy Blade","Iron Wave"],"picked":"Flame Barrier","floor":14},{"not_picked":["Exhume","Feed"],"picked":"Immolate","floor":16},{"not_picked":["Cleave","True Grit"],"picked":"Dropkick","floor":18},{"not_picked":["Pommel Strike","Heavy Blade"],"picked":"Dual Wield+1","floor":19},{"not_picked":["Metallicize","Clash"],"picked":"Feel No Pain","floor":21},{"not_picked":["Headbutt","Iron Wave+1"],"picked":"Impervious","floor":24},{"not_picked":["Heavy Blade","Pommel Strike+1","Iron Wave"],"picked":"SKIP","floor":28},{"not_picked":["Heavy Blade","Clash"],"picked":"Body Slam+1","floor":30},{"not_picked":["Warcry","Sword Boomerang"],"picked":"Exhume","floor":31}],"player_experience":113119,"relics_obtained":[{"floor":7,"key":"Regal Pillow"},{"floor":9,"key":"Blood Vial"},{"floor":14,"key":"Tiny Chest"},{"floor":24,"key":"Letter Opener"},{"floor":26,"key":"Paper Frog"},{"floor":28,"key":"Frozen Egg 2"},{"floor":30,"key":"Turnip"}],"event_choices":[{"damage_healed":0,"gold_gain":0,"player_choice":"Got Potions","damage_taken":0,"max_hp_gain":0,"max_hp_loss":0,"event_name":"Lab","floor":5,"gold_loss":0},{"damage_healed":0,"gold_gain":0,"player_choice":"Searched \u00272\u0027 times","damage_taken":0,"max_hp_gain":0,"max_hp_loss":0,"event_name":"Dead Adventurer","floor":14,"gold_loss":0},{"damage_healed":0,"gold_gain":0,"player_choice":"Bought 1 Potion","damage_taken":0,"max_hp_gain":0,"max_hp_loss":0,"event_name":"The Woman in Blue","floor":20,"gold_loss":0}],"is_beta":false,"boss_relics":[{"not_picked":["Sozu","Runic Pyramid"],"picked":"Cursed Key"}],"items_purged_floors":[],"is_endless":false,"potions_floor_spawned":[2,8,11,14,16,18,30],"killed_by":"Collector","ascension_level":3}}