{"host":"sum4dy402bbv9y4o","time":1608129119,"event":{"mods":["Aspiration","BaseMod","Conspire","Highlight Path","Minty Spire (QoL Compilation)","StSLib"],"gold_per_floor":[113,113,32,46,46,63,12,12,12,12,12,47,47,67,67,67,67],"floor_reached":16,"playtime":362,"items_purged":[],"score":196,"play_id":"f4885ac4-449a-47d8-b977-0331293b7f28","local_time":"20201216173159","is_ascension_mode":true,"campfire_choices":[{"data":"FlurryOfBlows","floor":8,"key":"SMITH"},{"data":"Consecrate","floor":10,"key":"SMITH"},{"floor":13,"key":"REST"},{"data":"Perseverance","floor":15,"key":"SMITH"}],"circlet_count":0,"master_deck":["AscendersBane","Strike_P","Strike_P","Strike_P","Strike_P+1","Defend_P","Defend_P","Defend_P","Defend_P","Eruption+1","Vigilance","LikeWater","FollowUp","Halt","CutThroughFate","FlurryOfBlows+1","Consecrate+1","Decay","LessonLearned","Perseverance+1"],"relics":["PureWater","Ornamental Fan","Bag of Preparation"],"acts_visited":["Exordium"],"potions_floor_usage":[12,16],"damage_taken":[{"damage":9,"enemies":"Small Slimes","floor":1,"turns":4},{"damage":9,"enemies":"2 Louse","floor":4,"turns":3},{"damage":0,"enemies":"Cultist","floor":6,"turns":2},{"damage":19,"enemies":"Lagavulin","floor":12,"turns":6},{"damage":15,"enemies":"3 Louse","floor":14,"turns":3},{"damage":31,"enemies":"Slime Boss","floor":16,"turns":6}],"seed_played":"969694955685006660","potions_obtained":[{"floor":6,"key":"SpeedPotion"},{"floor":12,"key":"Strength Potion"}],"is_trial":false,"path_per_floor":["M","?","$","M","$","M","$","R","T","R","?","E","R","M","R","B"],"character_chosen":"WATCHER","items_purchased":["FollowUp","Halt","Consecrate"],"campfire_rested":1,"item_purchase_floors":[3,3,7],"current_hp_per_floor":[52,52,52,43,43,43,43,43,43,43,43,24,44,29,29,0,0],"gold":67,"neow_bonus":"UPGRADE_CARD","is_daily":false,"chose_seed":false,"campfire_upgraded":3,"win_rate":0.0,"timestamp":1608129119,"path_taken":["M","?","$","M","$","M","$","R","T","R","?","E","R","M","R","BOSS"],"items_purchased_type":["Card","Card","Card"],"build_version":"2020-12-13","purchased_purges":0,"victory":false,"max_hp_per_floor":[68,68,68,68,68,68,68,68,68,68,68,68,68,68,68,68,68],"card_choices":[{"not_picked":["ClearTheMind","PathToVictory"],"picked":"LikeWater","floor":1},{"not_picked":["CrushJoints","Study"],"picked":"CutThroughFate","floor":4},{"not_picked":["ClearTheMind","CarveReality"],"picked":"FlurryOfBlows","floor":6},{"not_picked":["Worship","Blasphemy"],"picked":"LessonLearned","floor":12},{"not_picked":["Wireheading","Fasting2"],"picked":"Perseverance","floor":14}],"player_experience":2788630,"relics_obtained":[{"floor":9,"key":"Ornamental Fan"},{"floor":12,"key":"Bag of Preparation"}],"event_choices":[{"damage_healed":0,"gold_gain":0,"player_choice":"Cursed","damage_taken":0,"max_hp_gain":0,"max_hp_loss":0,"event_name":"Wheel of Change","floor":11,"gold_loss":0,"cards_obtained":["Decay"]}],"is_beta":false,"boss_relics":[],"items_purged_floors":[],"is_endless":false,"potions_floor_spawned":[6,12],"killed_by":"Slime Boss","ascension_level":20}}