{"host":"5gc11emcm5chfr5t","time":1608077968,"event":{"mods":["2.2 Compatiblity","AchievementEnabler","BaseMod","Bestiary","Better Note","Colored Map","Colored Powertips","Downfall","Googly Eyes","Minty Spire (QoL Compilation)","Rare Cards Sparkle","StSLib"],"gold_per_floor":[99,99,99,99,99,131,131,151,1,36,36,36,486,486,503,601,601,526,31,43,143,243,271,297,56,83,83,33,43,43,57,76,175,175,175,186,186,236,236,249,249,262,272,272,272,308,323,323,339,339],"floor_reached":51,"playtime":2645,"items_purged":["Regret"],"score":1051,"play_id":"5c858a43-aa97-46fc-ae5f-cb2859897d55","local_time":"20201215191928","is_ascension_mode":true,"campfire_choices":[{"data":"sneckomod:SnekBite","floor":1,"key":"SMITH"},{"floor":4,"key":"RECALL"},{"data":"sneckomod:DiceBoulder","floor":9,"key":"SMITH"},{"data":"sneckomod:DiceBoulder+2","floor":18,"key":"SMITH"},{"floor":27,"key":"REST"},{"data":"sneckomod:DiceBoulder+3","floor":35,"key":"SMITH"},{"data":"sneckomod:DiceBoulder+4","floor":37,"key":"SMITH"},{"floor":44,"key":"REST"}],"circlet_count":0,"master_deck":["sneckomod:Strike+1","sneckomod:Defend","sneckomod:Defend","sneckomod:Defend","sneckomod:TailWhip","sneckomod:SnekBite+1","sneckomod:Unknown","sneckomod:Unknown+1","sneckomod:SlitherStrike","sneckomod:QuickBite","sneckomod:UnknownBlock+1","sneckomod:UnknownClassPURPLE","sneckomod:DiceBoulder+5","sneckomod:Unknown3Cost","Slimebound:Icky","Slimebound:Icky","Slimebound:Icky","sneckomod:UnknownCommonSkill","sneckomod:UnlimitedRolls","sneckomod:UnknownUncommonSkill+1","expansioncontent:DashGenerateEvil","sneckomod:SnekBeam","sneckomod:SerpentMind","sneckomod:WideSting+1","J.A.X.","sneckomod:UnknownClassBLUE","sneckomod:QuickMove","sneckomod:SnekBeam","sneckomod:UnknownRarePower","sneckomod:SoulCleanse","Shame","sneckomod:UnknownClassRED","sneckomod:SoulRoll+1","sneckomod:UnknownColorless","sneckomod:ImprovisedAttack+1","sneckomod:UnknownStrike+1","sneckomod:Unknown0Cost+1","sneckomod:Unknown2Cost+1","sneckomod:UnknownWeak+1","sneckomod:UnknownExhaust+1","Parasite","sneckomod:UnknownCommonAttack+1","expansioncontent:SuperHexaguard","sneckomod:UnknownVulnerable+1"],"relics":["sneckomod:SuperSneckoSoul","downfall:HeartsMalice","Bag of Marbles","downfall:HeartBlessingRed","downfall:HeartBlessingBlue","InkBottle","sneckomod:LoadedDie","Black Star","downfall:HeartBlessingGreen","Incense Burner","MutagenicStrength","Potion Belt","Strawberry","Pen Nib","Blood Vial","Pear","Lizard Tail","Kunai","sneckomod:UnknownEgg","Eternal Feather","Whetstone"],"acts_visited":["Exordium","TheCity","TheBeyond"],"potions_floor_usage":[10,16,16,32,32,38,40,47,49,50],"damage_taken":[{"damage":0,"enemies":"Cultist","floor":2,"turns":1},{"damage":0,"enemies":"downfall:FleeingMerchant","floor":3,"turns":1},{"damage":0,"enemies":"Small Slimes","floor":5,"turns":1},{"damage":8,"enemies":"Lagavulin","floor":6,"turns":5},{"damage":0,"enemies":"2 Louse","floor":8,"turns":1},{"damage":4,"enemies":"Gremlin Nob","floor":10,"turns":3},{"damage":0,"enemies":"3 Louse","floor":15,"turns":1},{"damage":31,"enemies":"downfall:Watcher","floor":16,"turns":5},{"damage":3,"enemies":"downfall:FleeingMerchant","floor":19,"turns":4},{"damage":3,"enemies":"Chosen","floor":20,"turns":3},{"damage":17,"enemies":"downfall:Augmenter","floor":21,"turns":5},{"damage":17,"enemies":"Slavers","floor":23,"turns":7},{"damage":1,"enemies":"downfall:FleeingMerchant","floor":25,"turns":4},{"damage":32,"enemies":"Gremlin Leader","floor":26,"turns":9},{"damage":3,"enemies":"Shell Parasite","floor":29,"turns":2},{"damage":3,"enemies":"Snecko","floor":31,"turns":3},{"damage":21,"enemies":"Centurion and Healer","floor":32,"turns":3},{"damage":33,"enemies":"downfall:Defect","floor":33,"turns":9},{"damage":20,"enemies":"Orb Walker","floor":36,"turns":5},{"damage":55,"enemies":"Mind Bloom Boss Battle","floor":38,"turns":7},{"damage":28,"enemies":"3 Darklings","floor":40,"turns":7},{"damage":28,"enemies":"Maw","floor":42,"turns":8},{"damage":0,"enemies":"Jaw Worm Horde","floor":43,"turns":1},{"damage":10,"enemies":"Sphere and 2 Shapes","floor":46,"turns":3},{"damage":22,"enemies":"Writhing Mass","floor":47,"turns":5},{"damage":2,"enemies":"Jaw Worm Horde","floor":49,"turns":3},{"damage":30,"enemies":"downfall:Ironclad","floor":50,"turns":9}],"seed_played":"6419569375786862002","potions_obtained":[{"floor":6,"key":"GamblersBrew"},{"floor":8,"key":"sneckomod:CheatPotion"},{"floor":10,"key":"AttackPotion"},{"floor":20,"key":"Guardian:BlockOnCardUsePotion"},{"floor":26,"key":"Fruit Juice"},{"floor":31,"key":"DistilledChaos"},{"floor":33,"key":"Energy Potion"},{"floor":42,"key":"SkillPotion"},{"floor":46,"key":"ColorlessPotion"},{"floor":47,"key":"sneckomod:DiceRollPotion"},{"floor":49,"key":"Guardian:BlockOnCardUsePotion"}],"is_trial":false,"path_per_floor":["R","M","$","R","M","E","T","M","R","E","?","?","?","?","M","B",null,"R","$","M","?","?","E","T","$","E","R","?","M","?","M","M","B",null,"R","M","R","?","?","M","T","M","M","R","?","M","M","?","M","B",null],"character_chosen":"THE_SNECKO","items_purchased":["Incense Burner","expansioncontent:DashGenerateEvil","Blood Vial"],"campfire_rested":2,"item_purchase_floors":[19,19,25],"current_hp_per_floor":[90,90,90,90,91,84,84,84,94,91,91,88,88,103,104,73,96,96,94,91,77,77,67,67,66,51,88,124,121,121,123,113,83,141,141,123,123,75,75,49,49,23,25,91,91,83,78,78,78,50],"gold":339,"neow_bonus":"THREE_ENEMY_KILL","is_daily":false,"chose_seed":false,"campfire_upgraded":5,"win_rate":0.0,"timestamp":1608077968,"path_taken":["R","M","?","R","M","E","T","M","R","E","?","?","?","?","M","BOSS","R","$","M","?","?","E","T","$","E","R","?","M","?","M","M","BOSS","R","M","R","?","?","M","T","M","M","R","?","?","M","?","M","BOSS"],"items_purchased_type":["Relic","Card","Relic"],"build_version":"2020-12-13","purchased_purges":1,"victory":true,"max_hp_per_floor":[90,90,90,90,91,92,92,92,102,103,103,103,103,103,104,104,104,104,105,105,106,106,113,113,113,124,124,124,124,124,125,130,131,153,153,153,153,153,153,153,153,153,153,153,153,153,153,153,153,153],"card_choices":[{"not_picked":["sneckomod:UnknownDexterity","sneckomod:SoulDraw"],"picked":"sneckomod:SlitherStrike","floor":2},{"not_picked":["sneckomod:UnknownCommonSkill","sneckomod:Rotation"],"picked":"sneckomod:QuickBite","floor":3},{"not_picked":["sneckomod:UnknownClassSLIMEBOUND","sneckomod:DiceCrush"],"picked":"sneckomod:UnknownBlock","floor":5},{"not_picked":["sneckomod:SoulRoll","sneckomod:Unknown1Cost"],"picked":"sneckomod:UnknownClassPURPLE","floor":6},{"not_picked":["sneckomod:DiceCrush","sneckomod:QuickMove"],"picked":"sneckomod:DiceBoulder","floor":8},{"not_picked":["sneckomod:DiceBoulder","sneckomod:UnknownBlock"],"picked":"sneckomod:Unknown3Cost","floor":10},{"not_picked":["sneckomod:QuickBite","sneckomod:DiceCrush"],"picked":"sneckomod:UnknownCommonSkill","floor":15},{"not_picked":["sneckomod:Cheat","sneckomod:Mudshield"],"picked":"sneckomod:UnlimitedRolls","floor":16},{"not_picked":["sneckomod:SoulDraw+1","sneckomod:UnknownBlock"],"picked":"sneckomod:UnknownUncommonSkill+1","floor":19},{"not_picked":["sneckomod:Nope+1","sneckomod:QuickBite+1"],"picked":"sneckomod:SnekBeam","floor":20},{"not_picked":[],"picked":"J.A.X.","floor":21},{"not_picked":["sneckomod:Rotation","sneckomod:Unknown1Cost"],"picked":"sneckomod:UnknownClassBLUE","floor":21},{"not_picked":["sneckomod:UnknownClassTHE_CHAMP_GRAY","sneckomod:SerpentMind"],"picked":"sneckomod:QuickMove","floor":23},{"not_picked":["sneckomod:DiceCrush","sneckomod:QuickBite"],"picked":"sneckomod:SnekBeam","floor":25},{"not_picked":["sneckomod:UnknownVulnerable+1","sneckomod:UnknownClassGUARDIAN"],"picked":"sneckomod:UnknownRarePower","floor":26},{"not_picked":["sneckomod:Unknown0Cost","sneckomod:UnknownClassSLIMEBOUND"],"picked":"sneckomod:SoulCleanse","floor":29},{"not_picked":["sneckomod:Nope","sneckomod:DiceBoulder"],"picked":"sneckomod:UnknownClassRED","floor":31},{"not_picked":["sneckomod:Unknown1Cost","sneckomod:UnknownWeak"],"picked":"sneckomod:SoulRoll+1","floor":32},{"not_picked":["sneckomod:Mudshield","sneckomod:SoulExchange"],"picked":"sneckomod:UnknownColorless","floor":33},{"not_picked":["sneckomod:UnknownVulnerable+1","sneckomod:UnknownWeak"],"picked":"sneckomod:ImprovisedAttack+1","floor":36},{"not_picked":["sneckomod:UnknownBlock+1","sneckomod:IronFang+1"],"picked":"sneckomod:UnknownStrike+1","floor":38},{"not_picked":["sneckomod:IronFang+1","sneckomod:UnknownClassHEXA_GHOST_PURPLE+1"],"picked":"sneckomod:Unknown0Cost+1","floor":40},{"not_picked":["sneckomod:SoulDraw","sneckomod:UnknownClassBLUE+1"],"picked":"sneckomod:Unknown2Cost+1","floor":42},{"not_picked":["sneckomod:Nope+1","sneckomod:SlitherStrike"],"picked":"sneckomod:UnknownWeak+1","floor":43},{"not_picked":["sneckomod:WideSting+1","sneckomod:SoulCleanse"],"picked":"sneckomod:UnknownExhaust+1","floor":46},{"not_picked":["sneckomod:DefensiveFlair","sneckomod:DiceCrush+1"],"picked":"sneckomod:UnknownCommonAttack+1","floor":47},{"not_picked":["expansioncontent:DonusPower","expansioncontent:Flail"],"picked":"expansioncontent:SuperHexaguard","floor":48},{"not_picked":["sneckomod:QuickMove","sneckomod:TrashToTreasure"],"picked":"sneckomod:UnknownVulnerable+1","floor":49}],"player_experience":384359,"relics_obtained":[{"floor":6,"key":"Bag of Marbles"},{"floor":10,"key":"InkBottle"},{"floor":21,"key":"MutagenicStrength"},{"floor":23,"key":"Potion Belt"},{"floor":23,"key":"Strawberry"},{"floor":24,"key":"Pen Nib"},{"floor":26,"key":"Pear"},{"floor":26,"key":"Lizard Tail"},{"floor":38,"key":"sneckomod:UnknownEgg"},{"floor":39,"key":"Eternal Feather"},{"floor":41,"key":"Whetstone"}],"event_choices":[{"damage_healed":0,"gold_gain":0,"player_choice":"Success","damage_taken":3,"relics_obtained":["sneckomod:LoadedDie"],"max_hp_gain":0,"max_hp_loss":0,"event_name":"Scrap Ooze","floor":12,"gold_loss":0},{"damage_healed":34,"gold_gain":0,"player_choice":"Banana","damage_taken":0,"max_hp_gain":0,"max_hp_loss":0,"event_name":"Big Fish","floor":14,"gold_loss":0},{"damage_healed":0,"gold_gain":0,"player_choice":"Stole Relic","damage_taken":0,"relics_obtained":["Kunai"],"max_hp_gain":0,"max_hp_loss":0,"event_name":"Addict","floor":30,"gold_loss":0,"cards_obtained":["Shame"]}],"is_beta":false,"boss_relics":[{"not_picked":["Empty Cage","Runic Pyramid"],"picked":"Black Star"},{"not_picked":["Pandora\u0027s Box","Tiny House"],"picked":"sneckomod:SuperSneckoSoul"}],"items_purged_floors":[25],"is_endless":false,"potions_floor_spawned":[6,8,10,20,26,31,33,42,46,47,49],"ascension_level":5}}