{"host":"4cz9gr89nglr7k8k","time":1608154287,"event":{"mods":["BaseMod","Minty Spire (QoL Compilation)","Relic Stats","Slay-I"],"gold_per_floor":[117,117,135,135,135,179,204,204,204],"floor_reached":8,"playtime":122,"items_purged":[],"score":154,"play_id":"c68fe169-bd41-472b-b7c5-148ec94fbcd4","local_time":"20201216223127","is_ascension_mode":true,"campfire_choices":[],"circlet_count":0,"master_deck":["AscendersBane","Strike_B","Strike_B","Strike_B","Strike_B","Defend_B","Defend_B","Defend_B","Defend_B","Zap","Dualcast","Capacitor","Sunder","Reboot"],"relics":["Cracked Core","NeowsBlessing","MealTicket","Golden Idol","Thread and Needle","Bronze Scales"],"acts_visited":["Exordium"],"potions_floor_usage":[],"damage_taken":[{"damage":0,"enemies":"2 Louse","floor":1,"turns":1},{"damage":0,"enemies":"Small Slimes","floor":3,"turns":1},{"damage":0,"enemies":"3 Sentries","floor":6,"turns":1},{"damage":48,"enemies":"Gremlin Nob","floor":8,"turns":3}],"seed_played":"-2944642545879424732","potions_obtained":[],"is_trial":false,"path_per_floor":["M","?","M","?","?","E","T","E"],"character_chosen":"DEFECT","items_purchased":[],"campfire_rested":0,"item_purchase_floors":[],"current_hp_per_floor":[64,46,46,46,46,46,46,0,0],"gold":204,"neow_bonus":"THREE_ENEMY_KILL","is_daily":false,"chose_seed":false,"campfire_upgraded":0,"win_rate":0.0,"timestamp":1608154287,"path_taken":["M","?","M","?","?","E","?","E"],"items_purchased_type":[],"build_version":"2020-12-13","purchased_purges":0,"victory":false,"max_hp_per_floor":[71,71,71,71,71,71,71,71,71],"relic_stats":{"counters":[4,6],"Golden Idol":9,"Bronze Scales":[3],"MealTicket":0,"obtain_stats":[{"NeowsBlessing":0,"Golden Idol":4,"Bronze Scales":7,"MealTicket":2,"Thread and Needle":6,"Cracked Core":0},{"NeowsBlessing":0,"Golden Idol":2,"Bronze Scales":3,"MealTicket":1,"Thread and Needle":3,"Cracked Core":0},{"NeowsBlessing":0,"Golden Idol":2,"Bronze Scales":3,"MealTicket":1,"Thread and Needle":3,"Cracked Core":0}]},"card_choices":[{"not_picked":["Leap","Stack"],"picked":"Capacitor","floor":1},{"not_picked":["Streamline","Coolheaded"],"picked":"Sunder","floor":3},{"not_picked":["Chaos","Rebound"],"picked":"Reboot","floor":6}],"player_experience":1445909,"relics_obtained":[{"floor":6,"key":"Thread and Needle"},{"floor":7,"key":"Bronze Scales"}],"event_choices":[{"damage_healed":0,"gold_gain":0,"player_choice":"Success","damage_taken":18,"relics_obtained":["MealTicket"],"max_hp_gain":0,"max_hp_loss":0,"event_name":"Scrap Ooze","floor":2,"gold_loss":0},{"damage_healed":0,"gold_gain":0,"player_choice":"Take Wound","damage_taken":0,"relics_obtained":["Golden Idol"],"max_hp_gain":0,"max_hp_loss":0,"event_name":"Golden Idol","floor":4,"gold_loss":0,"cards_obtained":["Injury"]},{"cards_removed":["Injury"],"damage_healed":0,"gold_gain":0,"player_choice":"Forget","damage_taken":0,"max_hp_gain":0,"max_hp_loss":0,"event_name":"Living Wall","floor":5,"gold_loss":0}],"is_beta":false,"boss_relics":[],"items_purged_floors":[],"is_endless":false,"potions_floor_spawned":[],"killed_by":"Gremlin Nob","ascension_level":19}}