{"host":"un97lkyah1pp4w16","time":1608133244,"event":{"mods":["BaseMod","Colored Map","Colored Powertips","Minty Spire (QoL Compilation)","StSLib","SuperFastMode"],"gold_per_floor":[115,115,115,135,135,170,190,33,33,58,233,233,10,28,28,154,154,178,201,201,46,62,62,76,76,76,91,91,91],"floor_reached":28,"playtime":647,"items_purged":[],"score":245,"play_id":"e9bd52ef-5685-4ba9-9b80-a48237eb6d7f","local_time":"20201216234044","is_ascension_mode":false,"campfire_choices":[{"floor":12.0,"key":"RECALL"},{"data":"Rupture","floor":15.0,"key":"SMITH"},{"floor":23,"key":"REST"},{"floor":25,"key":"REST"}],"circlet_count":0,"master_deck":["Strike_R","Strike_R","Strike_R","Strike_R","Strike_R","Defend_R+1","Defend_R","Defend_R+1","Defend_R","Bash","Spot Weakness","Regret","Cleave","Combust","Inflame","Clothesline","Doubt","Rupture+1","Corruption","Feed","Clothesline+1","Warcry","Heavy Blade","Fire Breathing","Thunderclap","Pummel","Iron Wave","Shrug It Off"],"relics":["Burning Blood","NeowsBlessing","Golden Idol","Mango","MealTicket","Toolbox","Black Star","Nloth\u0027s Gift","InkBottle"],"acts_visited":["Exordium","TheCity"],"potions_floor_usage":[28],"damage_taken":[{"damage":0.0,"enemies":"Jaw Worm","floor":1.0,"turns":1.0},{"damage":10.0,"enemies":"2 Louse","floor":4.0,"turns":2.0},{"damage":0.0,"enemies":"Gremlin Nob","floor":6.0,"turns":1.0},{"damage":3.0,"enemies":"Small Slimes","floor":7.0,"turns":3.0},{"damage":17.0,"enemies":"Red Slaver","floor":10.0,"turns":4.0},{"damage":7.0,"enemies":"Blue Slaver","floor":14.0,"turns":4.0},{"damage":34.0,"enemies":"The Guardian","floor":16.0,"turns":7.0},{"damage":35.0,"enemies":"Shell Parasite","floor":18.0,"turns":7.0},{"damage":34.0,"enemies":"Chosen","floor":19.0,"turns":7.0},{"damage":39,"enemies":"Snake Plant","floor":22,"turns":6},{"damage":18,"enemies":"Snecko","floor":24,"turns":4},{"damage":49,"enemies":"Shelled Parasite and Fungi","floor":27,"turns":7},{"damage":13,"enemies":"Snake Plant","floor":28,"turns":1}],"seed_played":"-2299319961945237467","potions_obtained":[{"floor":4.0,"key":"Explosive Potion"},{"floor":6.0,"key":"LiquidMemories"},{"floor":14.0,"key":"DistilledChaos"},{"floor":16.0,"key":"Dexterity Potion"}],"is_trial":false,"path_per_floor":["M","?","?","M","?","E","M","$","T","M","?","R","$","M","R","B",null,"M","M","?","$","M","R","M","R","T","M","M"],"character_chosen":"IRONCLAD","items_purchased":["Toolbox","Rupture","Orichalcum","Heavy Blade","Fire Breathing","Thunderclap"],"campfire_rested":2,"item_purchase_floors":[8,13,13,21,21,21],"current_hp_per_floor":[80,74,88,84,66,72,75,88,88,77,77,77,88,87,87,59,88,59,31,31,46,13,39,27,53,53,10,0,0],"gold":91,"neow_bonus":"THREE_ENEMY_KILL","is_daily":false,"chose_seed":false,"campfire_upgraded":1,"win_rate":0.0,"timestamp":1608133244,"path_taken":["M","?","?","M","?","E","M","$","T","M","?","R","$","M","R","BOSS","M","M","?","$","M","R","M","R","T","M","?"],"items_purchased_type":["Relic","Card","Relic","Card","Card","Card"],"build_version":"2020-12-13","purchased_purges":0,"victory":false,"max_hp_per_floor":[80,74,88,88,88,88,88,88,88,88,88,88,88,88,88,88,88,88,88,88,88,88,88,88,88,88,88,88,88],"card_choices":[{"not_picked":["Shrug It Off","Clothesline"],"picked":"Spot Weakness","floor":1.0},{"not_picked":["Hemokinesis","Shrug It Off"],"picked":"Cleave","floor":4.0},{"not_picked":["Wild Strike","Sword Boomerang"],"picked":"Combust","floor":6.0},{"not_picked":["Heavy Blade","Whirlwind"],"picked":"Inflame","floor":7.0},{"not_picked":["Body Slam","Cleave"],"picked":"Clothesline","floor":10.0},{"not_picked":["Clash","Seeing Red"],"picked":"Corruption","floor":14.0},{"not_picked":["Impervious","Exhume"],"picked":"Feed","floor":16.0},{"not_picked":["Wild Strike","Headbutt"],"picked":"Clothesline+1","floor":18.0},{"not_picked":["Cleave","Pummel"],"picked":"Warcry","floor":19.0},{"not_picked":["Havoc+1","Warcry+1"],"picked":"Pummel","floor":22},{"not_picked":["Perfected Strike","Twin Strike"],"picked":"Iron Wave","floor":24},{"not_picked":["Reckless Charge","Twin Strike"],"picked":"Shrug It Off","floor":27}],"player_experience":91696,"relics_obtained":[{"floor":6.0,"key":"MealTicket"},{"floor":26,"key":"InkBottle"}],"event_choices":[{"damage_healed":0.0,"max_hp_gain":0.0,"max_hp_loss":6.0,"gold_gain":0.0,"event_name":"Golden Idol","player_choice":"Lose Max HP","floor":2.0,"gold_loss":0.0,"damage_taken":0.0,"relics_obtained":["Golden Idol"]},{"damage_healed":0.0,"max_hp_gain":0.0,"max_hp_loss":0.0,"gold_gain":0.0,"event_name":"Big Fish","player_choice":"Box","floor":3.0,"gold_loss":0.0,"damage_taken":0.0,"relics_obtained":["Mango"],"cards_obtained":["Regret"]},{"damage_healed":0.0,"max_hp_gain":0.0,"max_hp_loss":0.0,"gold_gain":0.0,"event_name":"Shining Light","player_choice":"Entered Light","floor":5.0,"gold_loss":0.0,"damage_taken":18.0,"cards_upgraded":["Defend_R","Defend_R"]},{"damage_healed":0.0,"max_hp_gain":0.0,"max_hp_loss":0.0,"gold_gain":175.0,"event_name":"Liars Game","player_choice":"AGREE","floor":11.0,"gold_loss":0.0,"damage_taken":0.0,"cards_obtained":["Doubt"]},{"damage_healed":0.0,"max_hp_gain":0.0,"max_hp_loss":0.0,"gold_gain":0.0,"event_name":"N\u0027loth","player_choice":"Traded Relic","floor":20.0,"relics_lost":["Orichalcum"],"gold_loss":0.0,"damage_taken":0.0,"relics_obtained":["Nloth\u0027s Gift"]}],"is_beta":false,"boss_relics":[{"not_picked":["Ectoplasm","Runic Cube"],"picked":"Black Star"}],"items_purged_floors":[],"is_endless":false,"potions_floor_spawned":[4,6,14,16],"killed_by":"Snake Plant","ascension_level":0}}