{"host":"jm9833yuloeli2yd","time":1608093547,"event":{"mods":["AchievementEnabler","BaseMod","Better Altar","Better Match","Better Note","Better Sensory Stone","Better Skull","Better Vampires","Colored Map","Colored Powertips","DeckTracker","Minty Spire (QoL Compilation)","Permanent Neow","Quick Restart","Replay The Spire","StSLib","SuperFastMode"],"gold_per_floor":[114,189,207,41,56,56,56,56,80,95,95,122,134,134,134,134,134],"floor_reached":16,"playtime":413,"items_purged":[],"score":200,"play_id":"f8950118-75be-4189-a8c4-09c38e64e755","local_time":"20201215233907","is_ascension_mode":true,"campfire_choices":[{"data":"Consume","floor":6,"key":"SMITH"},{"data":"ReplayGash","floor":8,"key":"SMITH"},{"floor":11,"key":"REST"}],"circlet_count":0,"master_deck":["AscendersBane","Strike_B","Strike_B","Strike_B","Strike_B","Defend_B+1","Defend_B","Defend_B","Defend_B","Zap","Dualcast","Consume+1","Cold Snap","ReplayGash+1","Ball Lightning","Coolheaded+1","ReplayTheSpireMod:Calculation Training"],"relics":["ChewingGum","DataDisk","Unceasing Top"],"acts_visited":["Exordium"],"potions_floor_usage":[12],"damage_taken":[{"damage":4,"enemies":"Small Slimes","floor":1,"turns":3},{"damage":10,"enemies":"2 Louse","floor":3,"turns":2},{"damage":0,"enemies":"Cultist","floor":5,"turns":4},{"damage":15,"enemies":"Gremlin Gang","floor":10,"turns":5},{"damage":20,"enemies":"Replay:BlueRogue","floor":12,"turns":6},{"damage":21,"enemies":"Exordium Thugs","floor":13,"turns":5},{"damage":29,"enemies":"Hexaghost","floor":16,"turns":9}],"seed_played":"-5185204764405754445","potions_obtained":[{"floor":3,"key":"Elixir"},{"floor":13,"key":"Explosive Potion"},{"floor":14,"key":"Dexterity Potion"}],"is_trial":false,"path_per_floor":["M","?","M","$","M","R","?","R","T","M","R","E","M","?","R_BF","B"],"character_chosen":"DEFECT","items_purchased":["CultistPotion","Cold Snap"],"campfire_rested":1,"item_purchase_floors":[4,4],"current_hp_per_floor":[60,49,39,39,39,39,39,39,39,24,45,25,4,4,25,0,0],"gold":134,"neow_bonus":"BOSS_RELIC","is_daily":false,"chose_seed":false,"campfire_upgraded":2,"win_rate":0.0,"timestamp":1608093547,"path_taken":["M","?","M","$","M","R","?","R","T","M","R","E","M","?","R_BF","BOSS"],"items_purchased_type":["Potion","Card"],"build_version":"2020-12-13","purchased_purges":0,"victory":false,"max_hp_per_floor":[71,71,71,71,71,71,71,71,71,71,71,71,71,71,71,71,71],"card_choices":[{"not_picked":["Beam Cell","Self Repair"],"picked":"Consume","floor":1},{"not_picked":["Go for the Eyes","Scrape","ReplayTheSpireMod:Reroute Power"],"picked":"SKIP","floor":3},{"not_picked":["Time Bomb","Cold Snap"],"picked":"ReplayGash","floor":5},{"not_picked":["Seek","Reinforced Body"],"picked":"Ball Lightning","floor":10},{"not_picked":["Ball Lightning","Tempest"],"picked":"Coolheaded","floor":12},{"not_picked":["Capacitor","Storm"],"picked":"ReplayTheSpireMod:Calculation Training","floor":13}],"player_experience":1100748,"relics_obtained":[{"floor":9,"key":"DataDisk"},{"floor":12,"key":"Unceasing Top"}],"event_choices":[{"damage_healed":0,"gold_gain":75,"player_choice":"Gather Gold","damage_taken":11,"max_hp_gain":0,"max_hp_loss":0,"event_name":"World of Goop","floor":2,"gold_loss":0},{"damage_healed":0,"gold_gain":0,"player_choice":"Got Potions","damage_taken":0,"max_hp_gain":0,"max_hp_loss":0,"event_name":"Lab","floor":14,"gold_loss":0}],"is_beta":false,"boss_relics":[],"items_purged_floors":[],"is_endless":false,"potions_floor_spawned":[3,13],"killed_by":"Hexaghost","ascension_level":20}}