{"host":"dd2mx3pm3ovi0t1n","time":1608128036,"event":{"mods":["2.2 Compatiblity","AchievementEnabler","Aspiration","BaseMod","Beaked The Cultist","Better Altar","Better Match","Better Note","Better Sensory Stone","Better Skull","Better Third Choice","BetterRewards","Colored Map","Colored Powertips","Conspire","Defuse TimeMaze Blight","Downfall","Energized Spire","Friendly Minions","GifTheSpireLib","Halation","Highlight Path","HololiveMod","Hubris","Infinite Spire","Jedi Mod","Minty Spire (QoL Compilation)","Permanent Neow","Quick Restart","Replay The Spire","Shop Mod","Spicy Shops","Spikes Relics","StSLib","Stuff the Spire","TestMod","The Construct","Wandering Minibosses","vexMod"],"gold_per_floor":[99,110,110,122,122,122,122,97,97,131,131,141,159,176,188,285,285,285,285,285,385,15,48,95,125,125,159,825,845,860,870,883,981,981,981,602,702,702,722,722,722,749,749,749,767,780,780,797,797,797],"floor_reached":49,"playtime":3436,"items_purged":["champ:FocusedGladiator","Pride","Pride"],"score":750,"play_id":"39d3c423-ab68-4113-b475-7c94e7978753","local_time":"20201216061356","is_ascension_mode":true,"campfire_choices":[{"data":"champ:BerserkerStyle","floor":3,"key":"SMITH"},{"data":"champ:IronFortress","floor":6,"key":"SMITH"},{"data":"champ:Execute","floor":9,"key":"SMITH"},{"data":"champ:Balance","floor":18,"key":"SMITH"},{"data":"champ:FanOfKnives","floor":26,"key":"SMITH"},{"data":"champ:CalledShot","floor":35,"key":"SMITH"},{"data":"champ:Shatter","floor":38,"key":"SMITH"},{"floor":43,"key":"REST"},{"data":"champ:EndlessRage","floor":44,"key":"SMITH"}],"circlet_count":0,"master_deck":["conspire:GhostlyStrike","conspire:GhostlyStrike","conspire:GhostlyStrike","conspire:GhostlyStrike","conspire:GhostlyDefend","conspire:GhostlyDefend","conspire:GhostlyDefend","conspire:GhostlyDefend","champ:Execute+1","champ:Taunt+1","champ:BerserkerStyle+1","champ:IronFortress+1","champ:FocusedBerserking","champ:FocusedGladiator","champ:Balance+1","champ:RecklessLeap","champ:FanOfKnives+1","champ:VampiricStrike","conspire:GhostlyStrike","conspire:GhostlyStrike","conspire:GhostlyStrike","conspire:GhostlyDefend","conspire:GhostlyDefend","conspire:GhostlyDefend","conspire:GhostlyDefend","champ:Execute+1","champ:Taunt+1","champ:BerserkerStyle+1","champ:IronFortress+1","champ:FocusedBerserking","champ:Balance+1","champ:RecklessLeap","champ:FanOfKnives","champ:VampiricStrike","testmod-Bloodthirsty","champ:SteelEdge","champ:FlashCut","champ:ShieldSigil+1","champ:CrookedStrike+1","Pride","champ:DefensiveShout+1","champ:RageSigil+1","champ:CalledShot+1","champ:Shatter+1","champ:HoldFirm","champ:ShieldWall","champ:EndlessRage+1","champ:FlashCut+1","champ:StanceDance+1"],"relics":["testmod-TestBox","aspiration:SecretTechniqueScroll","testmod-NegativeEmotionEnhancer","aspiration:StickyExplosives","SpikesRelics:DaevaFist","halation:QuantumPhysicsTextbook","wanderingMiniBosses:OtherGremlinHorn","halation:MonkeysPaw","Potion Belt","MerchantsRug","halation:Sosunser","Nunchaku","ReplayFunnel","StuffTheSpire:MayFlowers","infinitespire:WardingShard","Membership Card","vexMod:RockOfEvil","CosmicIsotope","conspire:Dentures","OrangePellets","Quantum Egg","BicycleWheel","ReplayTheSpireMod:DimensionalGlitch","halation:KoshaPiece","testmod-Muramasa","testmod-InfectionSource"],"acts_visited":["Exordium","TheCity","TheBeyond"],"potions_floor_usage":[33,33,33,33,42,49],"damage_taken":[{"damage":16,"enemies":"Jaw Worm","floor":2,"turns":3},{"damage":45,"enemies":"Small Slimes","floor":4,"turns":6},{"damage":35,"enemies":"3 Sentries","floor":10,"turns":6},{"damage":7,"enemies":"2 Louse","floor":12,"turns":3},{"damage":21,"enemies":"Exordium Wildlife","floor":13,"turns":4},{"damage":38,"enemies":"Gremlin Gang","floor":14,"turns":6},{"damage":31,"enemies":"Large Slime","floor":15,"turns":4},{"damage":71,"enemies":"downfall:Watcher","floor":16,"turns":5},{"damage":69,"enemies":"downfall:LadyInBlue","floor":21,"turns":4},{"damage":54,"enemies":"downfall:FleeingMerchant","floor":22,"turns":4},{"damage":56,"enemies":"Gremlin Leader","floor":23,"turns":4},{"damage":80,"enemies":"Nightmare","floor":25,"turns":5},{"damage":75,"enemies":"Gremlin Leader","floor":27,"turns":5},{"damage":36,"enemies":"3 Byrds","floor":29,"turns":5},{"damage":36,"enemies":"Shell Parasite","floor":30,"turns":3},{"damage":84,"enemies":"Centurion and Healer","floor":31,"turns":7},{"damage":36,"enemies":"Snecko","floor":32,"turns":5},{"damage":89,"enemies":"downfall:Defect","floor":33,"turns":7},{"damage":39,"enemies":"downfall:FleeingMerchant","floor":36,"turns":4},{"damage":47,"enemies":"Orb Walker","floor":39,"turns":3},{"damage":105,"enemies":"Nemesis","floor":42,"turns":5},{"damage":39,"enemies":"3 Shapes","floor":45,"turns":3},{"damage":97,"enemies":"Maw","floor":46,"turns":4},{"damage":33,"enemies":"Writhing Mass","floor":48,"turns":1},{"damage":21,"enemies":"4 Shapes","floor":49,"turns":2}],"seed_played":"6718462770978090769","potions_obtained":[{"floor":4,"key":"champ:CounterPotion"},{"floor":12,"key":"SteroidPotion"},{"floor":14,"key":"Explosive Potion"},{"floor":21,"key":"FairyPotion"},{"floor":21,"key":"conspire:TimeTravelPotion"},{"floor":25,"key":"champ:OpenerPotion"},{"floor":31,"key":"champ:CounterPotion"},{"floor":39,"key":"PowerPotion"},{"floor":45,"key":"champ:CounterPotion"}],"is_trial":false,"path_per_floor":["R_BF","M","R","M","?","R","T","?","R","E","?","M","M","M","M","B",null,"R","?","?","?","$","E","T","NM","R","E","AVR","M","M","M","M","B",null,"R","$","?","R","M","AVR","T","E","R","R","M","M","T","M","M"],"character_chosen":"THE_CHAMP","items_purchased":["MerchantsRug","halation:Sosunser","champ:FlashCut","conspire:Dentures","OrangePellets","Quantum Egg","champ:ShieldWall"],"campfire_rested":1,"item_purchase_floors":[22,22,22,36,36,36,36],"current_hp_per_floor":[90,81,81,80,80,80,80,80,80,68,56,59,55,48,62,49,98,98,98,98,99,100,86,86,72,72,103,103,104,94,106,107,108,108,108,109,109,109,110,110,110,39,72,72,48,41,41,21,0,0],"gold":797,"neow_bonus":"BOSS_RELIC","is_daily":false,"chose_seed":false,"campfire_upgraded":8,"win_rate":0.0,"timestamp":1608128036,"path_taken":["R_BF","M","R","M","?","R","T","?","R","E","?","M","?","?","M","BOSS","R","?","?","?","$","E","T","NM","R","E","AVR","M","M","?","M","BOSS","R","$","?","R","M","AVR","T","E","R","R","M","?","?","M","M"],"items_purchased_type":["Relic","Relic","Card","Relic","Relic","Relic","Card"],"build_version":"2020-12-13","purchased_purges":3,"victory":false,"max_hp_per_floor":[90,91,91,92,92,92,92,92,92,93,93,94,95,96,97,98,98,98,98,98,99,100,101,101,102,102,103,103,104,105,106,107,108,108,108,109,109,109,110,110,110,111,111,111,112,113,113,114,114,114],"card_choices":[{"not_picked":["champ:BringItOn","champ:TornadoPunch"],"picked":"champ:BerserkerStyle","floor":2},{"not_picked":["champ:TornadoPunch","champ:Encircle"],"picked":"champ:IronFortress","floor":4},{"not_picked":["champ:GladiatorStyle","champ:PerfectedStrike"],"picked":"champ:FocusedBerserking","floor":10},{"not_picked":["champ:Duel","champ:IronFortress"],"picked":"champ:FocusedGladiator","floor":12},{"not_picked":["champ:SwordSigil","champ:ShieldSigil"],"picked":"champ:Balance","floor":13},{"not_picked":["champ:Backstep","champ:FocusedBerserking"],"picked":"champ:RecklessLeap","floor":14},{"not_picked":["champ:Encircle","champ:PerfectedStrike"],"picked":"champ:FanOfKnives","floor":15},{"not_picked":["champ:HeavySlash","champ:ShieldThrow"],"picked":"champ:VampiricStrike","floor":16},{"not_picked":["champ:FanOfKnives","champ:AdrenalArmor"],"picked":"champ:SteelEdge","floor":22},{"not_picked":["champ:HeartStrike+1","champ:Encircle","champ:AdrenalArmor"],"picked":"SKIP","floor":23},{"not_picked":["champ:FocusedBerserking","champ:SwordSigil"],"picked":"champ:ShieldSigil+1","floor":25},{"not_picked":["champ:FanOfKnives+1","champ:FaceSlap"],"picked":"champ:CrookedStrike+1","floor":27},{"not_picked":["champ:DeathBlow","champ:Riposte"],"picked":"champ:DefensiveShout+1","floor":29},{"not_picked":["champ:FocusedGladiator+1","champ:GladiatorStyle"],"picked":"champ:RageSigil+1","floor":30},{"not_picked":["champ:StanceDance","champ:PreciseThrust+1"],"picked":"champ:CalledShot","floor":31},{"not_picked":["champ:GutPunch","champ:FocusedGladiator"],"picked":"champ:Shatter","floor":32},{"not_picked":["champ:PerfectForm","champ:Devastate"],"picked":"champ:HoldFirm","floor":33},{"not_picked":["champ:RageSigil+1","champ:PerfectForm","champ:HeartStrike+1"],"picked":"SKIP","floor":36},{"not_picked":["champ:BringItOn+1","champ:ViciousMockery+1"],"picked":"champ:EndlessRage","floor":39},{"not_picked":["champ:ViciousMockery","champ:FlashCut","champ:ShieldThrow"],"picked":"SKIP","floor":42},{"not_picked":["champ:FanOfKnives+1","champ:StanceDance"],"picked":"champ:FlashCut+1","floor":45},{"not_picked":["champ:BladeFlurry","champ:SwordSigil+1"],"picked":"champ:StanceDance+1","floor":46},{"not_picked":["champ:BladeFlurry","champ:Backstep","champ:PerfectedStrike"],"picked":"SKIP","floor":48}],"player_experience":429436,"relics_obtained":[{"floor":7,"key":"aspiration:StickyExplosives"},{"floor":10,"key":"SpikesRelics:DaevaFist"},{"floor":15,"key":"wanderingMiniBosses:OtherGremlinHorn"},{"floor":21,"key":"Potion Belt"},{"floor":23,"key":"Nunchaku"},{"floor":24,"key":"ReplayFunnel"},{"floor":25,"key":"StuffTheSpire:MayFlowers"},{"floor":27,"key":"infinitespire:WardingShard"},{"floor":41,"key":"halation:KoshaPiece"},{"floor":42,"key":"testmod-Muramasa"},{"floor":47,"key":"testmod-InfectionSource"}],"event_choices":[{"damage_healed":0,"gold_gain":0,"player_choice":"Grow","damage_taken":0,"max_hp_gain":0,"max_hp_loss":0,"event_name":"Living Wall","floor":1,"gold_loss":0,"cards_upgraded":["champ:Taunt"]},{"damage_healed":0,"gold_gain":0,"player_choice":"Agree","damage_taken":0,"max_hp_gain":0,"max_hp_loss":0,"event_name":"conspire:LoneGhost","floor":5,"gold_loss":0},{"damage_healed":0,"gold_gain":0,"player_choice":"Relic ","damage_taken":12,"max_hp_gain":0,"max_hp_loss":0,"event_name":"betterThird:BetterScrap","floor":11,"gold_loss":0,"cards_obtained":["Static Discharge"]},{"damage_healed":0,"gold_gain":0,"cards_transformed":["conspire:GhostlyStrike"],"player_choice":"Transformed","damage_taken":0,"max_hp_gain":0,"max_hp_loss":0,"event_name":"Transmorgrifier","floor":20,"gold_loss":0,"cards_obtained":["testmod-Bloodthirsty"]}],"is_beta":false,"boss_relics":[{"not_picked":["testmod-Prudence","Empty Cage"],"picked":"halation:MonkeysPaw"},{"not_picked":["aspiration:FutureDiary","jedi:battlestandard"],"picked":"CosmicIsotope"}],"items_purged_floors":[28,36,40],"is_endless":true,"potions_floor_spawned":[4,12,14,15,25,27,29,30,31,39,45],"killed_by":"4 Shapes","ascension_level":1}}