{"host":"Jinnai","time":1608100253,"event":{"mods":["BaseMod","Bestiary","Block Reminder","Colored Map","Colored Powertips","Highlight Path","Keyboard Shortcuts","Minty Spire (QoL Compilation)","Quick Restart","Relic Stats"],"gold_per_floor":[111,25,100,110,160,160,195,215,215,215,215,249,267,277,277,351,351,351,351],"floor_reached":18,"playtime":552,"items_purged":[],"score":380,"play_id":"960048aa-454c-442e-83d0-d4a913c6d1d1","local_time":"20201216013053","is_ascension_mode":true,"campfire_choices":[{"data":"EmptyFist","floor":6,"key":"SMITH"},{"data":"Consecrate","floor":10,"key":"SMITH"},{"data":"SignatureMove","floor":15,"key":"SMITH"}],"circlet_count":0,"master_deck":["AscendersBane","Strike_P","Strike_P","Strike_P","Strike_P","Defend_P","Defend_P","Defend_P","Eruption","Vigilance","FlyingSleeves","BattleHymn","EmptyFist+1","Fasting2","Consecrate+1","SignatureMove+1","Fasting2","ThirdEye","Fasting2","DevaForm"],"relics":["PureWater","NeowsBlessing","Gambling Chip","StrikeDummy","Tiny Chest","Black Star"],"acts_visited":["Exordium","TheCity"],"potions_floor_usage":[16,16],"damage_taken":[{"damage":0,"enemies":"2 Louse","floor":1,"turns":1},{"damage":0,"enemies":"Cultist","floor":4,"turns":1},{"damage":0,"enemies":"Lagavulin","floor":7,"turns":1},{"damage":4,"enemies":"Small Slimes","floor":8,"turns":3},{"damage":11,"enemies":"Gremlin Nob","floor":12,"turns":3},{"damage":6,"enemies":"Looter","floor":13,"turns":2},{"damage":1,"enemies":"Large Slime","floor":14,"turns":2},{"damage":16,"enemies":"Hexaghost","floor":16,"turns":7},{"damage":60,"enemies":"3 Byrds","floor":18,"turns":5}],"seed_played":"1423787965638848181","potions_obtained":[{"floor":7,"key":"Regen Potion"},{"floor":8,"key":"Weak Potion"},{"floor":16,"key":"DuplicationPotion"}],"is_trial":false,"path_per_floor":["M","$","?","M","?","R","E","M","T","R","?","E","M","M","R","B",null,"M"],"character_chosen":"WATCHER","items_purchased":["BattleHymn"],"campfire_rested":0,"item_purchase_floors":[2],"current_hp_per_floor":[61,61,50,50,50,50,50,46,46,46,46,35,29,28,28,27,58,0,0],"gold":351,"neow_bonus":"THREE_ENEMY_KILL","is_daily":false,"chose_seed":false,"campfire_upgraded":3,"win_rate":0.0,"timestamp":1608100253,"path_taken":["M","$","?","M","?","R","E","?","T","R","?","E","M","M","R","BOSS","M"],"items_purchased_type":["Card"],"build_version":"2020-12-07","purchased_purges":0,"victory":false,"max_hp_per_floor":[68,68,68,68,68,68,68,68,68,68,68,68,68,68,68,68,68,68,68],"relic_stats":{"counters":[9,25],"Gambling Chip":[16],"Tiny Chest":0,"Black Star":0,"obtain_stats":[{"NeowsBlessing":0,"Gambling Chip":7,"Tiny Chest":12,"Black Star":17,"PureWater":0,"StrikeDummy":9},{"NeowsBlessing":0,"Gambling Chip":3,"Tiny Chest":5,"Black Star":8,"PureWater":0,"StrikeDummy":4},{"NeowsBlessing":0,"Gambling Chip":3,"Tiny Chest":9,"Black Star":20,"PureWater":0,"StrikeDummy":6}]},"card_choices":[{"not_picked":["Fasting2","Swivel"],"picked":"FlyingSleeves","floor":1},{"not_picked":["JustLucky","Vengeance"],"picked":"EmptyFist","floor":4},{"not_picked":["Evaluate","EmptyMind"],"picked":"Fasting2","floor":7},{"not_picked":["EmptyFist","FollowUp"],"picked":"Consecrate","floor":8},{"not_picked":["EmptyBody","Evaluate"],"picked":"Fasting2","floor":12},{"not_picked":["ClearTheMind","FlyingSleeves"],"picked":"ThirdEye","floor":13},{"not_picked":["SashWhip","EmptyFist"],"picked":"Fasting2","floor":14},{"not_picked":["LessonLearned","Blasphemy"],"picked":"DevaForm","floor":16}],"player_experience":1480275,"relics_obtained":[{"floor":7,"key":"Gambling Chip"},{"floor":9,"key":"StrikeDummy"},{"floor":12,"key":"Tiny Chest"}],"event_choices":[{"damage_healed":0,"gold_gain":75,"player_choice":"Gather Gold","damage_taken":11,"max_hp_gain":0,"max_hp_loss":0,"event_name":"World of Goop","floor":3,"gold_loss":0},{"damage_healed":0,"gold_gain":50,"player_choice":"Pray","damage_taken":0,"max_hp_gain":0,"max_hp_loss":0,"event_name":"Golden Shrine","floor":5,"gold_loss":0},{"damage_healed":0,"gold_gain":0,"cards_transformed":["Defend_P"],"player_choice":"Change","damage_taken":0,"max_hp_gain":0,"max_hp_loss":0,"event_name":"Living Wall","floor":11,"gold_loss":0,"cards_obtained":["SignatureMove"]}],"is_beta":true,"boss_relics":[{"not_picked":["Runic Dome","Ectoplasm"],"picked":"Black Star"}],"items_purged_floors":[],"is_endless":false,"potions_floor_spawned":[7,8,14,16],"killed_by":"3 Byrds","ascension_level":19}}