{"host":"nwyj08ts91jkyezn","time":1608090666,"event":{"mods":["AchievementEnabler","BaseMod","Colored Map","DeckTracker","Minty Spire (QoL Compilation)","Rare Cards Sparkle","StSLib","SuperFastMode","everything is the same but u backflip on backflip"],"gold_per_floor":[111,111,61,61,72,72,104,4,4,32,43,43,75,23,23,126,126,141,157,173,193,193,193,227,79,150,182,182,248,298,310,310,407,407,420,438,488,588,638,638,667,717,717,717,717],"floor_reached":44,"playtime":1657,"items_purged":["Decay"],"score":680,"play_id":"92325383-dd40-4d9c-a1e3-ed2a16e6088b","local_time":"20201216125106","is_ascension_mode":true,"campfire_choices":[{"data":"Zap","floor":6.0,"key":"SMITH"},{"floor":15.0,"key":"DIG"},{"data":"Loop","floor":28,"key":"SMITH"},{"floor":32,"key":"REST"},{"data":"Capacitor","floor":40,"key":"SMITH"}],"circlet_count":0,"master_deck":["Strike_B","Strike_B","Defend_B","Defend_B","Defend_B","Defend_B","Zap+1","Dualcast+1","Loop+1","Barrage","Coolheaded+1","Hologram","Hologram","Capacitor","Reinforced Body","Biased Cognition","Glacier+1","Recycle","Capacitor+1","Leap+1","Redo","Core Surge","Undo","Reinforced Body+1","Self Repair+1"],"relics":["Cracked Core","NeowsBlessing","Shovel","War Paint","Cables","Shuriken","Akabeko","Sozu","HornCleat","SsserpentHead","WingedGreaves","DataDisk","Symbiotic Virus","StoneCalendar","Kunai","Black Star","Prayer Wheel","Vajra","Mango","Darkstone Periapt"],"acts_visited":["Exordium","TheCity","TheBeyond"],"potions_floor_usage":[33],"damage_taken":[{"damage":0.0,"enemies":"Small Slimes","floor":1.0,"turns":1.0},{"damage":0.0,"enemies":"2 Louse","floor":5.0,"turns":1.0},{"damage":0.0,"enemies":"3 Sentries","floor":7.0,"turns":1.0},{"damage":33.0,"enemies":"Gremlin Nob","floor":10.0,"turns":4.0},{"damage":1.0,"enemies":"Cultist","floor":11.0,"turns":3.0},{"damage":15.0,"enemies":"Lagavulin","floor":13.0,"turns":6.0},{"damage":14.0,"enemies":"Hexaghost","floor":16.0,"turns":9.0},{"damage":5.0,"enemies":"Shell Parasite","floor":18.0,"turns":5.0},{"damage":9.0,"enemies":"Chosen","floor":19.0,"turns":5.0},{"damage":2.0,"enemies":"Snecko","floor":20.0,"turns":4.0},{"damage":11.0,"enemies":"Sentry and Sphere","floor":21.0,"turns":8.0},{"damage":0.0,"enemies":"Gremlin Leader","floor":24.0,"turns":7.0},{"damage":2,"enemies":"Book of Stabbing","floor":27,"turns":5},{"damage":18,"enemies":"Centurion and Healer","floor":29,"turns":3},{"damage":0,"enemies":"Snecko","floor":31,"turns":3},{"damage":3,"enemies":"Champ","floor":33,"turns":8},{"damage":0,"enemies":"Orb Walker","floor":35,"turns":3},{"damage":0,"enemies":"3 Shapes","floor":36,"turns":5},{"damage":0,"enemies":"Mind Bloom Boss Battle","floor":38,"turns":6},{"damage":18,"enemies":"Nemesis","floor":41,"turns":5},{"damage":70,"enemies":"Jaw Worm Horde","floor":44,"turns":5}],"seed_played":"-3360708223803256251","potions_obtained":[{"floor":5.0,"key":"PowerPotion"},{"floor":11.0,"key":"LiquidMemories"},{"floor":16.0,"key":"Swift Potion"}],"is_trial":false,"path_per_floor":["M","?","?","?","M","R","E","$","T","E","M","$","E","$","R","B",null,"M","M","M","M","?","?","E","$","T","E","R","M","T","M","R","B",null,"M","M","?","?","?","R","E","?","T","M"],"character_chosen":"DEFECT","items_purchased":["Hologram","PowerPotion","DataDisk"],"campfire_rested":1,"item_purchase_floors":[8,14,25],"current_hp_per_floor":[75,75,75,75,75,75,75,75,75,42,41,41,26,26,26,12,75,70,61,59,48,48,48,48,48,48,46,46,28,28,28,50,47,75,75,75,71,71,71,71,67,67,67,0,0],"gold":717,"neow_bonus":"THREE_ENEMY_KILL","is_daily":false,"chose_seed":false,"campfire_upgraded":3,"win_rate":0.0,"timestamp":1608090666,"path_taken":["M","?","?","?","?","R","E","?","T","E","M","$","E","?","R","BOSS","M","M","M","M","?","?","E","$","T","E","R","?","?","M","R","BOSS","M","M","?","?","?","R","E","?","T","M"],"items_purchased_type":["Card","Potion","Relic"],"build_version":"2020-12-13","purchased_purges":1,"victory":false,"max_hp_per_floor":[75,75,75,75,75,75,75,75,75,75,75,75,75,75,75,75,75,75,75,75,75,75,75,75,75,75,75,75,75,75,75,75,75,75,75,75,71,71,71,71,85,85,85,85,85],"card_choices":[{"not_picked":["Streamline","Sweeping Beam"],"picked":"Loop","floor":1.0},{"not_picked":["Leap","Barrage","Steam"],"picked":"SKIP","floor":5.0},{"not_picked":["Stack","Recycle"],"picked":"Coolheaded","floor":7.0},{"not_picked":["Aggregate","Rip and Tear"],"picked":"Hologram","floor":10.0},{"not_picked":["Rebound","Cold Snap"],"picked":"Capacitor","floor":11.0},{"not_picked":["Cold Snap","Compile Driver"],"picked":"Reinforced Body","floor":13.0},{"not_picked":["Core Surge","Seek"],"picked":"Biased Cognition","floor":16.0},{"not_picked":["Sweeping Beam+1","Turbo"],"picked":"Glacier+1","floor":18.0},{"not_picked":["Beam Cell+1","Sweeping Beam+1","Hologram+1"],"picked":"SKIP","floor":19.0},{"not_picked":["Go for the Eyes","Steam"],"picked":"Recycle","floor":20.0},{"not_picked":["Genetic Algorithm+1","Leap"],"picked":"Doom and Gloom","floor":21.0},{"not_picked":["Consume","Stack"],"picked":"Capacitor","floor":24.0},{"not_picked":["Steam","Barrage"],"picked":"Leap+1","floor":27},{"not_picked":["Stack+1","Streamline","Steam"],"picked":"SKIP","floor":29},{"not_picked":["Streamline","Barrage"],"picked":"Redo","floor":31},{"not_picked":["Biased Cognition","Machine Learning"],"picked":"Core Surge","floor":33},{"not_picked":["Hello World+1","Hologram"],"picked":"Undo","floor":35},{"not_picked":["Stack","Double Energy"],"picked":"Reinforced Body+1","floor":36},{"not_picked":["Cold Snap","Steam+1"],"picked":"Self Repair+1","floor":41}],"player_experience":1061199,"relics_obtained":[{"floor":7.0,"key":"Shovel"},{"floor":9.0,"key":"War Paint"},{"floor":10.0,"key":"Cables"},{"floor":13.0,"key":"Shuriken"},{"floor":15.0,"key":"Akabeko"},{"floor":24.0,"key":"WingedGreaves"},{"floor":26.0,"key":"Symbiotic Virus"},{"floor":27,"key":"StoneCalendar"},{"floor":30,"key":"Kunai"},{"floor":38,"key":"Prayer Wheel"},{"floor":41,"key":"Vajra"},{"floor":41,"key":"Mango"},{"floor":43,"key":"Darkstone Periapt"}],"event_choices":[{"damage_healed":0.0,"max_hp_gain":0.0,"max_hp_loss":0.0,"gold_gain":0.0,"cards_transformed":["Strike_B"],"event_name":"Living Wall","player_choice":"Change","floor":2.0,"gold_loss":0.0,"damage_taken":0.0,"cards_obtained":["Barrage"]},{"cards_removed":["Strike_B"],"damage_healed":0.0,"max_hp_gain":0.0,"max_hp_loss":0.0,"gold_gain":0.0,"event_name":"The Cleric","player_choice":"Card Removal","floor":3.0,"gold_loss":50.0,"damage_taken":0.0},{"damage_healed":0.0,"max_hp_gain":0.0,"max_hp_loss":0.0,"gold_gain":0.0,"event_name":"Wheel of Change","player_choice":"Cursed","floor":4.0,"gold_loss":0.0,"damage_taken":0.0,"cards_obtained":["Decay"]},{"damage_healed":0.0,"max_hp_gain":0.0,"max_hp_loss":0.0,"gold_gain":0.0,"event_name":"The Mausoleum","player_choice":"Opened","floor":22.0,"gold_loss":0.0,"damage_taken":0.0,"relics_obtained":["HornCleat"]},{"damage_healed":0.0,"max_hp_gain":0.0,"max_hp_loss":0.0,"gold_gain":0.0,"event_name":"FaceTrader","player_choice":"Trade","floor":23.0,"gold_loss":0.0,"damage_taken":0.0,"relics_obtained":["SsserpentHead"]},{"damage_healed":0,"gold_gain":0,"player_choice":"Max HP","damage_taken":0,"max_hp_gain":0,"max_hp_loss":4,"event_name":"Winding Halls","floor":37,"gold_loss":0},{"damage_healed":0,"gold_gain":0,"player_choice":"Fight","damage_taken":0,"max_hp_gain":0,"max_hp_loss":0,"event_name":"MindBloom","floor":38,"gold_loss":0},{"damage_healed":0,"gold_gain":0,"player_choice":"Ignored","damage_taken":0,"max_hp_gain":0,"max_hp_loss":0,"event_name":"Tomb of Lord Red Mask","floor":39,"gold_loss":0},{"cards_removed":["Doom and Gloom"],"damage_healed":0,"gold_gain":0,"player_choice":"Removed Attack","damage_taken":0,"max_hp_gain":0,"max_hp_loss":0,"event_name":"Falling","floor":42,"gold_loss":0}],"is_beta":false,"boss_relics":[{"not_picked":["Runic Pyramid","Philosopher\u0027s Stone"],"picked":"Sozu"},{"not_picked":["Busted Crown","SacredBark"],"picked":"Black Star"}],"items_purged_floors":[8],"is_endless":false,"potions_floor_spawned":[5,11,16,18,21,24,35],"killed_by":"Jaw Worm Horde","ascension_level":4}}