{"host":"Rich","time":1608085139,"event":{"mods":["AchievementEnabler","BaseMod","Highlight Path","Minty Spire (QoL Compilation)","Relic Stats"],"gold_per_floor":[117,136,146,146,160,192,192,61,61,61,61,0,29,45,45,118,118,137,137,227,244,244,244],"floor_reached":22,"playtime":855,"items_purged":["Strike_G"],"score":388,"play_id":"2c200fbc-6817-4d78-92fd-b0937a214021","local_time":"20201215211859","is_ascension_mode":true,"campfire_choices":[{"floor":7.0,"key":"REST"},{"data":"Noxious Fumes","floor":10.0,"key":"SMITH"},{"floor":15,"key":"REST"}],"circlet_count":0,"master_deck":["AscendersBane","Strike_G","Strike_G","Strike_G","Strike_G+1","Defend_G","Defend_G+1","Defend_G","Defend_G+1","Defend_G+1","Survivor","Neutralize","Backstab","Noxious Fumes+1","Dagger Spray","Caltrops","PiercingWail","Parasite","Adrenaline","Crippling Poison","Decay","Backflip"],"relics":["Ring of the Snake","Dead Branch","White Beast Statue","War Paint","Fusion Hammer"],"acts_visited":["Exordium","TheCity"],"potions_floor_usage":[13,13,14,16,16],"damage_taken":[{"damage":0.0,"enemies":"Cultist","floor":1.0,"turns":4.0},{"damage":0.0,"enemies":"Small Slimes","floor":2.0,"turns":3.0},{"damage":0.0,"enemies":"2 Louse","floor":3.0,"turns":3.0},{"damage":0.0,"enemies":"Large Slime","floor":5.0,"turns":4.0},{"damage":25.0,"enemies":"Lagavulin","floor":6.0,"turns":7.0},{"damage":19,"enemies":"Gremlin Nob","floor":13,"turns":4},{"damage":0,"enemies":"3 Louse","floor":14,"turns":1},{"damage":53,"enemies":"Slime Boss","floor":16,"turns":13},{"damage":18,"enemies":"Spheric Guardian","floor":18,"turns":7},{"damage":7,"enemies":"2 Thieves","floor":21,"turns":4},{"damage":11,"enemies":"Snecko","floor":22,"turns":5}],"seed_played":"-2903261225821251286","potions_obtained":[{"floor":2.0,"key":"PowerPotion"},{"floor":6.0,"key":"EntropicBrew"},{"floor":13,"key":"Regen Potion"},{"floor":14,"key":"GhostInAJar"},{"floor":16,"key":"LiquidBronze"},{"floor":18,"key":"Ancient Potion"}],"is_trial":false,"path_per_floor":["M","M","M","?","M","E","R","$","T","R","?","?","E","M","R","B",null,"M","?","?","M","M"],"character_chosen":"THE_SILENT","items_purchased":["PiercingWail"],"campfire_rested":2,"item_purchase_floors":[8],"current_hp_per_floor":[59,59,59,41,41,16,34,34,34,34,49,49,30,30,48,10,48,30,30,18,11,0,0],"gold":244,"neow_bonus":"ONE_RARE_RELIC","is_daily":false,"chose_seed":false,"campfire_upgraded":1,"win_rate":0.0,"timestamp":1608085139,"path_taken":["M","M","?","?","M","E","R","$","T","R","?","?","E","M","R","BOSS","M","?","?","M","M"],"items_purchased_type":["Card"],"build_version":"2020-12-07","purchased_purges":1,"victory":false,"max_hp_per_floor":[60,60,60,60,60,60,60,60,60,60,60,60,60,60,60,60,60,60,60,60,60,60,60],"relic_stats":{"counters":[11,55],"Dead Branch":[41],"War Paint":["Defend_G","Defend_G"],"obtain_stats":[{"Dead Branch":0,"Fusion Hammer":17,"War Paint":13,"White Beast Statue":6,"Ring of the Snake":0},{"Dead Branch":0,"Fusion Hammer":8,"War Paint":6,"White Beast Statue":5,"Ring of the Snake":0},{"Dead Branch":0,"Fusion Hammer":39,"War Paint":25,"White Beast Statue":21,"Ring of the Snake":0}],"Ring of the Snake":[22]},"card_choices":[{"not_picked":["PiercingWail","Sucker Punch"],"picked":"Backstab","floor":1.0},{"not_picked":["Choke","Predator"],"picked":"Noxious Fumes","floor":2.0},{"not_picked":["Accuracy","Sucker Punch"],"picked":"Dagger Spray","floor":3.0},{"not_picked":["Deflect","All Out Attack"],"picked":"Caltrops","floor":5.0},{"not_picked":["Accuracy","Phantasmal Killer","Acrobatics"],"picked":"SKIP","floor":6.0},{"not_picked":["Dagger Throw","Terror","Blade Dance"],"picked":"SKIP","floor":13},{"not_picked":["Outmaneuver","Tactician","Cloak And Dagger"],"picked":"SKIP","floor":14},{"not_picked":["A Thousand Cuts","Phantasmal Killer"],"picked":"Adrenaline","floor":16},{"not_picked":["Underhanded Strike","Reflex"],"picked":"Crippling Poison","floor":18},{"not_picked":["Quick Slash","Outmaneuver"],"picked":"Backflip","floor":21}],"player_experience":1906120,"relics_obtained":[{"floor":6.0,"key":"White Beast Statue"},{"floor":13,"key":"War Paint"}],"event_choices":[{"damage_healed":0.0,"max_hp_gain":0.0,"max_hp_loss":0.0,"gold_gain":0.0,"event_name":"Shining Light","player_choice":"Entered Light","floor":4.0,"gold_loss":0.0,"damage_taken":18.0,"cards_upgraded":["Defend_G","Strike_G"]},{"damage_healed":15.0,"max_hp_gain":0.0,"max_hp_loss":0.0,"gold_gain":0.0,"event_name":"Mushrooms","player_choice":"Healed and dodged fight","floor":11.0,"gold_loss":0.0,"damage_taken":0.0,"cards_obtained":["Parasite"]},{"damage_healed":0,"gold_gain":0,"player_choice":"Left Gold","damage_taken":0,"max_hp_gain":0,"max_hp_loss":0,"event_name":"World of Goop","floor":12,"gold_loss":61},{"damage_healed":0,"gold_gain":0,"player_choice":"Smashed Altar","damage_taken":0,"max_hp_gain":0,"max_hp_loss":0,"event_name":"Forgotten Altar","floor":19,"gold_loss":0,"cards_obtained":["Decay"]},{"damage_healed":0,"gold_gain":90,"player_choice":"GOLD ","damage_taken":12,"max_hp_gain":0,"max_hp_loss":0,"event_name":"Knowing Skull","floor":20,"potions_obtained":[],"gold_loss":0,"cards_obtained":[]}],"is_beta":true,"boss_relics":[{"not_picked":["Ring of the Serpent","Velvet Choker"],"picked":"Fusion Hammer"}],"items_purged_floors":[8],"is_endless":false,"potions_floor_spawned":[2,6,13,14,16,18,21],"killed_by":"Snecko","ascension_level":20}}