{"host":"0azimyi6n3ugndj4","time":1608128194,"event":{"mods":["BaseMod","Bestiary","Conspire","Curses Come First","Defuse TimeMaze Blight","Hyrulean Relics","Infinite Spire","Minty Spire (QoL Compilation)","Relic Stats","Replay The Spire","StSLib","SuperFastMode","Uncapped","¡¼?Úª?ø«¡½REMEMod"],"gold_per_floor":[99,99,99,99,99,192,237,324,369,444,444,444,477,35,35,275,275,359,191,263,263,188,188,188,188,188,293,343,343,439,439,439,706,706,784,865,547,688,688,826,466,589,589,589,589,589],"floor_reached":45,"playtime":671,"items_purged":["Amnesia"],"score":1559,"play_id":"90adb82e-75ca-4882-8d9f-d96ca152a43f","local_time":"20201216231634","daily_mods":["Draft","Hoarder","Chimera","Shiny","Specialized","Vintage","ControlledChaos","Allstar","Diverse","Colorless Cards","Heirloom","Time Dilation","Flight","Binary","Elite Swarm","Lethality","Midas","Binary"],"is_ascension_mode":true,"campfire_choices":[],"circlet_count":0,"master_deck":["Demon Form","Wraith Form v2+1","Echo Form","DevaForm","AscendersBane","Survivor","Zap","Strike_R","Strike_G","Strike_B","Defend_R","Defend_G","Defend_P","Brilliance","Devotion","Replay:AllIn","LessonLearned","Vault","Alpha","Establishment","REME_WorshipGod","Replay:LoomingThreat","DeusExMachina","Judgement","ConjureBlade","REME_EmptyShield","MasterReality","Ragnarok","REME_CRH","Scrawl","Wish","Omniscience","SpiritShield","DevaForm","Hyperbeam","Machine Learning","Buffer","Mirror Shield","Seek","Echo Form","All For One","Reboot","Fission","Core Surge","Multi-Cast","Thunder Strike","Biased Cognition","REME_Shoggoth","Electrodynamics","ReplayRNGCard","ReplayTheSpireMod:Omega Cannon","Rainbow","Meteor Strike","Amplify","Creative AI","REME_ShadowForm","ReplayTheSpireMod:Necrosis","Corpse Explosion","Die Die Die","Atom Bomb","ReplayTheSpireMod:From All Sides","Adrenaline","Envenom","Doppelganger","Burst","Wraith Form v2","REME_SpectralBlade","Tools of the Trade","REME_CopyPotion","After Image","Poison Darts","A Thousand Cuts","Venomology","Replay:Bag of Tricks","Malaise+1","Phantasmal Killer","Night Terror","infinitespire:Neurotoxin","Unload","Bullet Time","Storm of Steel","Glass Knife","Double Tap","Demon Form","REME_ACTH","Fiend Fire","Eclipse","conspire:Purge","Berserk","Impervious","Juggernaut","Brutality","Demonic Infusion","conspire:HitWhereItHurts","Exhume","Offering","REME_Fury","Bludgeon","Feed","Replay:Many Hands","Limit Break","Corruption","Barricade","Hemogenesis","REME_TheLastStrike","Reaper","Immolate","Thinking Ahead","Metamorphosis","Master of Strategy","Magnetism","Chrysalis","Mayhem","REME_PuzzleBox","Secret Weapon","Midas Touch","ReplayTheSpireMod:Brewmster","REME_AllRoundStrike","Poisoned Strike","Sadistic Nature","Replay:Dark Deal","REME_Flogging","ReplayUltimateDefense","Transmutation","REME_BattleFury","HandOfGreed","ReplayTheSpireMod:Necrogeddon","Apotheosis","Panache","Violence","Secret Technique","The Bomb","Crow Ritual","REME_BuildACard","REME_ProfessionalPlagiarism","Spot Weakness","Spot Weakness","Spot Weakness","Spot Weakness","Spot Weakness","Spot Weakness","Spot Weakness","Spot Weakness","Spot Weakness","Spot Weakness","Spot Weakness","Spot Weakness","Spot Weakness","Spot Weakness","Spot Weakness","Replay:Undeath\u0027s Touch","Replay:Undeath\u0027s Touch","Replay:Undeath\u0027s Touch","ReplayTheSpireMod:Limb From Limb","ReplayTheSpireMod:Limb From Limb","ReplayTheSpireMod:Limb From Limb","Stack","Stack","Stack","Replay:ManipulateFuture","Replay:ManipulateFuture","Replay:ManipulateFuture","Genetic Algorithm","Genetic Algorithm","Genetic Algorithm","Hologram","Hologram","Hologram","Lockon","Lockon","Lockon","Sucker Punch","Sucker Punch","Sucker Punch","Deadly Poison","Deadly Poison","Deadly Poison","REME_Scribble","REME_Scribble","REME_Scribble","BowlingBash","BowlingBash","BowlingBash","Ball Lightning","Ball Lightning","Ball Lightning","Entrench","Entrench","Entrench","Havoc","Havoc","Havoc","Rage","Rage","Rage","ReplayRNGCard","ReplayRNGCard","ReplayRNGCard","Hologram","Hologram","Hologram","Evaluate","Evaluate","Evaluate","Bash","Bash","Bash","conspire:Purge","conspire:Purge","conspire:Purge","Necronomicurse","Necronomicurse","Necronomicurse","Deflect","Deflect","Deflect","Electrodynamics","Electrodynamics","Electrodynamics","Amnesia","Amnesia","conspire:Banana","conspire:Banana","conspire:Banana","infinitespire:SealOfDarkness+","infinitespire:SealOfDarkness+","infinitespire:SealOfDarkness+","Havoc","Havoc","Havoc"],"relics":["Frozen Eye","Busted Crown","REME_ComplimentaryCards","Replay:PocketPolymizer","Replay:M_SmolderingBlood","Prayer Wheel","zeldaRelics:CourageTriforce","Chameleon Ring","zeldaRelics:WisdomTriforce","Du-Vu Doll","REME_ArchaeologicalTools","Cauldron","SacredBark","ReplayTheSpireMod:TigerMarble","King of Hearts","infinitespire:EmpoweringShard","Necronomicon","Ring of Misfortune","Ring of Peace","zeldaRelics:PowerTriforce","REME_DuelDisc","Magic Flower","Lantern","Omamori","Toy Ornithopter","Gambling Chip","SlaversCollar","infinitespire:CheckeredPen","Replay:Lucky Slots","Art of War","Gremlin Food"],"acts_visited":["Exordium","TheCity","TheBeyond"],"potions_floor_usage":[],"damage_taken":[{"damage":23.0,"enemies":"Lagavulin","floor":6.0,"turns":3.0},{"damage":23.0,"enemies":"2 Louse","floor":7.0,"turns":3.0},{"damage":3.0,"enemies":"Gremlin Nob","floor":8.0,"turns":3.0},{"damage":30.0,"enemies":"3 Sentries","floor":10.0,"turns":5.0},{"damage":0.0,"enemies":"Small Slimes","floor":13.0,"turns":2.0},{"damage":0.0,"enemies":"Slime Boss","floor":16.0,"turns":1.0},{"damage":0.0,"enemies":"Spheric Guardian","floor":18.0,"turns":1.0},{"damage":0.0,"enemies":"Chosen","floor":20.0,"turns":1.0},{"damage":9.0,"enemies":"Book of Stabbing","floor":27.0,"turns":2.0},{"damage":0.0,"enemies":"Gremlin Leader","floor":30.0,"turns":1.0},{"damage":0.0,"enemies":"conspire:MysteriousRune","floor":33.0,"turns":2.0},{"damage":0.0,"enemies":"3 Darklings","floor":35.0,"turns":2.0},{"damage":0.0,"enemies":"Orb Walker","floor":36.0,"turns":1.0},{"damage":0.0,"enemies":"conspire:MimicChest","floor":38.0,"turns":2.0},{"damage":0.0,"enemies":"Giant Head","floor":40.0,"turns":3.0},{"damage":14.0,"enemies":"Nemesis","floor":42.0,"turns":3.0},{"damage":0,"enemies":"Jaw Worm Horde","floor":45,"turns":1}],"seed_played":"9192355478972347832","potions_obtained":[{"floor":10.0,"key":"Swift Potion"},{"floor":14.0,"key":"infinitespire:BlackPotion"},{"floor":15.0,"key":"SmokeBomb"},{"floor":36.0,"key":"BloodPotion"},{"floor":44.0,"key":"FairyPotion"}],"is_trial":true,"path_per_floor":["?","?","$","?","$","E","M","E","T","E","R","?","M","$","R","B",null,"M","$","M","?","?","R","WH","R","T","E","?","?","E","?","R","B",null,"M","M","$","?","AVR","E","$","E","T","R","M"],"character_chosen":"IRONCLAD","items_purchased":["REME_ArchaeologicalTools","Cauldron","King of Hearts","Omamori","Toy Ornithopter","Replay:Lucky Slots","Art of War"],"campfire_rested":0,"item_purchase_floors":[14,14,19,37,37,41,41],"current_hp_per_floor":[68,68,68,68,68,45,40,39,39,9,9,9,9,33,33,33,68,68,68,68,47,47,47,55,55,55,46,46,46,46,46,46,48,80,80,80,80,82,82,91,91,77,77,91,91,91],"gold":589,"neow_bonus":"TEN_PERCENT_HP_BONUS","is_daily":false,"chose_seed":false,"campfire_upgraded":0,"win_rate":0.0,"timestamp":1608128194,"path_taken":["?","?","$","?","$","E","?","E","T","E","R","?","?","?","R","BOSS","M","$","M","?","?","R","WH","R","T","E","?","?","E","?","R","BOSS","M","?","$","?","AVR","E","$","E","T","R","M"],"items_purchased_type":["Relic","Relic","Relic","Relic","Relic","Relic","Relic"],"build_version":"2020-12-13","purchased_purges":1,"victory":false,"max_hp_per_floor":[75,75,75,75,75,75,78,80,80,80,80,80,80,80,80,80,80,80,80,80,80,80,80,88,88,88,88,88,88,88,88,88,90,90,90,90,90,91,91,91,91,91,91,91,91,91],"relic_stats":{"Busted Crown":32,"counters":[17,35],"Gambling Chip":[20],"Magic Flower":[1],"Prayer Wheel":0,"Necronomicon":[1],"Art of War":[0],"obtain_stats":[{"Lantern":36,"Replay:PocketPolymizer":0,"SacredBark":17,"Magic Flower":35,"King of Hearts":19,"REME_DuelDisc":34,"Burning Blood":0,"zeldaRelics:WisdomTriforce":27,"Frozen Eye":0,"Chameleon Ring":7,"Replay:M_SmolderingBlood":1,"Ring of Peace":29,"Gambling Chip":38,"Prayer Wheel":6,"Replay:Lucky Slots":41,"zeldaRelics:CouragePiece":6,"REME_ArchaeologicalTools":14,"Necronomicon":21,"zeldaRelics:PowerPiece":30,"Gremlin Food":43,"zeldaRelics:WisdomPiece":10,"Omamori":37,"infinitespire:CheckeredPen":39,"zeldaRelics:PowerTriforce":42,"zeldaRelics:CourageTriforce":9,"Du-Vu Doll":13,"Cauldron":14,"SlaversCollar":39,"Busted Crown":0,"Ring of Misfortune":29,"ReplayTheSpireMod:TigerMarble":18,"infinitespire:EmpoweringShard":20,"Art of War":41,"Toy Ornithopter":37,"REME_ComplimentaryCards":0},{"Lantern":13,"Replay:PocketPolymizer":0,"SacredBark":6,"Magic Flower":12,"King of Hearts":7,"REME_DuelDisc":11,"Burning Blood":0,"zeldaRelics:WisdomTriforce":9,"Frozen Eye":0,"Chameleon Ring":2,"Replay:M_SmolderingBlood":0,"Ring of Peace":9,"Gambling Chip":14,"Prayer Wheel":1,"Replay:Lucky Slots":15,"zeldaRelics:CouragePiece":1,"REME_ArchaeologicalTools":5,"Necronomicon":8,"zeldaRelics:PowerPiece":10,"Gremlin Food":16,"zeldaRelics:WisdomPiece":4,"Omamori":13,"infinitespire:CheckeredPen":14,"zeldaRelics:PowerTriforce":16,"zeldaRelics:CourageTriforce":3,"Du-Vu Doll":5,"Cauldron":5,"SlaversCollar":14,"Busted Crown":0,"Ring of Misfortune":9,"ReplayTheSpireMod:TigerMarble":7,"infinitespire:EmpoweringShard":8,"Art of War":15,"Toy Ornithopter":13,"REME_ComplimentaryCards":0},{"Lantern":27,"Replay:PocketPolymizer":0,"SacredBark":17,"Magic Flower":26,"King of Hearts":18,"REME_DuelDisc":24,"Burning Blood":0,"zeldaRelics:WisdomTriforce":21,"Frozen Eye":0,"Chameleon Ring":6,"Replay:M_SmolderingBlood":0,"Ring of Peace":21,"Gambling Chip":29,"Prayer Wheel":2,"Replay:Lucky Slots":32,"zeldaRelics:CouragePiece":3,"REME_ArchaeologicalTools":16,"Necronomicon":19,"zeldaRelics:PowerPiece":22,"Gremlin Food":35,"zeldaRelics:WisdomPiece":14,"Omamori":27,"infinitespire:CheckeredPen":29,"zeldaRelics:PowerTriforce":35,"zeldaRelics:CourageTriforce":9,"Du-Vu Doll":16,"Cauldron":16,"SlaversCollar":29,"Busted Crown":0,"Ring of Misfortune":21,"ReplayTheSpireMod:TigerMarble":18,"infinitespire:EmpoweringShard":19,"Art of War":32,"Toy Ornithopter":27,"REME_ComplimentaryCards":0}],"Toy Ornithopter":0},"card_choices":[{"not_picked":["CutThroughFate","Consume"],"picked":"Replay:Undeath\u0027s Touch","floor":0.0},{"not_picked":["Warcry","True Grit"],"picked":"ReplayTheSpireMod:Limb From Limb","floor":0.0},{"not_picked":["Panic Button","Steam Power"],"picked":"Stack","floor":0.0},{"not_picked":["True Grit","LikeWater"],"picked":"Replay:ManipulateFuture","floor":0.0},{"not_picked":["Steam","ReplayTheSpireMod:Limb From Limb"],"picked":"Genetic Algorithm","floor":0.0},{"not_picked":["Blade Dance","Sever Soul"],"picked":"Hologram","floor":0.0},{"not_picked":["Conserve Battery","Poisoned Stab"],"picked":"Lockon","floor":0.0},{"not_picked":["PanicButton","JustLucky"],"picked":"Sucker Punch","floor":0.0},{"not_picked":["BasicCrystalCard","Go for the Eyes"],"picked":"Deadly Poison","floor":0.0},{"not_picked":["Headbutt","Consecrate"],"picked":"REME_Scribble","floor":0.0},{"not_picked":["Bloodletting","ReplayTheSpireMod:Corrosion Curse"],"picked":"BowlingBash","floor":0.0},{"not_picked":["Heavy Blade","Reckless Charge"],"picked":"Ball Lightning","floor":0.0},{"not_picked":["Prostrate","Coolheaded"],"picked":"Entrench","floor":0.0},{"not_picked":["Body Slam","Sucker Punch"],"picked":"Havoc","floor":0.0},{"not_picked":["Replay:ManipulateFuture","conspire:PoisonWeapons"],"picked":"Rage","floor":0.0}],"player_experience":1455506,"relics_obtained":[{"floor":6.0,"key":"zeldaRelics:CouragePiece"},{"floor":7.0,"key":"Chameleon Ring"},{"floor":8.0,"key":"zeldaRelics:CouragePiece"},{"floor":9.0,"key":"zeldaRelics:CouragePiece"},{"floor":10.0,"key":"zeldaRelics:WisdomPiece"},{"floor":13.0,"key":"Du-Vu Doll"},{"floor":18.0,"key":"ReplayTheSpireMod:TigerMarble"},{"floor":20.0,"key":"infinitespire:EmpoweringShard"},{"floor":21.0,"key":"Necronomicon"},{"floor":26.0,"key":"zeldaRelics:WisdomPiece"},{"floor":27.0,"key":"zeldaRelics:WisdomPiece"},{"floor":29.0,"key":"Ring of Misfortune"},{"floor":29.0,"key":"Ring of Peace"},{"floor":30.0,"key":"zeldaRelics:PowerPiece"},{"floor":35.0,"key":"Magic Flower"},{"floor":36.0,"key":"Lantern"},{"floor":38.0,"key":"Gambling Chip"},{"floor":40.0,"key":"zeldaRelics:PowerPiece"},{"floor":42.0,"key":"zeldaRelics:PowerPiece"},{"floor":43.0,"key":"Gremlin Food"}],"event_choices":[{"cards_removed":["Eruption"],"damage_healed":0.0,"max_hp_gain":0.0,"max_hp_loss":0.0,"gold_gain":0.0,"event_name":"Purifier","player_choice":"Purged","floor":4.0,"gold_loss":0.0,"damage_taken":0.0},{"damage_healed":0.0,"max_hp_gain":0.0,"max_hp_loss":0.0,"gold_gain":0.0,"event_name":"Match and Keep!","player_choice":"2 cards matched","floor":12.0,"gold_loss":0.0,"damage_taken":0.0,"cards_obtained":["Evaluate","Bash"]},{"damage_healed":0.0,"max_hp_gain":0.0,"max_hp_loss":0.0,"gold_gain":0.0,"event_name":"Cursed Tome","player_choice":"Obtained Book","floor":21.0,"gold_loss":0.0,"damage_taken":21.0},{"cards_removed":["REME_GrazeFinale"],"damage_healed":0.0,"max_hp_gain":0.0,"max_hp_loss":0.0,"gold_gain":0.0,"event_name":"Beggar","player_choice":"Gave Gold","floor":22.0,"gold_loss":75.0,"damage_taken":0.0},{"damage_healed":0.0,"max_hp_gain":0.0,"max_hp_loss":0.0,"gold_gain":50.0,"event_name":"Nest","player_choice":"Stole From Cult","floor":28.0,"gold_loss":0.0,"damage_taken":0.0},{"damage_healed":0.0,"max_hp_gain":0.0,"max_hp_loss":0.0,"gold_gain":0.0,"event_name":"Upgrade Shrine","player_choice":"Upgraded","floor":31.0,"gold_loss":0.0,"damage_taken":0.0,"cards_upgraded":["Wraith Form v2"]}],"is_beta":false,"boss_relics":[{"not_picked":["Ring of Chaos","Abe\u0027s Treasure"],"picked":"SacredBark"},{"not_picked":["Honey Jar","ReplayTheSpireMod:DimensionalGlitch"],"picked":"REME_DuelDisc"}],"items_purged_floors":[39],"is_endless":false,"potions_floor_spawned":[10,16,18,30,36,42],"killed_by":"Jaw Worm Horde","ascension_level":20}}