{"host":"4nqeo0vu1vuav7gg","time":1608130505,"event":{"mods":["AchievementEnabler","BaseMod","Block Reminder","Colored Map","Colored Powertips","Highlight Path","Minty Spire (QoL Compilation)","Quick Restart","Rare Cards Sparkle","Relic Relevance Reorder","StSLib"],"gold_per_floor":[117,127,21,21,21,21,55,74,122,122,150,163,163,14,14,91,91,102,114,114,128,14,14,42,42,121,134,154,154,154,154],"floor_reached":30,"playtime":1128,"items_purged":["Strike_B"],"score":467,"play_id":"03bac92b-04f5-465a-a7f1-c97c6a5403bb","local_time":"20201216155505","is_ascension_mode":true,"campfire_choices":[{"data":"Zap","floor":6.0,"key":"SMITH"},{"data":"Double Energy","floor":10.0,"key":"SMITH"},{"floor":15.0,"key":"REST"},{"floor":23.0,"key":"REST"},{"floor":29,"key":"REST"}],"circlet_count":0,"master_deck":["AscendersBane","Strike_B+1","Strike_B","Strike_B","Defend_B","Defend_B","Defend_B","Defend_B","Zap+1","Dualcast","Ball Lightning+1","Static Discharge","Darkness","Double Energy+1","Barrage","Glacier","Defragment+1","Storm","Buffer","Force Field","Compile Driver","Loop","Defragment","Ball Lightning","Buffer","Cold Snap","Capacitor"],"relics":["Cracked Core","InkBottle","Lantern","Sozu","NeowsBlessing","White Beast Statue","Potion Belt"],"acts_visited":["Exordium","TheCity"],"potions_floor_usage":[],"damage_taken":[{"damage":0.0,"enemies":"Jaw Worm","floor":1.0,"turns":1.0},{"damage":0.0,"enemies":"Small Slimes","floor":2.0,"turns":1.0},{"damage":0.0,"enemies":"3 Sentries","floor":7.0,"turns":1.0},{"damage":6.0,"enemies":"Cultist","floor":8.0,"turns":2.0},{"damage":31.0,"enemies":"Gremlin Nob","floor":11.0,"turns":3.0},{"damage":3.0,"enemies":"Blue Slaver","floor":12.0,"turns":3.0},{"damage":18.0,"enemies":"The Guardian","floor":16.0,"turns":10.0},{"damage":0.0,"enemies":"Spheric Guardian","floor":18.0,"turns":3.0},{"damage":33.0,"enemies":"2 Thieves","floor":19.0,"turns":3.0},{"damage":13.0,"enemies":"Sentry and Sphere","floor":21.0,"turns":6.0},{"damage":36,"enemies":"Gremlin Leader","floor":24,"turns":7},{"damage":13,"enemies":"Snecko","floor":27,"turns":5},{"damage":4,"enemies":"Centurion and Healer","floor":28,"turns":7},{"damage":37,"enemies":"Slavers","floor":30,"turns":5}],"seed_played":"8195008110224168394","potions_obtained":[{"floor":8.0,"key":"Regen Potion"},{"floor":11.0,"key":"EssenceOfSteel"},{"floor":12.0,"key":"ColorlessPotion"}],"is_trial":false,"path_per_floor":["M","M","$","?","$","R","E","M","T","R","E","M","?","$","R","B",null,"M","M","?","M","$","R","E","?","T","M","M","R","E"],"character_chosen":"DEFECT","items_purchased":["Static Discharge","Darkness","Storm","Defragment","Ball Lightning"],"campfire_rested":3,"item_purchase_floors":[3,3,14,22,22],"current_hp_per_floor":[68,68,68,53,53,53,53,47,47,47,28,25,25,25,47,29,64,64,31,31,18,18,40,4,29,29,16,12,34,0,0],"gold":154,"neow_bonus":"THREE_ENEMY_KILL","is_daily":false,"chose_seed":false,"campfire_upgraded":2,"win_rate":0.0,"timestamp":1608130505,"path_taken":["M","M","$","?","$","R","E","M","T","R","E","M","?","?","R","BOSS","M","?","?","M","$","R","E","?","T","?","M","R","E"],"items_purchased_type":["Card","Card","Card","Card","Card"],"build_version":"2020-12-13","purchased_purges":1,"victory":false,"max_hp_per_floor":[75,75,75,75,75,75,75,75,75,75,75,75,75,75,75,75,75,75,75,75,75,75,75,75,75,75,75,75,75,75,75],"card_choices":[{"not_picked":["Hologram","Steam"],"picked":"Ball Lightning","floor":1.0},{"not_picked":["Streamline","Beam Cell","Turbo"],"picked":"SKIP","floor":2.0},{"not_picked":["Skim","Heatsinks"],"picked":"Double Energy","floor":7.0},{"not_picked":["Leap","Turbo"],"picked":"Barrage","floor":8.0},{"not_picked":["Hello World","Force Field"],"picked":"Glacier","floor":11.0},{"not_picked":["Fusion","Redo"],"picked":"Defragment","floor":12.0},{"not_picked":["Amplify","Core Surge"],"picked":"Buffer","floor":16.0},{"not_picked":["Redo","Hologram"],"picked":"Force Field","floor":18.0},{"not_picked":["Skim+1","Reinforced Body"],"picked":"Compile Driver","floor":19.0},{"not_picked":["Compile Driver","Stack"],"picked":"Loop","floor":21.0},{"not_picked":["Steam+1","Beam Cell"],"picked":"Buffer","floor":24},{"not_picked":["Ball Lightning","Undo"],"picked":"Cold Snap","floor":27},{"not_picked":["Hologram","Streamline"],"picked":"Capacitor","floor":28}],"player_experience":951155,"relics_obtained":[{"floor":7.0,"key":"Lantern"},{"floor":11.0,"key":"Potion Belt"},{"floor":24,"key":"White Beast Statue"},{"floor":26,"key":"InkBottle"}],"event_choices":[{"damage_healed":0.0,"max_hp_gain":0.0,"max_hp_loss":0.0,"gold_gain":0.0,"event_name":"Shining Light","player_choice":"Entered Light","floor":4.0,"gold_loss":0.0,"damage_taken":15.0,"cards_upgraded":["Ball Lightning","Strike_B"]},{"damage_healed":0.0,"max_hp_gain":0.0,"max_hp_loss":0.0,"gold_gain":0.0,"event_name":"Living Wall","player_choice":"Grow","floor":13.0,"gold_loss":0.0,"damage_taken":0.0,"cards_upgraded":["Defragment"]},{"damage_healed":0.0,"max_hp_gain":0.0,"max_hp_loss":0.0,"gold_gain":0.0,"event_name":"Vampires","player_choice":"Ignored","floor":20.0,"gold_loss":0.0,"damage_taken":0.0},{"damage_healed":25,"gold_gain":0,"player_choice":"Heal","damage_taken":0,"max_hp_gain":0,"max_hp_loss":0,"event_name":"The Library","floor":25,"gold_loss":0}],"is_beta":false,"boss_relics":[{"not_picked":["Ectoplasm","Pandora\u0027s Box"],"picked":"Sozu"}],"items_purged_floors":[14],"is_endless":false,"potions_floor_spawned":[8,11,12,18,21,27,28],"killed_by":"Slavers","ascension_level":13}}