{"host":"tm3ghj8mno6gwywm","time":1608093997,"event":{"mods":["2.2 Compatiblity","AchievementEnabler","Bard","BaseMod","Beaked The Cultist","Better Third Choice","Colored Map","Colored Powertips","Conspire","Downfall","Glutton Mod","GungeonMod","Halation","Hermit","Hubris","Infinite Spire","Jorbs\u0027s Wanderer Trilogy","Lobotomy","Mad Scientist","Marisa????????","Marked Mod","Mimic Mod","Minty Spire (QoL Compilation)","Potionbrewer","Quick Restart","READ ME - Guardian Mod","Replay The Spire","Shade Mod","Shop Mod","Somnambulant","Spicy Shops","StSLib","SuperFastMode","The Bug Knight","The Construct","The Cursed","The Disciple","The Factory","The Hierophant","The IronCluck","The Judge","The Jungle","The Necromancer","The Runesmith","The Servant 0.9.4","egg"],"gold_per_floor":[99,99,126,11,11,36,85,30,51,51,74,96,96,120,149,257,257,32,54,81,90,110,110,110,29,29,69,109,218,242,264,283,389,389,389,389,389],"floor_reached":36,"playtime":1519,"items_purged":[],"score":492,"play_id":"e8d720eb-4f88-46cc-8762-dae5c37f0a6b","local_time":"20201215234637","is_ascension_mode":false,"campfire_choices":[{"floor":1,"key":"RECALL"},{"floor":10,"key":"REST"},{"data":"champ:Taunt","floor":18,"key":"SMITH"},{"floor":23,"key":"REST"},{"data":"champ:Execute","floor":26,"key":"SMITH"},{"data":"champ:Defend","floor":35,"key":"SMITH"}],"circlet_count":0,"master_deck":["champ:Strike","champ:Strike","champ:Strike","champ:Strike","champ:Defend","champ:Defend","champ:Defend","champ:Defend+1","champ:Execute+1","champ:Taunt+1","champ:Riposte+1","champ:BladeFlurry+1","champ:ShieldWall+1","champ:Devastate+1","champ:TornadoPunch+1","champ:StrikeOfGenius+1","champ:CalledShot+1","champ:BringItOn+1","champ:DefensiveShout+1","champ:Duel+1","champ:PreciseThrust+1","champ:RapidStrikes+1","champ:PerfectForm+1","champ:EndlessRage+1","champ:EnragedBash+1","champ:AdrenalArmor+1","champ:Haymaker+1","champ:BladeFlurry+1","champ:PreciseThrust+1","champ:MurderStrike+1","J.A.X.+1","champ:FaceSlap+1","champ:EndlessRage+1","champ:DancingMaster+1"],"relics":["champ:ChampionCrown","Lizard Tail","Mummified Hand","Black Star","Molten Egg 2","Toxic Egg 2","Frozen Egg 2","Quantum Egg","Membership Card","downfall:HeartsMalice","Ancient Tea Set","Toy Ornithopter","Replay:Mystery Machine","CeramicFish","WingedGreaves","infinitespire:Joker Card","conspire:SpecialSausage","downfall:HeartBlessingRed","downfall:HeartBlessingGreen","downfall:HeartBlessingBlue","DemoMod:MemoryAlloy","Toolbox","DemoMod:Antibody","Snack Pack","Unceasing Top","MutagenicStrength"],"acts_visited":["Exordium","TheCity","TheBeyond"],"potions_floor_usage":[25,25,25],"damage_taken":[{"damage":0,"enemies":"Replay:BlueRogue","floor":3,"turns":1},{"damage":0,"enemies":"downfall:FleeingMerchant","floor":4,"turns":1},{"damage":0,"enemies":"Jaw Worm","floor":5,"turns":1},{"damage":18,"enemies":"3 Sentries","floor":6,"turns":7},{"damage":5,"enemies":"downfall:FleeingMerchant","floor":8,"turns":4},{"damage":4,"enemies":"Cultist","floor":9,"turns":4},{"damage":0,"enemies":"2 Louse","floor":11,"turns":1},{"damage":11,"enemies":"2 Fungi Beasts","floor":12,"turns":4},{"damage":13,"enemies":"Exordium Wildlife","floor":14,"turns":5},{"damage":2,"enemies":"Exordium Thugs","floor":15,"turns":3},{"damage":64,"enemies":"downfall:Ironclad","floor":16,"turns":9},{"damage":0,"enemies":"Chosen","floor":19,"turns":4},{"damage":20,"enemies":"Centurion and Healer","floor":20,"turns":5},{"damage":22,"enemies":"Cultist and Chosen","floor":22,"turns":5},{"damage":7,"enemies":"downfall:FleeingMerchant","floor":25,"turns":5},{"damage":4,"enemies":"Slavers","floor":27,"turns":6},{"damage":29,"enemies":"conspire:MimicChest","floor":28,"turns":6},{"damage":20,"enemies":"downfall:Augmenter","floor":29,"turns":6},{"damage":24,"enemies":"Snecko","floor":30,"turns":2},{"damage":22,"enemies":"Centurion and Healer","floor":31,"turns":5},{"damage":31,"enemies":"Shelled Parasite and Fungi","floor":32,"turns":4},{"damage":86,"enemies":"downfall:Watcher","floor":33,"turns":9},{"damage":224,"enemies":"Orin","floor":36,"turns":8}],"seed_played":"-4620084369820518074","potions_obtained":[{"floor":2,"key":"LiquidBronze"},{"floor":2,"key":"SteroidPotion"},{"floor":2,"key":"Weak Potion"},{"floor":3,"key":"champ:TechniquePotion"},{"floor":11,"key":"Languid Potion"},{"floor":14,"key":"AttackPotion"},{"floor":22,"key":"Flashbang"},{"floor":31,"key":"Block Potion"},{"floor":32,"key":"potionbrewer:BoundlessPotion"},{"floor":33,"key":"SpeedPotion"}],"is_trial":false,"path_per_floor":["R","?","E","$","M","E","T","$","M","R","M","M","T","M","M","B",null,"R","M","M","?","M","R","T","$","R","E","?","?","M","M","M","B",null,"R","?"],"character_chosen":"THE_CHAMP","items_purchased":["champ:ShieldWall+1","champ:Devastate+1","champ:CalledShot+1","Toolbox"],"campfire_rested":2,"item_purchase_floors":[4,4,8,25],"current_hp_per_floor":[90,90,90,90,90,72,72,67,63,90,90,90,90,77,75,39,90,100,100,88,88,80,100,100,100,100,100,99,80,83,87,66,67,100,100,0,0],"gold":389,"neow_bonus":"THREE_ENEMY_KILL","is_daily":false,"chose_seed":false,"campfire_upgraded":3,"win_rate":0.0,"timestamp":1608093997,"path_taken":["R","?","E","?","M","E","T","$","M","R","M","M","?","M","M","BOSS","R","M","M","?","M","R","T","$","R","E","?","?","M","M","M","BOSS","R","?"],"items_purchased_type":["Card","Card","Card","Relic"],"build_version":"2020-12-13","purchased_purges":0,"victory":false,"max_hp_per_floor":[90,90,90,90,90,90,90,90,90,90,90,90,90,90,90,90,90,100,100,100,100,100,100,100,100,100,100,100,100,100,100,100,100,100,100,100,100],"card_choices":[{"not_picked":["champ:PerfectedStrike+1","champ:Backstep+1"],"picked":"champ:Riposte+1","floor":3},{"not_picked":["champ:Circumvent+1","champ:TornadoPunch+1"],"picked":"champ:BladeFlurry+1","floor":4},{"not_picked":["champ:ViciousMockery+1","champ:AdrenalArmor+1"],"picked":"champ:TornadoPunch+1","floor":5},{"not_picked":["champ:TornadoPunch+1","champ:BladeFlurry+1","champ:HeartStrike+1"],"picked":"SKIP","floor":6},{"not_picked":["champ:PerfectedStrike+1","champ:RecklessLeap+1"],"picked":"champ:StrikeOfGenius+1","floor":8},{"not_picked":["champ:PreciseThrust+1","champ:Haymaker+1"],"picked":"champ:BringItOn+1","floor":9},{"not_picked":["champ:ArenaPreparation+1","champ:Backstep+1"],"picked":"champ:DefensiveShout+1","floor":11},{"not_picked":["champ:CrookedStrike+1","champ:BerserkersShout+1"],"picked":"champ:Duel+1","floor":12},{"not_picked":["champ:FightOn","champ:PerfectedStrike+1"],"picked":"champ:PreciseThrust+1","floor":14},{"not_picked":["champ:RisingSlash+1","champ:ShieldWall+1"],"picked":"champ:RapidStrikes+1","floor":15},{"not_picked":["champ:VampiricStrike+1","champ:CrownThrow+1"],"picked":"champ:PerfectForm+1","floor":16},{"not_picked":["champ:Backstep+1","champ:BringItOn+1"],"picked":"champ:EndlessRage+1","floor":19},{"not_picked":["champ:Lariat+1","champ:Backstep+1"],"picked":"champ:EnragedBash+1","floor":20},{"not_picked":["champ:FocusedDefense+1","champ:StanceDance+1"],"picked":"champ:Haymaker+1","floor":22},{"not_picked":["champ:Backstep+1","champ:ViciousMockery+1"],"picked":"champ:BladeFlurry+1","floor":25},{"not_picked":["champ:StrikeOfGenius+1","champ:EndlessRage+1"],"picked":"champ:PreciseThrust+1","floor":27},{"not_picked":["champ:Encircle+1","champ:FaceSlap+1"],"picked":"champ:MurderStrike+1","floor":28},{"not_picked":[],"picked":"J.A.X.+1","floor":29},{"not_picked":["champ:BringItOn+1","champ:EnragedBash+1"],"picked":"champ:FaceSlap+1","floor":30},{"not_picked":["champ:StanceDance+1","champ:CrookedStrike+1"],"picked":"champ:EndlessRage+1","floor":31},{"not_picked":["champ:Circumvent+1","champ:PerfectForm+1","champ:EndlessRage+1"],"picked":"SKIP","floor":32},{"not_picked":["champ:SwordThrow+1","champ:CrownThrow+1"],"picked":"champ:DancingMaster+1","floor":33}],"player_experience":765772,"relics_obtained":[{"floor":3,"key":"Ancient Tea Set"},{"floor":3,"key":"Toy Ornithopter"},{"floor":6,"key":"Replay:Mystery Machine"},{"floor":6,"key":"CeramicFish"},{"floor":13,"key":"infinitespire:Joker Card"},{"floor":24,"key":"DemoMod:MemoryAlloy"},{"floor":27,"key":"DemoMod:Antibody"},{"floor":27,"key":"Snack Pack"},{"floor":28,"key":"Unceasing Top"},{"floor":29,"key":"MutagenicStrength"}],"event_choices":[{"damage_healed":0,"gold_gain":0,"player_choice":"Got Potions","damage_taken":0,"max_hp_gain":0,"max_hp_loss":0,"event_name":"Lab","floor":2,"gold_loss":0},{"damage_healed":0,"gold_gain":0,"player_choice":"Fight","damage_taken":0,"max_hp_gain":0,"max_hp_loss":0,"event_name":"OrinTheCat","floor":36,"gold_loss":0}],"is_beta":false,"boss_relics":[{"not_picked":["conspire:SeveredTorchhead","halation:Risk"],"picked":"conspire:SpecialSausage"},{"not_picked":["Runic Dome","Snecko Eye","conspire:SlowCooker"]}],"items_purged_floors":[],"is_endless":false,"potions_floor_spawned":[3,11,14,15,16,22,31,32,33],"killed_by":"Orin","ascension_level":0}}