{"host":"mvq3y0vr4azttkc6","time":1608140206,"event":{"mods":["BaseMod","Colored Powertips","Minty Spire (QoL Compilation)","Replay The Spire","StSLib"],"gold_per_floor":[112,112,126,4,4,4,33,33,33,33,45,65,96,107,107,206,206,220,234,42,98,117,146,146,146],"floor_reached":24,"playtime":3158,"items_purged":["Strike_B"],"score":369,"play_id":"63e6c3e7-18c3-42ff-9f9c-df7720314565","local_time":"20201216203646","is_ascension_mode":true,"campfire_choices":[{"data":"Capacitor","floor":6,"key":"SMITH"},{"data":"Defragment","floor":8,"key":"SMITH"},{"data":"BasicCrystalCard","floor":10,"key":"SMITH"},{"data":"Crystallizer","floor":15,"key":"SMITH"}],"circlet_count":0,"master_deck":["Strike_B","Strike_B","Defend_B","Defend_B","Defend_B","Defend_B","Zap","Dualcast","Coolheaded","Capacitor+1","Echo Form+1","BasicCrystalCard+1","Defragment+1","Crystallizer+1","Glacier","Amplify","Amplify","Fusion","Defragment+1","Steam","Steam","White Noise","Defragment"],"relics":["Cracked Core","NeowsBlessing","Pen Nib","Matryoshka","FossilizedHelix","Snecko Eye","Pocketwatch","HornCleat","Shovel"],"acts_visited":["Exordium","TheCity"],"potions_floor_usage":[18,19,19,19,23,24],"damage_taken":[{"damage":0,"enemies":"Jaw Worm","floor":1,"turns":1},{"damage":0,"enemies":"Cultist","floor":3,"turns":1},{"damage":0,"enemies":"3 Sentries","floor":7,"turns":1},{"damage":0,"enemies":"2 Louse","floor":11,"turns":2},{"damage":7,"enemies":"Red Slaver","floor":12,"turns":4},{"damage":0,"enemies":"Lagavulin","floor":13,"turns":6},{"damage":0,"enemies":"Exordium Wildlife","floor":14,"turns":7},{"damage":0,"enemies":"Slime Boss","floor":16,"turns":8},{"damage":4,"enemies":"3 Byrds","floor":18,"turns":6},{"damage":10,"enemies":"Shell Parasite","floor":19,"turns":11},{"damage":7,"enemies":"Snake Plant","floor":22,"turns":16},{"damage":6,"enemies":"Book of Stabbing","floor":23,"turns":29},{"damage":0,"enemies":"Cultist and Chosen","floor":24,"turns":1}],"seed_played":"-2019349867821988089","potions_obtained":[{"floor":1,"key":"EntropicBrew"},{"floor":7,"key":"DistilledChaos"},{"floor":11,"key":"SteroidPotion"},{"floor":16,"key":"Fire Potion"},{"floor":19,"key":"Languid Potion"}],"is_trial":false,"path_per_floor":["M","?","M","$","?","R","E","R","T","R","M","M","E","M","R","B",null,"M","M","$","?","M","E","M"],"character_chosen":"DEFECT","items_purchased":["Echo Form","BasicCrystalCard","Steam","White Noise"],"campfire_rested":0,"item_purchase_floors":[4,4,20,20],"current_hp_per_floor":[75,75,75,75,75,75,75,75,75,75,75,68,68,68,68,68,75,71,61,61,61,54,48,48,48],"gold":146,"neow_bonus":"THREE_ENEMY_KILL","is_daily":false,"chose_seed":false,"campfire_upgraded":4,"win_rate":0.0,"timestamp":1608140206,"path_taken":["M","?","?","$","?","R","E","R","T","R","M","M","E","?","R","BOSS","M","M","$","?","M","E","M"],"items_purchased_type":["Card","Card","Card","Card"],"build_version":"2020-12-13","purchased_purges":1,"victory":false,"max_hp_per_floor":[75,75,75,75,75,75,75,75,75,75,75,75,75,75,75,75,75,75,75,75,75,75,75,75,75],"card_choices":[{"not_picked":["Chill","Hologram"],"picked":"Coolheaded","floor":1},{"not_picked":["Rebound","Melter"],"picked":"Capacitor","floor":3},{"not_picked":["Stack","Biased Cognition"],"picked":"Defragment","floor":7},{"not_picked":["Cold Snap","Beam Cell"],"picked":"Crystallizer","floor":11},{"not_picked":["BootSequence","Cold Snap"],"picked":"Glacier","floor":12},{"not_picked":["Go for the Eyes","ReplayGash"],"picked":"Amplify","floor":13},{"not_picked":["ReplaySort","Steam","Stack"],"picked":"SKIP","floor":14},{"not_picked":["Mirror Shield","Thunder Strike"],"picked":"Amplify","floor":16},{"not_picked":["Steam","Gash"],"picked":"Fusion","floor":18},{"not_picked":["Coolheaded","FIFO Queue"],"picked":"Defragment+1","floor":19},{"not_picked":["Sweeping Beam","Stack"],"picked":"Defragment","floor":21},{"not_picked":["BasicCrystalCard","ReplayGash","Undo"],"picked":"SKIP","floor":22},{"not_picked":["BasicCrystalCard","ReplayGash","Undo"],"picked":"SKIP","floor":22},{"not_picked":["Redo+1","Fusion+1","Compile Driver"],"picked":"SKIP","floor":23}],"player_experience":72584,"relics_obtained":[{"floor":7,"key":"Pen Nib"},{"floor":9,"key":"Matryoshka"},{"floor":13,"key":"FossilizedHelix"},{"floor":21,"key":"Pocketwatch"},{"floor":21,"key":"HornCleat"},{"floor":23,"key":"Shovel"}],"event_choices":[{"cards_removed":["Strike_B"],"damage_healed":0,"gold_gain":0,"player_choice":"Purged","damage_taken":0,"max_hp_gain":0,"max_hp_loss":0,"event_name":"Purifier","floor":2,"gold_loss":0},{"damage_healed":0,"gold_gain":0,"player_choice":"Forge","damage_taken":0,"max_hp_gain":0,"max_hp_loss":0,"event_name":"Accursed Blacksmith","floor":5,"gold_loss":0,"cards_upgraded":["Echo Form"]}],"is_beta":false,"boss_relics":[{"not_picked":["Honey Jar","Abe\u0027s Treasure"],"picked":"Snecko Eye"}],"items_purged_floors":[20],"is_endless":false,"potions_floor_spawned":[1,7,11,16,19],"killed_by":"Cultist and Chosen","ascension_level":1}}