{"host":"2d0rd30cigwncx1y","time":1608152467,"event":{"mods":["BaseMod","Colored Map","Colored Powertips","Downfall","MarisaÅiñ∂âJÅ@ñÇóùçπÅj","Minty Spire (QoL Compilation)","Replay The Spire","StSLib","The Alterego","The Servant 0.9.4"],"gold_per_floor":[99,116,116,132,150,150,177,203,203,231,242,257,270,370,387,387,387],"floor_reached":16,"playtime":973,"items_purged":[],"score":114,"play_id":"bba25823-7166-446f-b93e-24c42d8de47b","local_time":"20201216220107","is_ascension_mode":false,"campfire_choices":[{"data":"expansioncontent:CaCaw","floor":1,"key":"SMITH"},{"data":"champ:Taunt","floor":3,"key":"SMITH"},{"data":"champ:BringItOn","floor":6,"key":"SMITH"},{"data":"champ:StrikeOfGenius","floor":9,"key":"SMITH"}],"circlet_count":0,"master_deck":["champ:Strike","champ:Strike","champ:Strike","champ:Strike","champ:Defend","champ:Defend","champ:Defend","champ:Defend","champ:Execute","champ:Taunt+1","expansioncontent:CaCaw+1","champ:BringItOn+1","champ:BladeFlurry","champ:StrikeOfGenius+1","champ:TornadoPunch","champ:BringItOn","champ:FlashCut","champ:BladeFlurry","champ:SwordSigil"],"relics":["champ:ChampionCrown","Replay:Rubber Ducky","Bag of Preparation","Replay:Kaleidoscope"],"acts_visited":["Exordium"],"potions_floor_usage":[16,16,16],"damage_taken":[{"damage":11,"enemies":"Cultist","floor":2,"turns":4},{"damage":5,"enemies":"2 Louse","floor":4,"turns":3},{"damage":8,"enemies":"Small Slimes","floor":5,"turns":5},{"damage":34,"enemies":"3 Sentries","floor":8,"turns":9},{"damage":23,"enemies":"Gremlin Nob","floor":10,"turns":5},{"damage":7,"enemies":"3 Louse","floor":11,"turns":3},{"damage":0,"enemies":"2 Fungi Beasts","floor":12,"turns":2},{"damage":1,"enemies":"3 Louse","floor":13,"turns":3},{"damage":6,"enemies":"2 Fungi Beasts","floor":15,"turns":3},{"damage":27,"enemies":"downfall:Silent","floor":16,"turns":4}],"seed_played":"1831527847945985916","potions_obtained":[{"floor":2,"key":"champ:OpenerPotion"},{"floor":4,"key":"hexamod:EctoCoolerPotion"},{"floor":10,"key":"Fire Potion"},{"floor":12,"key":"Slimebound:ThreeZeroPotion"}],"is_trial":false,"path_per_floor":["R","M","R","M","M","R","T","E","R","E","M","M","M","?","M","B"],"character_chosen":"THE_CHAMP","items_purchased":[],"campfire_rested":0,"item_purchase_floors":[],"current_hp_per_floor":[90,84,84,84,81,81,81,52,52,39,32,32,31,31,25,0,0],"gold":387,"neow_bonus":"RANDOM_COLORLESS","is_daily":false,"chose_seed":false,"campfire_upgraded":4,"win_rate":0.0,"timestamp":1608152467,"path_taken":["R","M","R","M","M","R","T","E","R","E","M","M","M","?","M","BOSS"],"items_purchased_type":[],"build_version":"2020-12-13","purchased_purges":0,"victory":false,"max_hp_per_floor":[90,90,90,90,90,90,90,90,90,90,90,90,90,90,90,90,90],"card_choices":[{"not_picked":["Replay:SS_hec_4","expansioncontent:AwakenDeath"],"picked":"expansioncontent:CaCaw","floor":0},{"not_picked":["champ:FocusedBerserking","champ:DeathBlow","champ:FaceSlap"],"picked":"SKIP","floor":2},{"not_picked":["champ:Shatter","champ:ShieldSigil"],"picked":"champ:BringItOn","floor":4},{"not_picked":["champ:BerserkerStyle","champ:FanOfKnives"],"picked":"champ:BladeFlurry","floor":5},{"not_picked":["champ:GladiatorsShout","champ:RecklessLeap"],"picked":"champ:StrikeOfGenius","floor":8},{"not_picked":["champ:PerfectForm","champ:Circumvent"],"picked":"champ:TornadoPunch","floor":10},{"not_picked":["champ:CalledShot","champ:FalseCounter"],"picked":"champ:BringItOn","floor":11},{"not_picked":["champ:FanOfKnives","champ:AdrenalArmor"],"picked":"champ:FlashCut","floor":12},{"not_picked":["champ:BerserkersShout","champ:PreciseThrust"],"picked":"champ:BladeFlurry","floor":13},{"not_picked":["champ:FocusedBerserking","champ:ArenaPreparation"],"picked":"champ:SwordSigil","floor":15}],"player_experience":71666,"relics_obtained":[{"floor":7,"key":"Replay:Rubber Ducky"},{"floor":8,"key":"Bag of Preparation"},{"floor":10,"key":"Replay:Kaleidoscope"}],"event_choices":[],"is_beta":false,"boss_relics":[],"items_purged_floors":[],"is_endless":false,"potions_floor_spawned":[2,4,10,12],"killed_by":"downfall:Silent","ascension_level":0}}