{"host":"ycxbpx36bkn2bmiz","time":1608115537,"event":{"mods":["Astrologer","Bard","BaseMod","Colored Powertips","Hermit","Minty Spire (QoL Compilation)","Robot Space Explorer","StSLib","The Cursed","The Dragon Tamer","The Servant 0.9.4"],"gold_per_floor":[119,119,130,130,143,143,174,239,239,239,250,263,263,291,291,395,395,406,424,424,436,133,133,164,0,0,0,15,35,35,48,48,145,145,160,160,160,176,196,196,196,227,227,227,227,227,238,200,200,200,200,200],"floor_reached":50,"playtime":5025,"items_purged":[],"score":617,"play_id":"54e89aaa-3f21-427f-8e35-babbae1eb820","local_time":"20201216044537","is_ascension_mode":true,"metric_token":723,"campfire_choices":[{"data":"DTMod:SwitchingTactic","floor":6,"key":"SMITH"},{"data":"DTMod:SneakAttack","floor":10,"key":"SMITH"},{"data":"DTMod:DragonDance","floor":13,"key":"SMITH"},{"data":"DTMod:BuildUp","floor":15,"key":"SMITH"},{"data":"DTMod:TriAttack","floor":23,"key":"SMITH"},{"data":"DTMod:HeatWave","floor":32,"key":"SMITH"},{"data":"DTMod:BreakAttack","floor":40,"key":"SMITH"},{"data":"Dramatic Entrance","floor":45,"key":"SMITH"},{"data":"DTMod:DragonDance","floor":49,"key":"SMITH"}],"dtmod_dragon_data":[0,58,1,0,12,1],"circlet_count":0,"master_deck":["DTMod:Strike+1","DTMod:Strike+1","DTMod:Strike+1","DTMod:Strike+1","DTMod:DoubleHit+1","DTMod:TargetDefense+1","DTMod:TargetDefense+1","DTMod:TargetDefense+1","DTMod:SwitchingTactic+1","DTMod:HeadStart","DTMod:DragonDance+1","DTMod:BlueScale","DTMod:ShieldDrain","DTMod:SneakAttack+1","DTMod:FlameSlash","DTMod:FlameSlash","DTMod:LightShield+1","DTMod:BuildUp+1","DTMod:TriAttack+1","DTMod:HeatWave+1","DTMod:DeepFocus+1","DTMod:MasterPlan+1","DTMod:Training+1","DTMod:TauntingStrike+1","DTMod:Hide+1","DTMod:BlazingStrike","DTMod:ComboAttack+1","DTMod:GearUp+1","DTMod:BreakAttack+1","DTMod:DragonDance+1","DTMod:BlazingStrike+1","DTMod:HeadStart+1","Dramatic Entrance+1","Chrysalis+1","DTMod:QuickFly+1","DTMod:DeepFocus+1"],"relics":["DTMod:PactStone","Toxic Egg 2","Whetstone","Strawberry","Smiling Mask","Odd Mushroom","Coffee Dripper","Bag of Marbles","ClockworkSouvenir","Ice Cream","Regal Pillow","Velvet Choker","Juzu Bracelet","Gremlin Horn","Blood Vial"],"acts_visited":["Exordium","TheCity","TheBeyond"],"potions_floor_usage":[7,7,14,21,24,39,39,42,42,50],"damage_taken":[{"damage":0,"enemies":"Jaw Worm","floor":1,"turns":5},{"damage":0,"enemies":"2 Louse","floor":3,"turns":3},{"damage":0,"enemies":"Small Slimes","floor":5,"turns":4},{"damage":0,"enemies":"3 Sentries","floor":7,"turns":10},{"damage":12,"enemies":"3 Sentries","floor":8,"turns":8},{"damage":0,"enemies":"2 Fungi Beasts","floor":11,"turns":1},{"damage":0,"enemies":"Large Slime","floor":12,"turns":4},{"damage":0,"enemies":"The Mushroom Lair","floor":14,"turns":3},{"damage":17,"enemies":"The Guardian","floor":16,"turns":13},{"damage":0,"enemies":"Spheric Guardian","floor":18,"turns":3},{"damage":0,"enemies":"Chosen","floor":19,"turns":4},{"damage":0,"enemies":"Sentry and Sphere","floor":21,"turns":7},{"damage":0,"enemies":"Book of Stabbing","floor":24,"turns":5},{"damage":0,"enemies":"Snake Plant","floor":28,"turns":3},{"damage":0,"enemies":"Centurion and Healer","floor":29,"turns":5},{"damage":7,"enemies":"Chosen and Byrds","floor":31,"turns":4},{"damage":13,"enemies":"Champ","floor":33,"turns":9},{"damage":0,"enemies":"3 Shapes","floor":35,"turns":3},{"damage":0,"enemies":"Orb Walker","floor":38,"turns":2},{"damage":0,"enemies":"Writhing Mass","floor":39,"turns":3},{"damage":8,"enemies":"Nemesis","floor":42,"turns":7},{"damage":7,"enemies":"Jaw Worm Horde","floor":47,"turns":2},{"damage":49,"enemies":"Time Eater","floor":50,"turns":11}],"seed_played":"7935339508795891364","potions_obtained":[{"floor":3,"key":"SpeedPotion"},{"floor":5,"key":"EssenceOfSteel"},{"floor":7,"key":"Fruit Juice"},{"floor":12,"key":"Energy Potion"},{"floor":19,"key":"Energy Potion"},{"floor":21,"key":"PowerPotion"},{"floor":24,"key":"Weak Potion"},{"floor":28,"key":"Swift Potion"},{"floor":31,"key":"Regen Potion"},{"floor":41,"key":"DuplicationPotion"},{"floor":41,"key":"LiquidMemories"},{"floor":41,"key":"Energy Potion"},{"floor":47,"key":"LiquidMemories"}],"is_trial":false,"path_per_floor":["M","?","M","?","M","R","E","?","T","R","M","M","R","?","R","B",null,"M","M","?","M","$","R","E","?","T","?","M","M","?","M","R","B",null,"M","?","?","M","M","R","?","E","T","?","R","T","M","$","R","B"],"character_chosen":"THE_DT","items_purchased":["Bag of Marbles","ClockworkSouvenir","DTMod:DeepFocus+1"],"campfire_rested":0,"item_purchase_floors":[22,22,48],"current_hp_per_floor":[45,45,45,42,42,42,47,42,42,42,42,42,42,42,42,25,57,57,57,57,57,57,57,57,57,57,57,57,57,57,50,50,37,57,57,54,54,54,54,54,54,46,46,41,41,41,36,36,36,0,0,0],"gold":200,"neow_bonus":"THREE_RARE_CARDS","is_daily":false,"chose_seed":false,"campfire_upgraded":9,"win_rate":0.0,"timestamp":1608115537,"path_taken":["M","?","M","?","M","R","E","?","T","R","M","M","R","?","R","BOSS","M","M","?","M","$","R","E","?","T","?","?","M","?","M","R","BOSS","M","?","?","?","M","R","?","E","T","?","R","?","M","$","R","BOSS"],"items_purchased_type":["Relic","Relic","Card"],"build_version":"2020-12-13","purchased_purges":0,"victory":false,"max_hp_per_floor":[45,45,45,45,45,45,50,57,57,57,57,57,57,57,57,57,57,57,57,57,57,57,57,57,57,57,57,57,57,57,57,57,57,57,57,54,54,54,54,54,54,54,54,54,54,54,54,54,54,54,54,54],"card_choices":[{"not_picked":["DTMod:GearUp","DTMod:ShadowImage"],"picked":"DTMod:HeadStart","floor":0},{"not_picked":["DTMod:Conduct","DTMod:HeatWave"],"picked":"DTMod:DragonDance","floor":1},{"not_picked":["DTMod:Feint","DTMod:QuickFly"],"picked":"DTMod:BlueScale","floor":3},{"not_picked":["DTMod:Punisher","DTMod:Feint"],"picked":"DTMod:ShieldDrain","floor":5},{"not_picked":["DTMod:Punisher","DTMod:Astonish"],"picked":"DTMod:SneakAttack","floor":7},{"not_picked":["DTMod:Weaken+1","DTMod:QuickFly"],"picked":"DTMod:FlameSlash","floor":8},{"not_picked":["DTMod:RecklessFlurry","DTMod:PurifyingFlame"],"picked":"DTMod:FlameSlash","floor":11},{"not_picked":["DTMod:Training+1","DTMod:Feint"],"picked":"DTMod:LightShield+1","floor":12},{"not_picked":["DTMod:StarRain","DTMod:LastStand+1"],"picked":"DTMod:BuildUp","floor":14},{"not_picked":["DTMod:StunTrap+1","DTMod:ExcessFootwork"],"picked":"DTMod:TriAttack","floor":16},{"not_picked":["DTMod:Punisher","DTMod:Feint"],"picked":"DTMod:HeatWave","floor":18},{"not_picked":["DTMod:BurningEnergy+1","DTMod:BuildUp"],"picked":"DTMod:DeepFocus+1","floor":19},{"not_picked":["DTMod:Hide+1","DTMod:Weaken+1"],"picked":"DTMod:Training+1","floor":21},{"not_picked":["DTMod:MasterPlan+1","DTMod:BreakAttack"],"picked":"DTMod:TauntingStrike+1","floor":24},{"not_picked":["DTMod:Punisher","DTMod:TauntingStrike"],"picked":"DTMod:Hide+1","floor":28},{"not_picked":["DTMod:Punisher+1","DTMod:Weaken+1"],"picked":"DTMod:BlazingStrike","floor":29},{"not_picked":["DTMod:StarRain","DTMod:Feint"],"picked":"DTMod:ComboAttack+1","floor":31},{"not_picked":["DTMod:ResonanceForm","DTMod:OpeningTactic"],"picked":"DTMod:GearUp+1","floor":33},{"not_picked":["DTMod:FlameSlash","DTMod:Cover+1"],"picked":"DTMod:BreakAttack","floor":35},{"not_picked":["DTMod:CleansingStrike","DTMod:Weaken+1"],"picked":"DTMod:DragonDance","floor":38},{"not_picked":["DTMod:QuickFly","DTMod:Punisher"],"picked":"DTMod:BlazingStrike+1","floor":39},{"not_picked":["DTMod:HeatWave","DTMod:CalculatedDefense+1"],"picked":"DTMod:HeadStart+1","floor":42},{"not_picked":["Sadistic Nature","Enlightenment+1"],"picked":"Dramatic Entrance","floor":44},{"not_picked":["Trip+1","Swift Strike"],"picked":"Chrysalis+1","floor":44},{"not_picked":["DTMod:Weaken+1","DTMod:Dissolve+1"],"picked":"DTMod:QuickFly+1","floor":47}],"player_experience":260406,"relics_obtained":[{"floor":7,"key":"Whetstone"},{"floor":8,"key":"Strawberry"},{"floor":9,"key":"Smiling Mask"},{"floor":14,"key":"Odd Mushroom"},{"floor":24,"key":"Ice Cream"},{"floor":26,"key":"Regal Pillow"},{"floor":42,"key":"Juzu Bracelet"},{"floor":43,"key":"Gremlin Horn"},{"floor":46,"key":"Blood Vial"}],"event_choices":[{"cards_removed":["Clumsy"],"damage_healed":0,"gold_gain":0,"player_choice":"Forget","damage_taken":0,"max_hp_gain":0,"max_hp_loss":0,"event_name":"Living Wall","floor":2,"gold_loss":0},{"damage_healed":0,"gold_gain":0,"player_choice":"Success","damage_taken":3,"relics_obtained":["Toxic Egg 2"],"max_hp_gain":0,"max_hp_loss":0,"event_name":"Scrap Ooze","floor":4,"gold_loss":0},{"damage_healed":0,"gold_gain":30,"player_choice":"Searched \u00273\u0027 times","damage_taken":0,"max_hp_gain":0,"max_hp_loss":0,"event_name":"Dead Adventurer","floor":8,"gold_loss":0},{"damage_healed":0,"gold_gain":0,"player_choice":"Fought Mushrooms","damage_taken":0,"max_hp_gain":0,"max_hp_loss":0,"event_name":"Mushrooms","floor":14,"gold_loss":0},{"damage_healed":0,"gold_gain":0,"player_choice":"Read","damage_taken":0,"max_hp_gain":0,"max_hp_loss":0,"event_name":"The Library","floor":20,"gold_loss":0,"cards_obtained":["DTMod:MasterPlan"]},{"damage_healed":0,"gold_gain":0,"player_choice":"Paid Fearfully","damage_taken":0,"max_hp_gain":0,"max_hp_loss":0,"event_name":"Masked Bandits","floor":25,"gold_loss":164},{"damage_healed":0,"gold_gain":0,"player_choice":"Simplicity","damage_taken":0,"max_hp_gain":0,"max_hp_loss":0,"event_name":"Back to Basics","floor":27,"gold_loss":0,"cards_upgraded":["DTMod:Strike","DTMod:Strike","DTMod:Strike","DTMod:TargetDefense","DTMod:TargetDefense","DTMod:TargetDefense","DTMod:TargetDefense"]},{"damage_healed":0,"gold_gain":0,"player_choice":"Ignored","damage_taken":0,"max_hp_gain":0,"max_hp_loss":0,"event_name":"Ghosts","floor":30,"gold_loss":0},{"damage_healed":0,"gold_gain":0,"player_choice":"Max HP","damage_taken":0,"max_hp_gain":0,"max_hp_loss":3,"event_name":"Winding Halls","floor":36,"gold_loss":0},{"cards_removed":["DTMod:TargetDefense"],"damage_healed":0,"gold_gain":0,"player_choice":"Removed Skill","damage_taken":0,"max_hp_gain":0,"max_hp_loss":0,"event_name":"Falling","floor":37,"gold_loss":0},{"damage_healed":0,"gold_gain":0,"player_choice":"Got Potions","damage_taken":0,"max_hp_gain":0,"max_hp_loss":0,"event_name":"Lab","floor":41,"gold_loss":0},{"damage_healed":0,"gold_gain":0,"player_choice":"Memory 2","damage_taken":5,"max_hp_gain":0,"max_hp_loss":0,"event_name":"SensoryStone","floor":44,"gold_loss":0}],"is_beta":false,"boss_relics":[{"not_picked":["Philosopher\u0027s Stone","Runic Dome"],"picked":"Coffee Dripper"},{"not_picked":["Astrolabe","SacredBark"],"picked":"Velvet Choker"}],"items_purged_floors":[],"is_endless":false,"potions_floor_spawned":[3,5,7,12,19,21,24,28,31,33,38,47],"killed_by":"Time Eater","ascension_level":1}}