{"host":"d9m9v0h6vo0edadb","time":1608117672,"event":{"mods":["BaseMod","Hermit","Keyboard Shortcuts","Minty Spire (QoL Compilation)","StSLib","SuperFastMode","The Cursed"],"gold_per_floor":[110,185,7,22,42,69,69,102,137,164,191,203,215,227,227],"floor_reached":14,"playtime":188,"items_purged":["Strike_B"],"score":195,"play_id":"0db2b028-c556-489e-ab7e-e643708d0e42","local_time":"20201216202112","is_ascension_mode":true,"campfire_choices":[{"data":"Dualcast","floor":7.0,"key":"SMITH"},{"floor":13,"key":"REST"}],"circlet_count":0,"master_deck":["AscendersBane","Strike_B","Strike_B","Strike_B","Defend_B","Defend_B","Defend_B","Defend_B","Zap","Dualcast+1","Master of Strategy","Sweeping Beam","Flash of Steel","Ball Lightning","Self Repair","Biased Cognition","Defragment"],"relics":["Cracked Core","Lantern","MawBank","Vajra"],"acts_visited":["Exordium"],"potions_floor_usage":[],"damage_taken":[{"damage":4.0,"enemies":"Small Slimes","floor":1.0,"turns":3.0},{"damage":0.0,"enemies":"2 Louse","floor":4.0,"turns":2.0},{"damage":0.0,"enemies":"Cultist","floor":5.0,"turns":2.0},{"damage":23.0,"enemies":"3 Sentries","floor":6.0,"turns":7.0},{"damage":11.0,"enemies":"Gremlin Nob","floor":8.0,"turns":3.0},{"damage":11.0,"enemies":"Blue Slaver","floor":10.0,"turns":3.0},{"damage":11,"enemies":"2 Fungi Beasts","floor":11,"turns":3},{"damage":40,"enemies":"3 Sentries","floor":14,"turns":4}],"seed_played":"-7251773940235683059","potions_obtained":[{"floor":4.0,"key":"PotionOfCapacity"},{"floor":5.0,"key":"ColorlessPotion"},{"floor":8.0,"key":"SteroidPotion"}],"is_trial":false,"path_per_floor":["M","?","$","M","M","E","R","E","T","M","M","?","R","E"],"character_chosen":"DEFECT","items_purchased":["Flash of Steel"],"campfire_rested":1,"item_purchase_floors":[3],"current_hp_per_floor":[60,49,49,49,49,26,26,22,22,18,14,14,33,0,0],"gold":227,"neow_bonus":"RANDOM_COLORLESS_2","is_daily":false,"chose_seed":false,"campfire_upgraded":1,"win_rate":0.0,"timestamp":1608117672,"path_taken":["M","?","$","M","M","E","R","E","T","M","M","?","R","E"],"items_purchased_type":["Card"],"build_version":"2020-12-13","purchased_purges":1,"victory":false,"max_hp_per_floor":[64,64,64,64,64,64,64,64,64,64,64,64,64,64,64],"card_choices":[{"not_picked":["Mayhem","Transmutation"],"picked":"Master of Strategy","floor":0.0},{"not_picked":["Streamline","Hello World"],"picked":"Sweeping Beam","floor":1.0},{"not_picked":["Force Field","Redo"],"picked":"Ball Lightning","floor":4.0},{"not_picked":["Compile Driver","Conserve Battery","Ball Lightning"],"picked":"SKIP","floor":5.0},{"not_picked":["Redo","Sunder"],"picked":"Self Repair","floor":6.0},{"not_picked":["Barrage","Streamline","Redo"],"picked":"SKIP","floor":8.0},{"not_picked":["Cold Snap","Turbo"],"picked":"Biased Cognition","floor":10.0},{"not_picked":["Compile Driver","Hologram","Darkness"],"picked":"SKIP","floor":11}],"player_experience":938072,"relics_obtained":[{"floor":6.0,"key":"Lantern"},{"floor":8.0,"key":"MawBank"},{"floor":9.0,"key":"Vajra"}],"event_choices":[{"damage_healed":0.0,"max_hp_gain":0.0,"max_hp_loss":0.0,"gold_gain":75.0,"event_name":"World of Goop","player_choice":"Gather Gold","floor":2.0,"gold_loss":0.0,"damage_taken":11.0},{"damage_healed":0,"gold_gain":0,"player_choice":"1 cards matched","damage_taken":0,"max_hp_gain":0,"max_hp_loss":0,"event_name":"Match and Keep!","floor":12,"gold_loss":0,"cards_obtained":["Defragment"]}],"is_beta":false,"boss_relics":[],"items_purged_floors":[3],"is_endless":false,"potions_floor_spawned":[4,5,8,11],"killed_by":"3 Sentries","ascension_level":19}}