{"host":"684z1xpuwaoqmmh1","time":1608143098,"event":{"mods":["Bard","BaseMod","Downfall","Hermit","Jorbs\u0027s Wanderer Trilogy","Marisa????????","Minty Spire (QoL Compilation)","StSLib","The Hierophant","The Mystic","The Runesmith"],"gold_per_floor":[99,114,147,297,297,297,297,222,241,274,274,292,309,309,321,321,321],"floor_reached":16,"playtime":594,"items_purged":[],"score":160,"play_id":"5623bc46-790b-4903-804a-ca052632d5bd","local_time":"20201216202458","is_ascension_mode":true,"campfire_choices":[{"data":"champ:Taunt","floor":1,"key":"SMITH"},{"floor":5,"key":"RECALL"},{"data":"champ:FocusedGladiator","floor":8,"key":"SMITH"}],"circlet_count":0,"master_deck":["champ:Strike","champ:Strike","champ:Strike","champ:Defend","champ:Defend","champ:Defend","champ:Defend","champ:Execute","champ:Taunt+1","champ:FocusedGladiator+1","champ:Encircle","Slimebound:Icky","champ:GutPunch","champ:Backstep","champ:FightOn","champ:Encircle","champ:DefensiveShout"],"relics":["champ:ChampionCrown","Lizard Tail","Gremlin Horn","downfall:HeartBlessingRed","Matryoshka","Guardian:PocketSentry","Shuriken"],"acts_visited":["Exordium"],"potions_floor_usage":[13,16],"damage_taken":[{"damage":10,"enemies":"Small Slimes","floor":2,"turns":5},{"damage":56,"enemies":"Lagavulin","floor":3,"turns":10},{"damage":22,"enemies":"Jaw Worm","floor":9,"turns":3},{"damage":52,"enemies":"3 Sentries","floor":10,"turns":6},{"damage":10,"enemies":"Cultist","floor":12,"turns":2},{"damage":14,"enemies":"Exordium Thugs","floor":13,"turns":3},{"damage":10,"enemies":"Blue Slaver","floor":15,"turns":3},{"damage":66,"enemies":"downfall:Ironclad","floor":16,"turns":3}],"seed_played":"-6221576599242739510","potions_obtained":[{"floor":2,"key":"sneckomod:MuddlingPotion"},{"floor":14,"key":"downfall:CursedFountainPotion"}],"is_trial":false,"path_per_floor":["R","M","E","?","R","?","T","R","M","E","T","M","M","?","M","B"],"character_chosen":"THE_CHAMP","items_purchased":[],"campfire_rested":0,"item_purchase_floors":[],"current_hp_per_floor":[81,81,45,45,45,40,40,40,33,59,59,59,60,60,62,0,0],"gold":321,"neow_bonus":"REMOVE_CARD","is_daily":false,"chose_seed":false,"campfire_upgraded":2,"win_rate":0.0,"timestamp":1608143098,"path_taken":["R","M","E","?","R","?","T","R","?","E","?","M","M","?","M","BOSS"],"items_purchased_type":[],"build_version":"2020-12-13","purchased_purges":0,"victory":false,"max_hp_per_floor":[90,90,90,90,90,90,90,90,90,90,90,90,90,90,90,90,90],"card_choices":[{"not_picked":["champ:ShieldSigil","champ:BerserkersShout"],"picked":"champ:FocusedGladiator","floor":2},{"not_picked":["champ:RageSigil","champ:BladeFlurry"],"picked":"champ:Encircle","floor":3},{"not_picked":["champ:Aggression","champ:PerfectedStrike"],"picked":"champ:GutPunch","floor":9},{"not_picked":["champ:Circumvent","champ:ShieldSigil"],"picked":"champ:Backstep","floor":10},{"not_picked":["champ:FocusedGladiator","champ:BladeFlurry"],"picked":"champ:FightOn","floor":12},{"not_picked":["champ:DefensiveShout","champ:ShieldSigil"],"picked":"champ:Encircle","floor":13},{"not_picked":["champ:BladeFlurry","champ:ShieldSigil"],"picked":"champ:DefensiveShout","floor":15}],"player_experience":2334000,"relics_obtained":[{"floor":3,"key":"Lizard Tail"},{"floor":7,"key":"Gremlin Horn"},{"floor":10,"key":"Matryoshka"},{"floor":11,"key":"Guardian:PocketSentry"},{"floor":11,"key":"Shuriken"}],"event_choices":[],"is_beta":false,"boss_relics":[],"items_purged_floors":[],"is_endless":false,"potions_floor_spawned":[2],"killed_by":"downfall:Ironclad","ascension_level":9}}