{"host":"a7kkotolxcg5vljr","time":1608141601,"event":{"mods":["2.2 Compatiblity","AchievementEnabler","Act Like it!","BaseMod","Better Altar","Better Skull","Better Third Choice","Colored Map","Colored Powertips","Downfall","Hermit","Highlight Path","Marisa????????","Minty Spire (QoL Compilation)","Quick Restart","Rare Cards Sparkle","Replay The Spire","Spicy Shops","StSLib","The Cursed","The Disciple","The Servant 0.9.4"],"gold_per_floor":[111,111,111,24,35,35,70,70,70,70,70,81,97,127,32,63,63,158,158,169,219,232,232,47,47,47],"floor_reached":25,"playtime":633,"items_purged":["Languid"],"score":242,"play_id":"f8bc5f91-e814-48af-a520-d05b6ac83a6d","local_time":"20201216130001","is_ascension_mode":false,"campfire_choices":[{"data":"expansioncontent:DecasProtection","floor":6,"key":"SMITH"}],"circlet_count":0,"master_deck":["Strike_R","Strike_R","Strike_R","Strike_R","Strike_R","Defend_R","Defend_R","Defend_R","Bash","Headbutt","expansioncontent:DecasProtection+1","Iron Wave","Iron Wave","Evolve","Armaments","Replay:Undeath\u0027s Touch","Fire Breathing","Perfected Strike","Heavy Blade","Demon Form","Life Link+1","Armaments","Shame"],"relics":["Burning Blood","NeowsBlessing","Chameleon Ring","Blue Candle","Replay:PocketPolymizer","Ring of Fury","Ring of Greed","Golden Egg","The Courier","Replay:Baseball","Omamori"],"acts_visited":["Exordium","TheCity"],"potions_floor_usage":[12,13,18,18,20],"damage_taken":[{"damage":0,"enemies":"Small Slimes","floor":1,"turns":1},{"damage":0,"enemies":"Jaw Worm","floor":5,"turns":1},{"damage":0,"enemies":"3 Sentries","floor":7,"turns":2},{"damage":0,"enemies":"Cultist","floor":12,"turns":2},{"damage":10,"enemies":"Large Slime","floor":13,"turns":5},{"damage":40,"enemies":"Lagavulin","floor":14,"turns":9},{"damage":23,"enemies":"Gremlin Nob","floor":16,"turns":5},{"damage":18,"enemies":"Hexaghost","floor":18,"turns":7},{"damage":54,"enemies":"2 Thieves","floor":20,"turns":5},{"damage":38,"enemies":"Shell Parasite","floor":22,"turns":6},{"damage":41,"enemies":"Book of Stabbing","floor":25,"turns":4}],"seed_played":"-2713181415144924214","potions_obtained":[{"floor":5,"key":"Adrenaline Potion"},{"floor":7,"key":"Energy Potion"},{"floor":10,"key":"FairyPotion"},{"floor":17,"key":"BlessingOfTheForge"},{"floor":17,"key":"CultistPotion"},{"floor":18,"key":"EssenceOfSteel"}],"is_trial":false,"path_per_floor":["M","?","?","$","M","R","E","PTL","PTL","R","T","M","M","E","$","E","R","B",null,"M","?","M","?","$","E"],"character_chosen":"IRONCLAD","items_purchased":["expansioncontent:DecasProtection","Fire Breathing","Omamori"],"campfire_rested":0,"item_purchase_floors":[4,15,24],"current_hp_per_floor":[80,80,80,80,80,80,80,80,80,80,80,80,76,42,42,25,25,13,80,32,32,36,36,36,0,0],"gold":47,"neow_bonus":"THREE_ENEMY_KILL","is_daily":false,"chose_seed":false,"campfire_upgraded":1,"win_rate":0.0,"timestamp":1608141601,"path_taken":["M","?","?","$","M","R","E","PTL","PTL","R","T","M","M","E","?","E","R","BOSS","M","?","M","?","?","E"],"items_purchased_type":["Card","Card","Relic"],"build_version":"2020-12-13","purchased_purges":1,"victory":false,"max_hp_per_floor":[80,80,80,80,80,80,80,80,80,80,80,80,80,80,80,80,80,80,80,80,80,80,80,80,80,80],"card_choices":[{"not_picked":["Disarm","Hemokinesis"],"picked":"Headbutt","floor":1},{"not_picked":["Pommel Strike","Twin Strike"],"picked":"Iron Wave","floor":5},{"not_picked":["Blood for Blood","Headbutt"],"picked":"Iron Wave","floor":7},{"not_picked":["Wild Strike","Flex"],"picked":"Evolve","floor":12},{"not_picked":["Hemogenesis","Iron Wave"],"picked":"Armaments","floor":13},{"not_picked":["Twin Strike","Evolve"],"picked":"Replay:Undeath\u0027s Touch","floor":14},{"not_picked":["Headbutt","Armaments"],"picked":"Perfected Strike","floor":16},{"not_picked":["Corruption","Limit Break"],"picked":"Demon Form","floor":18},{"not_picked":["ReplayTheSpireMod:Stacked+1","Pummel"],"picked":"Life Link+1","floor":20},{"not_picked":["ReplayTheSpireMod:LeadingStrike","Shockwave"],"picked":"Armaments","floor":22}],"player_experience":325549,"relics_obtained":[{"floor":7,"key":"Chameleon Ring"},{"floor":14,"key":"Blue Candle"},{"floor":16,"key":"Replay:PocketPolymizer"},{"floor":21,"key":"Ring of Fury"},{"floor":21,"key":"Ring of Greed"},{"floor":21,"key":"Golden Egg"},{"floor":21,"key":"The Courier"}],"event_choices":[{"damage_healed":0,"gold_gain":0,"player_choice":"Ignored","damage_taken":0,"max_hp_gain":0,"max_hp_loss":0,"event_name":"Golden Wing","floor":2,"gold_loss":0},{"damage_healed":0,"gold_gain":0,"player_choice":"Leave","damage_taken":0,"max_hp_gain":0,"max_hp_loss":0,"event_name":"The Cleric","floor":3,"gold_loss":0},{"damage_healed":0,"gold_gain":0,"player_choice":"Stole Relic","damage_taken":0,"relics_obtained":["Replay:Baseball"],"max_hp_gain":0,"max_hp_loss":0,"event_name":"Addict","floor":23,"gold_loss":0,"cards_obtained":["Shame"]}],"is_beta":false,"boss_relics":[{"not_picked":["Sozu","Runic Pyramid","Empty Cage"]}],"items_purged_floors":[24],"is_endless":false,"potions_floor_spawned":[5,7,18],"killed_by":"Book of Stabbing","ascension_level":0}}