{"host":"m9i7qe3hvz6jihjh","time":1608138900,"event":{"mods":["BaseMod","Colored Powertips","Infinite Spire","Minty Spire (QoL Compilation)","Quick Restart","StSLib","The Animator","Waifu the Spire"],"gold_per_floor":[112,187,41,41,41,41,76,76,76,90,105,133,151,151,151,255,255,270,180,200,15,15,114,114,114,114,29,41,58,58,58,58,158,208,218,318,318,335,335,335,348,348,348,7,7,17,17,17],"floor_reached":47,"playtime":1813,"items_purged":["Defend_P"],"score":444,"play_id":"fefe5854-ce54-47cb-97b5-2e29cf7b351f","local_time":"20201216181500","is_ascension_mode":false,"campfire_choices":[{"data":"Eruption","floor":6,"key":"SMITH"},{"floor":8,"key":"REST"},{"floor":15,"key":"REST"},{"data":"Establishment","floor":25,"key":"SMITH"},{"floor":30,"key":"REST"},{"floor":32,"key":"REST"},{"floor":40,"key":"REST"},{"floor":42,"key":"REST"}],"circlet_count":0,"master_deck":["Strike_P","Strike_P","Strike_P","Defend_P+1","Defend_P","Eruption+1","Vigilance+1","Dark Shackles","EmptyBody+1","JustLucky","Evaluate","Nirvana","BattleHymn","Evaluate+1","PathToVictory+1","Evaluate+1","Establishment+1","CurseOfTheBell","FlurryOfBlows","EmptyFist","Mayhem+1","Devotion+1","FlurryOfBlows","Brilliance","ThirdEye+1","CrushJoints+1","Alpha+1","SandsOfTime+1","EmptyMind+1","Halt+1"],"relics":["PureWater","Toxic Egg 2","Gremlin Horn","Odd Mushroom","Calling Bell","Orichalcum","Ornamental Fan","StoneCalendar","Juzu Bracelet","Calipers","Tiny House","Bronze Scales","Ice Cream"],"acts_visited":["Exordium","TheCity","TheBeyond"],"potions_floor_usage":[10,16,20,33,38,38,41,41,47],"damage_taken":[{"damage":0,"enemies":"Cultist","floor":1,"turns":4},{"damage":31,"enemies":"Gremlin Nob","floor":7,"turns":6},{"damage":0,"enemies":"2 Louse","floor":10,"turns":1},{"damage":0,"enemies":"Small Slimes","floor":11,"turns":4},{"damage":7,"enemies":"The Mushroom Lair","floor":12,"turns":4},{"damage":0,"enemies":"2 Fungi Beasts","floor":13,"turns":4},{"damage":20,"enemies":"Hexaghost","floor":16,"turns":8},{"damage":6,"enemies":"3 Byrds","floor":18,"turns":7},{"damage":0,"enemies":"Chosen","floor":20,"turns":3},{"damage":21,"enemies":"Sentry and Sphere","floor":28,"turns":7},{"damage":15,"enemies":"Chosen and Byrds","floor":29,"turns":7},{"damage":21,"enemies":"Collector","floor":33,"turns":12},{"damage":17,"enemies":"3 Shapes","floor":35,"turns":7},{"damage":18,"enemies":"3 Darklings","floor":38,"turns":7},{"damage":50,"enemies":"Transient","floor":41,"turns":5},{"damage":37,"enemies":"Jaw Worm Horde","floor":46,"turns":5},{"damage":12,"enemies":"Maw","floor":47,"turns":2}],"seed_played":"1434808984519880862","potions_obtained":[{"floor":7,"key":"Explosive Potion"},{"floor":10,"key":"SteroidPotion"},{"floor":12,"key":"LiquidBronze"},{"floor":18,"key":"StancePotion"},{"floor":28,"key":"Dexterity Potion"},{"floor":33,"key":"PowerPotion"},{"floor":34,"key":"DistilledChaos"},{"floor":38,"key":"ColorlessPotion"},{"floor":46,"key":"BlessingOfTheForge"}],"is_trial":false,"path_per_floor":["M","?","$","?","?","R","E","R","T","M","M","?","M","?","R","B",null,"M","?","M","$","?","?","?","R","T","?","M","M","R","?","R","B",null,"M","?","?","M","?","R","M","R","T","$","?","M","M"],"character_chosen":"WATCHER","items_purchased":["JustLucky","Evaluate","Mayhem","Ice Cream","EmptyMind+1"],"campfire_rested":6,"item_purchase_floors":[3,3,21,44,44],"current_hp_per_floor":[72,61,61,54,59,59,28,51,51,51,51,44,44,29,52,32,77,71,71,71,71,71,71,71,71,71,71,50,35,58,58,77,56,82,65,65,65,47,47,71,21,45,45,45,45,8,0,0],"gold":17,"neow_bonus":"RANDOM_COLORLESS","is_daily":false,"chose_seed":false,"campfire_upgraded":2,"win_rate":0.0,"timestamp":1608138900,"path_taken":["M","?","$","?","?","R","E","R","T","M","M","?","?","?","R","BOSS","M","?","?","?","?","?","?","R","T","?","M","M","R","?","R","BOSS","M","?","?","M","?","R","M","R","T","?","?","M","M"],"items_purchased_type":["Card","Card","Card","Relic","Card"],"build_version":"2020-12-13","purchased_purges":1,"victory":false,"max_hp_per_floor":[72,72,72,72,77,77,77,77,77,77,77,77,77,77,77,77,77,77,77,77,77,77,77,77,77,77,77,77,77,77,77,77,77,82,82,82,82,82,82,82,82,82,82,82,82,82,82,82],"card_choices":[{"not_picked":["Impatience","Blind"],"picked":"Dark Shackles","floor":0},{"not_picked":["CutThroughFate","Weave"],"picked":"EmptyBody","floor":1},{"not_picked":["WreathOfFlame+1","CarveReality"],"picked":"Nirvana","floor":7},{"not_picked":["InnerPeace+1","Nirvana"],"picked":"BattleHymn","floor":10},{"not_picked":["Wallop","WindmillStrike"],"picked":"Evaluate+1","floor":11},{"not_picked":["Nirvana","Protect+1"],"picked":"PathToVictory+1","floor":12},{"not_picked":["FlyingSleeves","SignatureMove"],"picked":"Evaluate+1","floor":13},{"not_picked":["Omniscience+1","Devotion"],"picked":"Establishment","floor":16},{"not_picked":["Consecrate","SashWhip"],"picked":"FlurryOfBlows","floor":18},{"not_picked":["SashWhip","FearNoEvil"],"picked":"EmptyFist","floor":20},{"not_picked":["Prostrate+1","Swivel+1"],"picked":"Devotion","floor":28},{"not_picked":["EmptyFist","Prostrate+1"],"picked":"FlurryOfBlows","floor":29},{"not_picked":["MasterReality","DeusExMachina+1"],"picked":"Brilliance","floor":33},{"not_picked":["Protect+1","Halt+1"],"picked":"ThirdEye+1","floor":34},{"not_picked":["Protect+1","Swivel+1"],"picked":"CrushJoints+1","floor":35},{"not_picked":["FearNoEvil","FlurryOfBlows"],"picked":"Alpha+1","floor":38},{"not_picked":["Worship+1","Indignation+1"],"picked":"SandsOfTime+1","floor":41},{"not_picked":["Pray+1","Consecrate"],"picked":"Halt+1","floor":46}],"player_experience":863261,"relics_obtained":[{"floor":7,"key":"Toxic Egg 2"},{"floor":9,"key":"Gremlin Horn"},{"floor":12,"key":"Odd Mushroom"},{"floor":17,"key":"Orichalcum"},{"floor":17,"key":"Ornamental Fan"},{"floor":17,"key":"StoneCalendar"},{"floor":26,"key":"Juzu Bracelet"},{"floor":43,"key":"Bronze Scales"}],"event_choices":[{"damage_healed":0,"gold_gain":75,"player_choice":"Gather Gold","damage_taken":11,"max_hp_gain":0,"max_hp_loss":0,"event_name":"World of Goop","floor":2,"gold_loss":0},{"cards_removed":["Strike_P"],"damage_healed":0,"gold_gain":0,"player_choice":"Card Removal","damage_taken":7,"max_hp_gain":0,"max_hp_loss":0,"event_name":"Golden Wing","floor":4,"gold_loss":0},{"damage_healed":0,"gold_gain":0,"player_choice":"Donut","damage_taken":0,"max_hp_gain":5,"max_hp_loss":0,"event_name":"Big Fish","floor":5,"gold_loss":0},{"damage_healed":0,"gold_gain":0,"player_choice":"Fought Mushrooms","damage_taken":0,"max_hp_gain":0,"max_hp_loss":0,"event_name":"Mushrooms","floor":12,"gold_loss":0},{"damage_healed":0,"gold_gain":0,"player_choice":"Entered Light","damage_taken":15,"max_hp_gain":0,"max_hp_loss":0,"event_name":"Shining Light","floor":14,"gold_loss":0,"cards_upgraded":["Defend_P","Vigilance"]},{"cards_removed":["Defend_P"],"damage_healed":0,"gold_gain":0,"player_choice":"Upgrade and Remove","damage_taken":0,"max_hp_gain":0,"max_hp_loss":0,"event_name":"Designer","floor":19,"gold_loss":90,"cards_upgraded":["EmptyBody"]},{"damage_healed":0,"gold_gain":0,"player_choice":"Ignored","damage_taken":0,"max_hp_gain":0,"max_hp_loss":0,"event_name":"Vampires","floor":22,"gold_loss":0},{"damage_healed":0,"gold_gain":99,"player_choice":"Stole From Cult","damage_taken":0,"max_hp_gain":0,"max_hp_loss":0,"event_name":"Nest","floor":23,"gold_loss":0},{"damage_healed":0,"gold_gain":0,"player_choice":"Forge","damage_taken":0,"max_hp_gain":0,"max_hp_loss":0,"event_name":"Accursed Blacksmith","floor":24,"gold_loss":0,"cards_upgraded":["Mayhem"]},{"damage_healed":0,"gold_gain":0,"player_choice":"Obtained Relic","damage_taken":0,"relics_obtained":["Calipers"],"max_hp_gain":0,"max_hp_loss":0,"event_name":"Addict","floor":27,"gold_loss":85},{"damage_healed":0,"gold_gain":0,"player_choice":"Cursed","damage_taken":0,"max_hp_gain":0,"max_hp_loss":0,"event_name":"Wheel of Change","floor":31,"gold_loss":0,"cards_obtained":["Decay"]},{"damage_healed":0,"gold_gain":100,"player_choice":"Pray","damage_taken":0,"max_hp_gain":0,"max_hp_loss":0,"event_name":"Golden Shrine","floor":36,"gold_loss":0},{"damage_healed":0,"gold_gain":0,"player_choice":"Ignored","damage_taken":0,"max_hp_gain":0,"max_hp_loss":0,"event_name":"Tomb of Lord Red Mask","floor":37,"gold_loss":0},{"cards_removed":["Decay"],"damage_healed":0,"gold_gain":0,"player_choice":"Removed Curses","damage_taken":0,"max_hp_gain":0,"max_hp_loss":0,"event_name":"Fountain of Cleansing","floor":45,"gold_loss":0}],"is_beta":false,"boss_relics":[{"not_picked":["Black Star","Coffee Dripper"],"picked":"Calling Bell"},{"not_picked":["infinitespire:Cupcake","Fusion Hammer"],"picked":"Tiny House"}],"items_purged_floors":[3],"is_endless":false,"potions_floor_spawned":[7,10,12,18,28,33,38,46],"killed_by":"Maw","ascension_level":0}}