{"host":"jk8wop44dq7uc7ar","time":1608161453,"event":{"mods":["AchievementEnabler","BaseMod","Colored Map","Colored Powertips","Downfall","Hermit","Hubris","Infinite Spire","Marisa????????","Minty Spire (QoL Compilation)","StSLib","The Bug Knight","The Construct","The Cursed","The Disciple","The Mystic","The Necromancer","The Runesmith","The Servant 0.9.4"],"gold_per_floor":[99,99,111,121,121,58,130,130,140,140,152,42,60,23,43,43,43],"floor_reached":16,"playtime":1287,"items_purged":[],"score":90,"play_id":"bedd67e1-3cfc-454b-971b-410cf5dacf29","local_time":"20201216183053","is_ascension_mode":false,"campfire_choices":[{"floor":1.0,"key":"DIG"},{"floor":8,"key":"DIG"},{"floor":10,"key":"DIG"}],"circlet_count":0,"master_deck":["Slimebound:Strike_Slimebound","Slimebound:Strike_Slimebound","Slimebound:Strike_Slimebound","Slimebound:Tackle","Slimebound:Defend_Slimebound","Slimebound:Defend_Slimebound","Slimebound:Defend_Slimebound","Slimebound:Defend_Slimebound","Slimebound:Split","Slimebound:CorrosiveSpit","Slimebound:Schlurp","Slimebound:FirmFortitude","Slimebound:LeechEnergy","Slimebound:MassFeed","Deep Breath","Slimebound:ForwardTackle","Slimebound:Split","Slimebound:LeadByExample","Slimebound:SplitBruiser","Slimebound:DouseInSlime","Slimebound:LevelUp","Slimebound:Dissolve","Slimebound:SplitMire","Slimebound:LevelUp","Slimebound:RejuvenatingLick","Slimebound:LeechEnergy","Slimebound:TongueLash"],"relics":["Slimebound:AbsorbEndCombat","Shovel","MealTicket","hubris:SphereOfDissonance","Anchor","Slimebound:ScrapOozeRelic"],"acts_visited":["Exordium"],"potions_floor_usage":[16],"damage_taken":[{"damage":16.0,"enemies":"2 Louse","floor":3.0,"turns":3.0},{"damage":11.0,"enemies":"Small Slimes","floor":4.0,"turns":3.0},{"damage":0,"enemies":"downfall:FleeingMerchant","floor":6,"turns":4},{"damage":5,"enemies":"Cultist","floor":9,"turns":3},{"damage":22,"enemies":"downfall:FleeingMerchant","floor":12,"turns":4},{"damage":10,"enemies":"Exordium Wildlife","floor":13,"turns":4},{"damage":28,"enemies":"downfall:FleeingMerchant","floor":14,"turns":4},{"damage":20,"enemies":"Large Slime","floor":15,"turns":3},{"damage":92,"enemies":"downfall:Defect","floor":16,"turns":5}],"seed_played":"-4583803790481679850","potions_obtained":[{"floor":9,"key":"Fire Potion"},{"floor":13,"key":"FairyPotion"},{"floor":15,"key":"DuplicationPotion"}],"is_trial":false,"path_per_floor":["R","?","M","M","?","$","T","R","M","R","?","$","M","$","M","B"],"character_chosen":"SLIMEBOUND","items_purchased":["Slimebound:SplitBruiser","Slimebound:Dissolve","Slimebound:SplitMire","Slimebound:LeechEnergy"],"campfire_rested":0,"item_purchase_floors":[6,12,12,14],"current_hp_per_floor":[42,47,35,30,30,57,57,57,65,65,65,55,51,53,41,0,0],"gold":43,"neow_bonus":"ONE_RARE_RELIC","is_daily":false,"chose_seed":false,"campfire_upgraded":0,"win_rate":0.0,"timestamp":1608161453,"path_taken":["R","?","M","M","?","$","T","R","?","R","?","$","M","?","M","BOSS"],"items_purchased_type":["Card","Card","Card","Card"],"build_version":"2020-12-13","purchased_purges":0,"victory":false,"max_hp_per_floor":[60,65,65,65,65,65,65,65,65,65,65,65,65,65,65,65,65],"card_choices":[{"not_picked":["Slimebound:Replication","Slimebound:GrowthPunch"],"picked":"Slimebound:Schlurp","floor":3.0},{"not_picked":["Slimebound:GoopSpray","Slimebound:ComboTackle"],"picked":"Slimebound:FirmFortitude","floor":4.0},{"not_picked":["Slimebound:GrowthPunch","Slimebound:Chomp"],"picked":"Slimebound:LeadByExample","floor":6},{"not_picked":["Slimebound:SlimeTap","Slimebound:Replication"],"picked":"Slimebound:DouseInSlime","floor":9},{"not_picked":["Slimebound:DisruptingSlam","Slimebound:LeechingTouch"],"picked":"Slimebound:LevelUp","floor":12},{"not_picked":["Slimebound:SplitMire","Slimebound:SplitLeeching"],"picked":"Slimebound:LevelUp","floor":13},{"not_picked":["Slimebound:FormOfPuddle","Slimebound:SplitLeeching"],"picked":"Slimebound:RejuvenatingLick","floor":14},{"not_picked":["Slimebound:SamplingLick","Slimebound:GoopSpray"],"picked":"Slimebound:TongueLash","floor":15}],"player_experience":383231,"relics_obtained":[{"floor":1.0,"key":"MealTicket"},{"floor":7,"key":"hubris:SphereOfDissonance"},{"floor":8,"key":"Anchor"},{"floor":10,"key":"MawBank"}],"event_choices":[{"damage_healed":0.0,"max_hp_gain":5.0,"max_hp_loss":0.0,"gold_gain":0.0,"event_name":"Big Fish","player_choice":"Donut","floor":2.0,"gold_loss":0.0,"damage_taken":0.0}],"is_beta":false,"boss_relics":[],"items_purged_floors":[],"is_endless":false,"potions_floor_spawned":[9,13,15],"killed_by":"downfall:Defect","ascension_level":0}}