{"host":"ei424ha2zqt1xblg","time":1608119700,"event":{"mods":["BaseMod","Downfall-Rebalance","Minty Spire (QoL Compilation)","MostiFishMod","StSLib","TestMod","Waifu the Spire"],"gold_per_floor":[115,125,125,138,138,138,166,166,190,215,234,264,264,280,280,357,357,374,44,55,73,73,100,100,20,47,79,79,410,410,437,437,518,563,583,596,227,227,241,241,275,275,275,144,144,171,19,45,45,45,45,45,45,11,39,39],"floor_reached":57,"playtime":1274,"items_purged":["Strike_R","Strike_R","Strike_R","Strike_R","Strike_R"],"score":3899,"play_id":"4c462bff-81fd-4183-9f67-c92638542d83","local_time":"20201216195500","is_ascension_mode":true,"campfire_choices":[{"data":"Sword Boomerang","floor":6.0,"key":"SMITH"},{"data":"Pommel Strike","floor":8.0,"key":"SMITH"},{"data":"Body Slam","floor":13.0,"key":"SMITH"},{"floor":15.0,"key":"RECALL"},{"data":"True Grit","floor":24.0,"key":"SMITH"},{"data":"Shrug It Off","floor":32.0,"key":"SMITH"},{"data":"Bash","floor":40.0,"key":"SMITH"},{"data":"Wild Strike","floor":45,"key":"SMITH"},{"data":"Shrug It Off","floor":49,"key":"SMITH"},{"data":"Defend_R","floor":53,"key":"SMITH"}],"circlet_count":0,"master_deck":["AscendersBane","Defend_R+1","Defend_R+1","Defend_R","Defend_R+1","Bash+1","Pommel Strike+1","Sword Boomerang+1","Body Slam+1","True Grit+1","Shrug It Off+1","Armaments+1","Wild Strike+1","Shrug It Off+1"],"relics":["testmod-TestBox","DaveBox","RhineFirstAidKit","BirthdayGift-Tetrahedron","testmod-DreamHouse","Happy Flower","Lantern","PreservedInsect","Pen Nib","Bag of Preparation","testmod-Antiphasic","Eternal Feather","ImportantClient","BirthdayGift-Icosahedron","testmod-Hope","Bag of Marbles","Ancient Tea Set","Anchor","testmod-OneHitWonder","Old Coin","CeramicFish","MoonlightInvasionPlan","Membership Card","Sundial","Centennial Puzzle","HornCleat","Vajra","testmod-ArcanaOfDestiny","Bronze Scales","War Paint"],"acts_visited":["Exordium","TheCity","TheBeyond","TheEnding"],"potions_floor_usage":[56,56],"damage_taken":[{"damage":2.0,"enemies":"2 Louse","floor":1.0,"turns":2.0},{"damage":2.0,"enemies":"Cultist","floor":2.0,"turns":2.0},{"damage":2.0,"enemies":"Small Slimes","floor":4.0,"turns":2.0},{"damage":2.0,"enemies":"Gremlin Nob","floor":7.0,"turns":2.0},{"damage":2.0,"enemies":"3 Sentries","floor":10.0,"turns":2.0},{"damage":6.0,"enemies":"3 Louse","floor":11.0,"turns":2.0},{"damage":2.0,"enemies":"Gremlin Nob","floor":12.0,"turns":2.0},{"damage":0.0,"enemies":"Looter","floor":14.0,"turns":1.0},{"damage":17.0,"enemies":"Hexaghost","floor":16.0,"turns":3.0},{"damage":0.0,"enemies":"Chosen","floor":18.0,"turns":1.0},{"damage":0.0,"enemies":"Spheric Guardian","floor":20.0,"turns":1.0},{"damage":6.0,"enemies":"Snake Plant","floor":21.0,"turns":1.0},{"damage":1.0,"enemies":"Gremlin Leader","floor":23.0,"turns":2.0},{"damage":0.0,"enemies":"Slavers","floor":27.0,"turns":1.0},{"damage":0.0,"enemies":"Gremlin Leader","floor":29.0,"turns":1.0},{"damage":3.0,"enemies":"Automaton","floor":33.0,"turns":3.0},{"damage":1.0,"enemies":"3 Shapes","floor":35.0,"turns":2.0},{"damage":0.0,"enemies":"Orb Walker","floor":36.0,"turns":1.0},{"damage":1.0,"enemies":"Maw","floor":39.0,"turns":2.0},{"damage":1.0,"enemies":"Giant Head","floor":41.0,"turns":2.0},{"damage":0,"enemies":"Reptomancer","floor":46,"turns":1},{"damage":0,"enemies":"Nemesis","floor":48,"turns":1},{"damage":5,"enemies":"Awakened One","floor":50,"turns":3},{"damage":4,"enemies":"Donu and Deca","floor":51,"turns":3},{"damage":1,"enemies":"Shield and Spear","floor":55,"turns":2},{"damage":3,"enemies":"The Heart","floor":56,"turns":3}],"seed_played":"-3776881983584339465","potions_obtained":[{"floor":2.0,"key":"DistilledChaos"},{"floor":4.0,"key":"FearPotion"},{"floor":16.0,"key":"AttackPotion"},{"floor":23.0,"key":"ElixirPotion"}],"is_trial":false,"path_per_floor":["M","M","?","M","T","R","E","R","T","E","M","E","R","M","R","B",null,"M","$","M","M","?","E","R","$","T","E","?","E","?","T","R","B",null,"M","M","$","?","M","R","E","?","T","$","R","E","$","E","R","B","B",null,"R","$","E","B",null],"character_chosen":"IRONCLAD","items_purchased":["testmod-Hope","True Grit","Membership Card","Sundial","Centennial Puzzle","Wild Strike","Shrug It Off","Inflame","Whirlwind"],"campfire_rested":0,"item_purchase_floors":[19,19,37,37,37,44,47,54,54],"current_hp_per_floor":[66,64,64,62,62,62,60,60,60,58,52,50,56,56,62,45,68,69,69,70,65,65,65,71,71,71,72,147,148,100,100,106,104,142,142,143,143,143,143,149,149,149,149,149,155,155,155,155,155,151,148,153,155,155,155,153],"gold":39,"neow_bonus":"BOSS_RELIC","is_daily":false,"chose_seed":false,"campfire_upgraded":9,"win_rate":0.0,"timestamp":1608119700,"path_taken":["M","M","?","?","?","R","E","R","T","E","M","E","R","M","R","BOSS","M","$","?","M","?","E","R","$","T","E","?","E","?","?","R","BOSS","M","M","$","?","M","R","E","?","T","$","R","E","$","E","R","BOSS","BOSS","R","$","E","BOSS"],"items_purchased_type":["Relic","Card","Relic","Relic","Relic","Card","Card","Card","Card"],"build_version":"2020-12-13","purchased_purges":5,"victory":true,"max_hp_per_floor":[75,75,75,75,75,75,75,75,75,75,75,75,75,75,75,75,75,75,75,75,75,75,75,75,75,75,75,150,150,155,155,155,155,155,155,155,155,155,155,155,155,155,155,155,155,155,155,155,155,155,155,155,155,155,155,155],"card_choices":[{"not_picked":["Clothesline","Iron Wave"],"picked":"Pommel Strike","floor":1.0},{"not_picked":["Combust","Havoc"],"picked":"Sword Boomerang","floor":2.0},{"not_picked":["Wild Strike","Headbutt"],"picked":"MostiFishMod:NeverNightCountry","floor":4.0},{"not_picked":["Perfected Strike","Twin Strike"],"picked":"Burning Pact","floor":7.0},{"not_picked":["Havoc","MostiFishMod:BrandingRite"],"picked":"Entrench","floor":10.0},{"not_picked":["Cleave","Entrench"],"picked":"Body Slam","floor":11.0},{"not_picked":["Battle Trance","Double Tap"],"picked":"Burning Pact","floor":12.0},{"not_picked":["MostiFishMod:BrandingRite","Flex","Perfected Strike"],"picked":"SKIP","floor":14.0},{"not_picked":["MostiFishMod:#F4004","MostiFishMod:HellRitual"],"picked":"Impervious","floor":16.0},{"not_picked":["Bloodletting","Warcry"],"picked":"Pummel+1","floor":18.0},{"not_picked":["Heavy Blade","Intimidate+1","Headbutt"],"picked":"SKIP","floor":20.0},{"not_picked":["Second Wind","Cleave","Wild Strike+1"],"picked":"SKIP","floor":21.0},{"not_picked":["Sword Boomerang","Whirlwind","Pommel Strike"],"picked":"SKIP","floor":23.0},{"not_picked":["Sword Boomerang","Whirlwind","Pommel Strike"],"picked":"SKIP","floor":23.0},{"not_picked":["Thunderclap","Dual Wield","Sentinel"],"picked":"SKIP","floor":27.0},{"not_picked":["Wild Strike","Twin Strike"],"picked":"Shrug It Off","floor":29.0},{"not_picked":["MostiFishMod:FireWorks","Bludgeon"],"picked":"MostiFishMod:ChineseTea","floor":33.0},{"not_picked":["Thunderclap","Combust"],"picked":"Armaments+1","floor":35.0},{"not_picked":["True Grit","Cleave","Rupture"],"picked":"SKIP","floor":36.0},{"not_picked":["Body Slam","Twin Strike+1","Flex+1"],"picked":"SKIP","floor":39.0},{"not_picked":["Spot Weakness","Uppercut+1","Anger"],"picked":"SKIP","floor":41.0},{"not_picked":["Flex","Headbutt+1","Cleave"],"picked":"SKIP","floor":46},{"not_picked":["MostiFishMod:ChineseTea","Perfected Strike+1","Wild Strike"],"picked":"SKIP","floor":48},{"not_picked":["Wild Strike","Whirlwind","Twin Strike"],"picked":"SKIP","floor":55}],"player_experience":440396,"relics_obtained":[{"floor":3.0,"key":"PreservedInsect"},{"floor":5.0,"key":"Pen Nib"},{"floor":7.0,"key":"Bag of Preparation"},{"floor":10.0,"key":"testmod-Antiphasic"},{"floor":12.0,"key":"Eternal Feather"},{"floor":16.0,"key":"ImportantClient"},{"floor":23.0,"key":"Ancient Tea Set"},{"floor":26.0,"key":"Anchor"},{"floor":27.0,"key":"testmod-OneHitWonder"},{"floor":29.0,"key":"Old Coin"},{"floor":31.0,"key":"CeramicFish"},{"floor":41.0,"key":"HornCleat"},{"floor":43,"key":"Vajra"},{"floor":46,"key":"testmod-ArcanaOfDestiny"},{"floor":48,"key":"Bronze Scales"},{"floor":55,"key":"War Paint"}],"event_choices":[{"damage_healed":0.0,"max_hp_gain":0.0,"max_hp_loss":0.0,"gold_gain":0.0,"event_name":"Wheel of Change","player_choice":"Relic","floor":3.0,"gold_loss":0.0,"damage_taken":0.0},{"damage_healed":0.0,"max_hp_gain":0.0,"max_hp_loss":0.0,"gold_gain":0.0,"event_name":"Addict","player_choice":"Stole Relic","floor":22.0,"gold_loss":0.0,"damage_taken":0.0,"relics_obtained":["Bag of Marbles"],"cards_obtained":["Shame"]},{"damage_healed":0.0,"max_hp_gain":0.0,"max_hp_loss":0.0,"gold_gain":0.0,"event_name":"给自己的盒子","player_choice":"Swap Relic","floor":28.0,"relics_lost":["testmod-HarvestTotem"],"gold_loss":0.0,"damage_taken":0.0,"relics_obtained":["testmod-HarvestTotem"]},{"damage_healed":0.0,"max_hp_gain":5.0,"max_hp_loss":0.0,"gold_gain":0.0,"event_name":"Forgotten Altar","player_choice":"Shed Blood","floor":30.0,"gold_loss":0.0,"damage_taken":53.0},{"damage_healed":0.0,"max_hp_gain":0.0,"max_hp_loss":0.0,"gold_gain":0.0,"event_name":"Tomb of Lord Red Mask","player_choice":"Ignored","floor":38.0,"gold_loss":0.0,"damage_taken":0.0},{"damage_healed":0,"gold_gain":0,"player_choice":"Memory 1","damage_taken":0,"max_hp_gain":0,"max_hp_loss":0,"event_name":"SensoryStone","floor":42,"gold_loss":0}],"is_beta":false,"boss_relics":[{"not_picked":["Busted Crown","FixedStarFall"],"picked":"BirthdayGift-Icosahedron"},{"not_picked":["Runic Cube","testmod-TimeTraveler"],"picked":"MoonlightInvasionPlan"}],"items_purged_floors":[19,25,37,44,47],"is_endless":false,"potions_floor_spawned":[2,4,11,16,18,20,23,27,39,46,48,55],"ascension_level":20}}