{"host":"mn5ze3eyhx81nlo2","time":1608120814,"event":{"mods":["BaseMod","Block Reminder","Challenge The Spire","Downfall","Hermit","Hubris","Infinite Spire","Minty Spire (QoL Compilation)","Quick Restart","Replay The Spire","Shade Mod","StSLib","The Cursed","The Druid","The Hierophant","The Runesmith","Unceasing Turn Reminder"],"gold_per_floor":[114,42,56,74,74,74,84,136,136,170,170,188,218,168,168,265,265,276,201,111,126,139,139,139,139,220,220,220,249,264,278,278,381,381,392,292,292,309,309,309],"floor_reached":39,"playtime":1232,"items_purged":["hubris:Sloth"],"score":409,"play_id":"878a13b1-f607-43b2-b3b6-01e930be0dbd","local_time":"20201216121334","is_ascension_mode":false,"campfire_choices":[{"data":"Shade:Carnophage","floor":6,"key":"SMITH"},{"data":"Shade:OpenGraves","floor":11,"key":"SMITH"},{"floor":15,"key":"REST"},{"floor":23,"key":"RECALL"},{"data":"Shade:AuraOfUnlife","floor":25,"key":"SMITH"},{"data":"Shade:Bonestorm","floor":28,"key":"SMITH"},{"data":"Shade:CommandSoldier","floor":32,"key":"SMITH"}],"circlet_count":0,"master_deck":["Shade:Defend_Shade","Shade:Defend_Shade","Shade:AnimateDead+1","Shade:Carnophage+1","Shade:FreshBones+1","Shade:GraveStillness","Shade:Bonestorm+1","Shade:OpenGraves+1","Shade:AuraOfUnlife+1","Shade:UnbarTheGrave"],"relics":["Shade:YorickSkull","NeowsBlessing","infinitespire:BottledMercury","infinitespire:Bottled Soul","Torii","hubris:OldNail","Kintsugi","hubris:Towel","Replay:Bottled Steam","Replay:Wax Seal","Empty Cage"],"acts_visited":["Exordium","TheCity","TheBeyond"],"potions_floor_usage":[7,10,13,21,22,22,39,39],"damage_taken":[{"damage":0,"enemies":"Cultist","floor":1,"turns":1},{"damage":0,"enemies":"2 Louse","floor":3,"turns":1},{"damage":0,"enemies":"Jaw Worm","floor":4,"turns":1},{"damage":0,"enemies":"3 Louse","floor":7,"turns":3},{"damage":16,"enemies":"Lagavulin","floor":10,"turns":6},{"damage":0,"enemies":"Looter","floor":12,"turns":3},{"damage":14,"enemies":"Gremlin Nob","floor":13,"turns":4},{"damage":3,"enemies":"Hexaghost","floor":16,"turns":9},{"damage":1,"enemies":"Shell Parasite","floor":18,"turns":8},{"damage":0,"enemies":"3 Byrds","floor":21,"turns":4},{"damage":0,"enemies":"Snake Plant","floor":22,"turns":4},{"damage":13,"enemies":"Gremlin Leader","floor":29,"turns":5},{"damage":0,"enemies":"Snecko","floor":30,"turns":3},{"damage":0,"enemies":"Sentry and Sphere","floor":31,"turns":4},{"damage":1,"enemies":"Champ","floor":33,"turns":8},{"damage":1,"enemies":"Orb Walker","floor":35,"turns":3},{"damage":25,"enemies":"3 Darklings","floor":38,"turns":4},{"damage":51,"enemies":"2 Orb Walkers","floor":39,"turns":4}],"seed_played":"-7809173136552528976","potions_obtained":[{"floor":1,"key":"EssenceOfSteel"},{"floor":4,"key":"AttackPotion"},{"floor":12,"key":"hexamod:EctoCoolerPotion"},{"floor":16,"key":"Dexterity Potion"},{"floor":18,"key":"Fruit Juice"},{"floor":21,"key":"SteroidPotion"},{"floor":35,"key":"Block Potion"},{"floor":38,"key":"SpeedPotion"}],"is_trial":false,"path_per_floor":["M","$","M","M","?","R","M","?","T","E","R","M","E","?","R","B",null,"M","$","?","M","M","R","?","R","T","?","R","E","M","M","R","B",null,"M","NS","?","M","?"],"character_chosen":"SHADE","items_purchased":["Shade:Carnophage"],"campfire_rested":1,"item_purchase_floors":[2],"current_hp_per_floor":[65,65,65,65,65,65,65,65,65,49,49,49,35,35,54,51,65,64,64,64,69,69,69,69,69,69,69,69,56,56,56,56,55,70,69,69,69,44,0,0],"gold":309,"neow_bonus":"THREE_ENEMY_KILL","is_daily":false,"chose_seed":false,"campfire_upgraded":5,"win_rate":0.0,"timestamp":1608120814,"path_taken":["M","$","?","M","?","R","M","?","T","E","R","?","E","?","R","BOSS","M","$","?","M","?","R","?","R","T","?","R","E","M","M","R","BOSS","M","NS","?","?","?"],"items_purchased_type":["Card"],"build_version":"2020-12-13","purchased_purges":1,"victory":false,"max_hp_per_floor":[65,65,65,65,65,65,65,65,65,65,65,65,65,65,65,65,65,65,65,65,70,70,70,70,70,70,70,70,70,70,70,70,70,70,70,70,70,70,70,70],"card_choices":[{"not_picked":["Shade:Awaken","Shade:FingerOfDeath","Shade:RitualOffering"],"picked":"SKIP","floor":1},{"not_picked":["Shade:SpontaneousRitual","Shade:AncientSpear","Shade:PoundOfFlesh"],"picked":"SKIP","floor":3},{"not_picked":["Shade:GoDigging","Shade:RitualOffering"],"picked":"Shade:FreshBones","floor":4},{"not_picked":["Shade:FeralStrike","Shade:CallOfTheGrave"],"picked":"Shade:GraveStillness","floor":7},{"not_picked":["Shade:BoneShards","Shade:SensePrey"],"picked":"Shade:Bonestorm","floor":8},{"not_picked":["Shade:Carnophage","Shade:Frenzy"],"picked":"Shade:OpenGraves","floor":8},{"not_picked":["Shade:SkeletonHug","Shade:DarkOfNight","Shade:Bite_Shade"],"picked":"SKIP","floor":10},{"not_picked":["Shade:Awaken","Shade:SkeletonHug"],"picked":"Shade:AuraOfUnlife","floor":12},{"not_picked":["Shade:Bonestorm","Shade:Asphyxiate","Shade:CallOfTheGrave"],"picked":"SKIP","floor":13},{"not_picked":["Shade:LoseControl","Shade:OminousRitual"],"picked":"Shade:UnbarTheGrave","floor":16},{"not_picked":["Shade:FingerOfDeath","Shade:FuneraryArmor+1","Shade:PotionOfRestlessness+1"],"picked":"SKIP","floor":18},{"not_picked":["Shade:Brains","Shade:FeralStrike+1","Shade:Trample"],"picked":"SKIP","floor":21},{"not_picked":["Shade:Brains","Shade:FeralStrike+1","Shade:Trample"],"picked":"SKIP","floor":21},{"not_picked":["Shade:GreyBargain","Shade:Trample","Shade:FleshToFlesh+1"],"picked":"SKIP","floor":22},{"not_picked":["Shade:Bonestorm","Shade:FuneraryJewels"],"picked":"Shade:SkeletonArmy+1","floor":29},{"not_picked":["Shade:FleshToFlesh","Shade:LoseControl","Shade:Premonition"],"picked":"SKIP","floor":30},{"not_picked":["Shade:CallOfTheGrave","Shade:FingerOfDeath"],"picked":"Shade:CommandSoldier","floor":31},{"not_picked":["Shade:Trample+1","Shade:Frenzy+1","Shade:FleshToFlesh+1"],"picked":"SKIP","floor":35},{"not_picked":["Shade:PoundOfFlesh","Shade:BoneShards+1","Shade:ClawBack"],"picked":"SKIP","floor":38}],"player_experience":893843,"relics_obtained":[{"floor":5,"key":"infinitespire:BottledMercury"},{"floor":8,"key":"infinitespire:Bottled Soul"},{"floor":10,"key":"Torii"},{"floor":13,"key":"hubris:OldNail"},{"floor":26,"key":"Replay:Bottled Steam"},{"floor":29,"key":"Replay:Wax Seal"}],"event_choices":[{"cards_removed":["Shade:Strike_Shade"],"damage_healed":0,"gold_gain":0,"player_choice":"Card Removal","damage_taken":0,"max_hp_gain":0,"max_hp_loss":0,"event_name":"The Cleric","floor":14,"gold_loss":50},{"cards_removed":["ReplayTheSpireMod:Splinters"],"damage_healed":0,"gold_gain":0,"player_choice":"Upgrade and Remove","damage_taken":0,"max_hp_gain":0,"max_hp_loss":0,"event_name":"Designer","floor":20,"gold_loss":90,"cards_upgraded":["Shade:AnimateDead"]},{"cards_removed":["Shade:Defend_Shade"],"damage_healed":0,"gold_gain":0,"player_choice":"Card Removal","damage_taken":0,"max_hp_gain":0,"max_hp_loss":0,"event_name":"Wheel of Change","floor":37,"gold_loss":0},{"damage_healed":0,"gold_gain":0,"player_choice":"Fight","damage_taken":0,"max_hp_gain":0,"max_hp_loss":0,"event_name":"Mysterious Sphere","floor":39,"gold_loss":0}],"is_beta":false,"boss_relics":[{"not_picked":["Philosopher\u0027s Stone","hubris:ScarierMask"],"picked":"Kintsugi"},{"not_picked":["Busted Crown","ReplayTheSpireMod:SealedPack"],"picked":"Empty Cage"}],"items_purged_floors":[19],"is_endless":false,"potions_floor_spawned":[1,4,12,16,18,21,35,38],"killed_by":"2 Orb Walkers","ascension_level":0}}