{"host":"exexdi9os29xec1d","time":1608116649,"event":{"mods":["Act Like it!","BaseMod","Colored Map","Conspire","Decade(王小明)","Downfall","Gensokyo","Hero for Fun","HololiveMod","Hubris","Infinite Spire","KinomotoSakuraMod(木之本樱)","Koishi","LagranYue(拉格朗・月)","Marisa（F雨　魔理沙）","Minty Spire (QoL Compilation)","READ ME - Guardian Mod","Remilia（蕾米莉亚）","Replay The Spire","Shop Mod","StSLib","The Animator","The Bladedancer","The Bug Knight","The Cursed","The Disciple","The Hierophant","The Necromancer","The Servant 0.9.4","Youmu（魂魄妖梦）","[地精首领爬塔]The Maniac"],"gold_per_floor":[118,134,148,13,25,25,45,45,45,45,45,58,78,78,78,176,176,191,208,208,222,234,252,252,23,72,72,72,72,72,85,85,188,188,202,220,220,220,232,232,250,250,250],"floor_reached":42,"playtime":2203,"items_purged":["Strike_G"],"score":419,"play_id":"fd067599-1ff3-47f2-a043-808cf413d5b5","local_time":"20201216190409","is_ascension_mode":false,"campfire_choices":[{"data":"Backflip","floor":6.0,"key":"SMITH"},{"data":"Sucker Punch","floor":8.0,"key":"SMITH"},{"data":"Noxious Fumes","floor":10.0,"key":"SMITH"},{"floor":24,"key":"REST"},{"floor":29,"key":"REST"},{"floor":32,"key":"DIG"},{"floor":40,"key":"REST"}],"circlet_count":0,"master_deck":["Strike_G","Strike_G","Strike_G","Strike_G","Defend_G","Defend_G","Defend_G","Defend_G","Defend_G","Survivor","Neutralize","Backflip+1","Sucker Punch+1","Deadly Poison+1","Noxious Fumes+1","Noxious Fumes","Noxious Fumes","PiercingWail","infinitespire:Neurotoxin","ReplayTheSpireMod:Speed Training+1","Noxious Fumes","Sucker Punch","Deadly Poison","Blur","Footwork","Footwork","ReplayTheSpireMod:Exploit Weakness","Masterful Stab","Backflip","hubris:Sloth","TheCursedMod:Dregs","hubris:Fate","conspire:PoisonWeapons+1"],"relics":["Ring of the Snake","LagranYue:RandomDrawCardRelic","Torii","hubris:VirtuousBlindfold","DollysMirror","Regal Pillow","Blue Doll","hubris:RunicObelisk","hubris:Towel"],"acts_visited":["Exordium","TheCity","TheBeyond"],"potions_floor_usage":[23,33,33,41],"damage_taken":[{"damage":0.0,"enemies":"conspire:RoseBush","floor":1.0,"turns":5.0},{"damage":0.0,"enemies":"Jaw Worm","floor":2.0,"turns":5.0},{"damage":0.0,"enemies":"Cultist","floor":3.0,"turns":5.0},{"damage":5.0,"enemies":"conspire:2 RoseBushes","floor":5.0,"turns":6.0},{"damage":18.0,"enemies":"Lots of Slimes","floor":7.0,"turns":5.0},{"damage":2.0,"enemies":"Blue Slaver","floor":12.0,"turns":4.0},{"damage":2.0,"enemies":"Exordium Wildlife","floor":13.0,"turns":5.0},{"damage":4.0,"enemies":"Hexaghost","floor":16.0,"turns":8.0},{"damage":27.0,"enemies":"3 Byrds","floor":18.0,"turns":5.0},{"damage":0.0,"enemies":"Shell Parasite","floor":19.0,"turns":6.0},{"damage":9.0,"enemies":"Snake Plant","floor":21.0,"turns":5.0},{"damage":27,"enemies":"Shelled Parasite and Fungi","floor":22,"turns":5},{"damage":7,"enemies":"Chosen and Byrds","floor":23,"turns":5},{"damage":8,"enemies":"Snecko","floor":31,"turns":5},{"damage":44,"enemies":"Automaton","floor":33,"turns":9},{"damage":29,"enemies":"3 Shapes","floor":35,"turns":6},{"damage":1,"enemies":"Orb Walker","floor":36,"turns":3},{"damage":7,"enemies":"4 Shapes","floor":39,"turns":6},{"damage":31,"enemies":"Transient","floor":41,"turns":5},{"damage":38,"enemies":"Jaw Worm Horde","floor":42,"turns":4}],"seed_played":"996231582012984461","potions_obtained":[{"floor":2.0,"key":"CunningPotion"},{"floor":7.0,"key":"Regen Potion"},{"floor":13.0,"key":"AttackPotion"},{"floor":31,"key":"Flashbang"},{"floor":36,"key":"Fire Potion"}],"is_trial":false,"path_per_floor":["M","M","M","$","M","R","M","R","T","R","$","M","M","?","R_BF","B",null,"M","M","?","M","M","M","R","$","T","$","?","R","?","M","R_BF","B",null,"M","M","?","?","M","R","M","M"],"character_chosen":"THE_SILENT","items_purchased":["Noxious Fumes","Footwork","DollysMirror"],"campfire_rested":3,"item_purchase_floors":[4,25,25],"current_hp_per_floor":[70,70,70,70,65,65,47,47,47,47,47,45,43,43,64,60,70,43,43,37,28,1,9,30,30,30,30,30,66,66,58,58,14,70,41,40,40,40,33,69,38,0,0],"gold":250,"neow_bonus":"THREE_CARDS","is_daily":false,"chose_seed":false,"campfire_upgraded":3,"win_rate":0.0,"timestamp":1608116649,"path_taken":["M","?","M","$","M","R","M","R","T","R","$","M","M","?","R_BF","BOSS","M","M","?","?","?","M","R","$","T","?","?","R","?","M","R_BF","BOSS","M","M","?","?","?","R","M","M"],"items_purchased_type":["Card","Card","Relic"],"build_version":"2020-12-13","purchased_purges":1,"victory":false,"max_hp_per_floor":[70,70,70,70,70,70,70,70,70,70,70,70,70,70,70,70,70,70,70,70,70,70,70,70,70,70,70,70,70,70,70,70,70,70,70,70,70,70,70,70,70,70,70],"card_choices":[{"not_picked":["Caltrops","Expertise"],"picked":"Backflip","floor":0.0},{"not_picked":["ReplayTheSpireMod:The Works","Hidden Blade"],"picked":"Sucker Punch","floor":1.0},{"not_picked":["Dodge and Roll","PiercingWail"],"picked":"Deadly Poison","floor":2.0},{"not_picked":["Dodge and Roll","Slice","Dagger Throw"],"picked":"SKIP","floor":3.0},{"not_picked":["Well Laid Plans","Blur"],"picked":"Noxious Fumes","floor":5.0},{"not_picked":["Outmaneuver","Tools of the Trade","hubris:SlightOfHand"],"picked":"SKIP","floor":7.0},{"not_picked":["Blade Dance","Dagger Throw","Deflect"],"picked":"SKIP","floor":12.0},{"not_picked":["Slice","Bouncing Flask"],"picked":"PiercingWail","floor":13.0},{"not_picked":["Glass Knife","Wraith Form v2"],"picked":"infinitespire:Neurotoxin","floor":16.0},{"not_picked":["Acrobatics","ReplayTheSpireMod:Scrap Shanks"],"picked":"ReplayTheSpireMod:Speed Training+1","floor":18.0},{"not_picked":["Deflect","Outmaneuver"],"picked":"Noxious Fumes","floor":19.0},{"not_picked":["Flechettes","Replay:Poison Smokescreen"],"picked":"Sucker Punch","floor":21},{"not_picked":["hubris:Sniper","Terror"],"picked":"Deadly Poison","floor":22},{"not_picked":["Flechettes","hubris:SlightOfHand"],"picked":"Blur","floor":23},{"not_picked":["hubris:SlightOfHand","Dagger Throw","Dash"],"picked":"SKIP","floor":31},{"not_picked":["PiercingWail+1","Underhanded Strike"],"picked":"Masterful Stab","floor":35},{"not_picked":["Dodge and Roll+1","Flechettes"],"picked":"Backflip","floor":36},{"not_picked":["ReplayTheSpireMod:Chaos Vortex","ReplayTheSpireMod:Haul"],"picked":"hubris:Fate","floor":37},{"not_picked":["Dagger Throw","Dodge and Roll+1"],"picked":"conspire:PoisonWeapons+1","floor":39},{"not_picked":["Underhanded Strike","Dodge and Roll+1","Infinite Blades+1"],"picked":"SKIP","floor":41}],"player_experience":59319,"relics_obtained":[{"floor":9.0,"key":"Torii"},{"floor":26,"key":"Regal Pillow"},{"floor":32,"key":"Blue Doll"}],"event_choices":[{"damage_healed":0.0,"max_hp_gain":0.0,"max_hp_loss":0.0,"gold_gain":0.0,"event_name":"Golden Idol","player_choice":"Ignored","floor":14.0,"gold_loss":0.0,"damage_taken":0.0},{"damage_healed":0.0,"max_hp_gain":0.0,"max_hp_loss":0.0,"gold_gain":0.0,"event_name":"Knowing Skull","player_choice":"","floor":20.0,"potions_obtained":[],"gold_loss":0.0,"damage_taken":6.0,"cards_obtained":[]},{"damage_healed":0,"gold_gain":0,"player_choice":"1 cards matched","damage_taken":0,"max_hp_gain":0,"max_hp_loss":0,"event_name":"Match and Keep!","floor":30,"gold_loss":0,"cards_obtained":["ReplayTheSpireMod:Exploit Weakness"]}],"is_beta":false,"boss_relics":[{"not_picked":["HoveringKite","Replay:Wanted Poster"],"picked":"hubris:VirtuousBlindfold"},{"not_picked":["Hololive_TopUpMoneyS","Runic Pyramid"],"picked":"hubris:RunicObelisk"}],"items_purged_floors":[4],"is_endless":false,"potions_floor_spawned":[2,7,13,18,22,31,36],"killed_by":"Jaw Worm Horde","ascension_level":0}}