{"host":"y89x8uui45kcjy42","time":1608108518,"event":{"mods":["2.2 Compatiblity","BaseMod","CapriCore","Colored Map","Colored Powertips","Custom Start","Friendly Minions","Highlight Path","Keyboard Shortcuts","Minty Spire (QoL Compilation)","Relic Stats","Slay the Relics Exporter","StSLib","SuperFastMode","The Gatherer","Waifu the Spire"],"gold_per_floor":[114,114,129,140,153,187,187,214,259,275,285,285,300,250,250,355,355,368,399,399,399,338,338,372,372,372,372,392,424,439,450,450,546,546,560,578,91,91,105,130,130,143,166,183,195,195,245,245,245,245],"floor_reached":51,"playtime":3063,"items_purged":["Gatherer:CarefulStrike"],"score":754,"play_id":"2029d2ad-8d48-4032-9897-240fe6a78f13","local_time":"20201216174838","is_ascension_mode":false,"metric_token":1053,"campfire_choices":[{"data":"Gatherer:Centralize","floor":12,"key":"SMITH"},{"data":"Gatherer:Liquidism","floor":15,"key":"SMITH"},{"data":"Gatherer:MindSearch","floor":23,"key":"SMITH"},{"data":"Gatherer:Misfortune","floor":25,"key":"SMITH"},{"data":"Gatherer:SmartManeuver","floor":27,"key":"SMITH"},{"data":"Gatherer:FlamingBottle","floor":32,"key":"SMITH"},{"data":"Gatherer:FlowerWhip","floor":41,"key":"SMITH"},{"data":"Gatherer:LuckyClover","floor":49,"key":"SMITH"}],"circlet_count":0,"master_deck":["Gatherer:Strike_Gatherer","Gatherer:Defend_Gatherer","Gatherer:Defend_Gatherer","Gatherer:Defend_Gatherer","Gatherer:Centralize+1","Gatherer:FlowerWhip+1","Gatherer:SmartManeuver+1","Gatherer:QuickSynthesis","Gatherer:FlamingBottle+1","Gatherer:Liquidism+1","Gatherer:MindSearch+1","Gatherer:Misfortune+1","Gatherer:BambuSword","Gatherer:WitheringStrike+1","Gatherer:AlchemyTrial","Gatherer:LuckyClover+1","Gatherer:EnergyBasket+1","Gatherer:QuickSynthesis","Gatherer:FlowerFalling+1"],"relics":["Gatherer:AlchemyBag","NeowsBlessing","Mummified Hand","Sundial","Bag of Marbles","Coffee Dripper","Red Mask","Bronze Scales","Darkstone Periapt","Ornamental Fan","HornCleat","SacredBark","Shuriken","Orrery","Unceasing Top","Akabeko","Bird Faced Urn","Molten Egg 2"],"acts_visited":["Exordium","TheCity","TheBeyond"],"potions_floor_usage":[6,13,16,16,36,47,50,50],"damage_taken":[{"damage":0,"enemies":"2 Louse","floor":1,"turns":1},{"damage":0,"enemies":"Small Slimes","floor":3,"turns":1},{"damage":0,"enemies":"Cultist","floor":4,"turns":1},{"damage":10,"enemies":"Gremlin Gang","floor":5,"turns":4},{"damage":21,"enemies":"3 Sentries","floor":6,"turns":12},{"damage":28,"enemies":"Gremlin Nob","floor":8,"turns":4},{"damage":8,"enemies":"2 Fungi Beasts","floor":10,"turns":3},{"damage":0,"enemies":"Large Slime","floor":11,"turns":2},{"damage":0,"enemies":"Looter","floor":13,"turns":1},{"damage":20,"enemies":"Slime Boss","floor":16,"turns":13},{"damage":10,"enemies":"3 Byrds","floor":18,"turns":4},{"damage":36,"enemies":"Masked Bandits","floor":19,"turns":5},{"damage":6,"enemies":"Book of Stabbing","floor":24,"turns":3},{"damage":0,"enemies":"Chosen","floor":28,"turns":1},{"damage":9,"enemies":"Slavers","floor":29,"turns":5},{"damage":0,"enemies":"Snake Plant","floor":30,"turns":3},{"damage":0,"enemies":"Centurion and Healer","floor":31,"turns":3},{"damage":0,"enemies":"Champ","floor":33,"turns":11},{"damage":7,"enemies":"3 Shapes","floor":35,"turns":3},{"damage":11,"enemies":"3 Darklings","floor":36,"turns":3},{"damage":11,"enemies":"Writhing Mass","floor":39,"turns":4},{"damage":2,"enemies":"Giant Head","floor":40,"turns":6},{"damage":3,"enemies":"Sphere and 2 Shapes","floor":42,"turns":4},{"damage":0,"enemies":"Jaw Worm Horde","floor":44,"turns":2},{"damage":0,"enemies":"3 Darklings","floor":45,"turns":2},{"damage":0,"enemies":"Mind Bloom Boss Battle","floor":47,"turns":3},{"damage":11,"enemies":"Awakened One","floor":50,"turns":6}],"seed_played":"-2555230652345378149","potions_obtained":[{"floor":1,"key":"GamblersBrew"},{"floor":5,"key":"LiquidMemories"},{"floor":11,"key":"BottledMiracle"},{"floor":13,"key":"GhostInAJar"},{"floor":24,"key":"BloodPotion"},{"floor":29,"key":"LiquidBronze"},{"floor":30,"key":"BloodPotion"},{"floor":40,"key":"SneckoOil"},{"floor":45,"key":"Poison Potion"},{"floor":47,"key":"Energy Potion"}],"is_trial":false,"path_per_floor":["M","?","M","M","M","E","?","E","T","M","M","R","M","?","R","B",null,"M","?","?","?","?","R","E","R","T","R","M","E","M","M","R","B",null,"M","M","$","?","M","E","R","M","T","M","M","?","?","T","R","B",null],"character_chosen":"THE_GATHERER","items_purchased":["Shuriken","Orrery"],"campfire_rested":0,"item_purchase_floors":[37,37],"current_hp_per_floor":[72,65,65,65,55,34,58,30,30,22,22,22,22,22,22,2,72,62,26,26,26,26,26,20,20,20,20,20,11,11,11,11,11,72,65,54,54,54,43,41,41,38,38,38,38,38,65,65,65,68],"gold":245,"neow_bonus":"THREE_ENEMY_KILL","is_daily":false,"chose_seed":false,"campfire_upgraded":8,"win_rate":0.0,"timestamp":1608108518,"path_taken":["M","?","M","M","M","E","?","E","T","M","M","R","M","?","R","BOSS","M","?","?","?","?","R","E","R","T","R","M","E","?","M","R","BOSS","M","?","$","?","M","E","R","M","T","M","M","?","?","?","R","BOSS"],"items_purchased_type":["Relic","Relic"],"build_version":"2020-12-13","purchased_purges":1,"victory":true,"max_hp_per_floor":[72,72,72,72,72,72,72,72,72,72,72,72,72,72,72,72,72,72,72,72,72,72,72,72,72,72,72,72,72,72,72,72,72,72,72,72,72,68,68,68,68,68,68,68,68,68,68,68,68,68],"relic_stats":{"Darkstone Periapt":0,"counters":[27,110],"Mummified Hand":[51],"Sundial":[20],"Ornamental Fan":[132],"Shuriken":[19],"Bronze Scales":[156],"Bird Faced Urn":[10],"obtain_stats":[{"Darkstone Periapt":24,"NeowsBlessing":0,"SacredBark":34,"Akabeko":43,"HornCleat":29,"Mummified Hand":6,"Sundial":8,"Ornamental Fan":26,"Shuriken":37,"Bronze Scales":22,"Bird Faced Urn":47,"Orrery":37,"Molten Egg 2":48,"Bag of Marbles":9,"Coffee Dripper":17,"Red Mask":19,"Gatherer:AlchemyBag":0,"Unceasing Top":40},{"Darkstone Periapt":13,"NeowsBlessing":0,"SacredBark":18,"Akabeko":23,"HornCleat":15,"Mummified Hand":5,"Sundial":6,"Ornamental Fan":13,"Shuriken":20,"Bronze Scales":12,"Bird Faced Urn":26,"Orrery":20,"Molten Egg 2":26,"Bag of Marbles":6,"Coffee Dripper":10,"Red Mask":12,"Gatherer:AlchemyBag":0,"Unceasing Top":22},{"Darkstone Periapt":54,"NeowsBlessing":0,"SacredBark":77,"Akabeko":97,"HornCleat":60,"Mummified Hand":19,"Sundial":23,"Ornamental Fan":54,"Shuriken":83,"Bronze Scales":51,"Bird Faced Urn":104,"Orrery":83,"Molten Egg 2":104,"Bag of Marbles":23,"Coffee Dripper":42,"Red Mask":51,"Gatherer:AlchemyBag":0,"Unceasing Top":93}],"Unceasing Top":[17]},"card_choices":[{"not_picked":["Gatherer:FeelingFine","Gatherer:BambuSword"],"picked":"Gatherer:SmartManeuver","floor":1},{"not_picked":["Gatherer:SaveValuables","Gatherer:TacticalStrike","Gatherer:FeelingFine"],"picked":"SKIP","floor":3},{"not_picked":["Gatherer:TacticalStrike","Gatherer:CollectorsShot"],"picked":"Gatherer:QuickSynthesis","floor":4},{"not_picked":["Gatherer:FragileHammer","Gatherer:Duality"],"picked":"Gatherer:CarefulStrike","floor":5},{"not_picked":["Gatherer:ScrollOfPurity","Gatherer:OddSpoils"],"picked":"Gatherer:FlamingBottle","floor":6},{"not_picked":["Gatherer:WoolGloves","Gatherer:Transmute","Gatherer:CarefulStrike"],"picked":"SKIP","floor":8},{"not_picked":["Gatherer:TreeGrowth","Gatherer:CollectorsShot","Gatherer:AcidicSpray"],"picked":"SKIP","floor":10},{"not_picked":["Gatherer:AcidicSpray","Gatherer:ScherryThrow","Gatherer:Duplicator"],"picked":"SKIP","floor":11},{"not_picked":["Gatherer:Snatch","Gatherer:GatherMaterial"],"picked":"Gatherer:Liquidism","floor":13},{"not_picked":["Gatherer:ColorfulGarden","Gatherer:HeartToFruit"],"picked":"Gatherer:MindSearch","floor":16},{"not_picked":["Gatherer:AromaProtection","Gatherer:EnergyBasket","Gatherer:UpgradeBag"],"picked":"SKIP","floor":18},{"not_picked":["Gatherer:AcidicSpray","Gatherer:ScherryThrow"],"picked":"Gatherer:WitheringStrike+1","floor":24},{"not_picked":["Gatherer:EchoOfNature","Gatherer:AromaProtection"],"picked":"Gatherer:AlchemyTrial","floor":28},{"not_picked":["Gatherer:BomberForm","Gatherer:ScentOfRosmari","Gatherer:TreeGrowth"],"picked":"SKIP","floor":29},{"not_picked":["Gatherer:Solidify","Gatherer:Pollute","Gatherer:ScrollOfWall+1"],"picked":"SKIP","floor":30},{"not_picked":["Gatherer:Frenzy","Gatherer:FlowerFalling","Gatherer:AromaProtection+1"],"picked":"SKIP","floor":31},{"not_picked":["Gatherer:MindSearch","Gatherer:GrowBook"],"picked":"Gatherer:LuckyClover","floor":33},{"not_picked":["Gatherer:GlowingPlant+1","Gatherer:BambuSword","Gatherer:FeelingFine"],"picked":"SKIP","floor":35},{"not_picked":["Gatherer:SealedBomb","Gatherer:TacticalStrike","Gatherer:Nutrients"],"picked":"SKIP","floor":36},{"not_picked":["Gatherer:TacticalStrike+1","Gatherer:Transmute"],"picked":"Gatherer:EnergyBasket+1","floor":37},{"not_picked":["Gatherer:AromaProtection+1","Gatherer:Solidify+1","Gatherer:AcidicSpray"],"picked":"SKIP","floor":39},{"not_picked":["Gatherer:OddSpoils","Gatherer:Duplicator+1","Gatherer:RecoveryHerb"],"picked":"SKIP","floor":40},{"not_picked":["Gatherer:EnergyBasket+1","Gatherer:GatherMaterial+1","Gatherer:VenomBarrier"],"picked":"SKIP","floor":42},{"not_picked":["Gatherer:BambuSword","Gatherer:EnergyBasket","Gatherer:CarefulStrike"],"picked":"SKIP","floor":44},{"not_picked":["Gatherer:WoolGloves","Gatherer:GatherMaterial"],"picked":"Gatherer:QuickSynthesis","floor":45},{"not_picked":["Gatherer:FlowerShield+1","Gatherer:Duplicator"],"picked":"Gatherer:FlowerFalling+1","floor":47}],"player_experience":496288,"relics_obtained":[{"floor":6,"key":"Mummified Hand"},{"floor":8,"key":"Sundial"},{"floor":9,"key":"Bag of Marbles"},{"floor":19,"key":"Red Mask"},{"floor":24,"key":"Darkstone Periapt"},{"floor":26,"key":"Ornamental Fan"},{"floor":29,"key":"HornCleat"},{"floor":40,"key":"Unceasing Top"},{"floor":43,"key":"Akabeko"},{"floor":47,"key":"Bird Faced Urn"},{"floor":48,"key":"Molten Egg 2"}],"event_choices":[{"cards_removed":["Gatherer:Strike_Gatherer"],"damage_healed":0,"gold_gain":0,"player_choice":"Card Removal","damage_taken":7,"max_hp_gain":0,"max_hp_loss":0,"event_name":"Golden Wing","floor":2,"gold_loss":0},{"damage_healed":24,"gold_gain":0,"player_choice":"Banana","damage_taken":0,"max_hp_gain":0,"max_hp_loss":0,"event_name":"Big Fish","floor":7,"gold_loss":0},{"cards_removed":["Gatherer:Strike_Gatherer"],"damage_healed":0,"gold_gain":0,"player_choice":"Card Removal","damage_taken":0,"max_hp_gain":0,"max_hp_loss":0,"event_name":"The Cleric","floor":14,"gold_loss":50},{"damage_healed":0,"gold_gain":0,"player_choice":"Fought Bandits","damage_taken":0,"max_hp_gain":0,"max_hp_loss":0,"event_name":"Masked Bandits","floor":19,"gold_loss":0},{"cards_removed":["Gatherer:Defend_Gatherer"],"damage_healed":0,"gold_gain":0,"player_choice":"Elegance","damage_taken":0,"max_hp_gain":0,"max_hp_loss":0,"event_name":"Back to Basics","floor":20,"gold_loss":0},{"damage_healed":0,"gold_gain":0,"cards_transformed":["Gatherer:Strike_Gatherer","Gatherer:Defend_Gatherer"],"player_choice":"Became Test Subject","damage_taken":0,"max_hp_gain":0,"max_hp_loss":0,"event_name":"Drug Dealer","floor":21,"gold_loss":0,"cards_obtained":["Gatherer:Misfortune","Gatherer:BambuSword"]},{"damage_healed":0,"gold_gain":0,"player_choice":"Paid Gold","damage_taken":0,"relics_obtained":["Bronze Scales"],"max_hp_gain":0,"max_hp_loss":0,"event_name":"WeMeetAgain","floor":22,"gold_loss":61},{"damage_healed":0,"gold_gain":0,"player_choice":"Max HP","damage_taken":0,"max_hp_gain":0,"max_hp_loss":4,"event_name":"Winding Halls","floor":38,"gold_loss":0},{"cards_removed":["Gatherer:Strike_Gatherer"],"damage_healed":0,"gold_gain":0,"player_choice":"Removed Attack","damage_taken":0,"max_hp_gain":0,"max_hp_loss":0,"event_name":"Falling","floor":46,"gold_loss":0},{"damage_healed":0,"gold_gain":0,"player_choice":"Fight","damage_taken":0,"max_hp_gain":0,"max_hp_loss":0,"event_name":"MindBloom","floor":47,"gold_loss":0}],"is_beta":false,"boss_relics":[{"not_picked":["Snecko Eye","Ectoplasm","Busted Crown"]},{"not_picked":["Fusion Hammer","Tiny House"],"picked":"SacredBark"}],"items_purged_floors":[37],"is_endless":false,"potions_floor_spawned":[1,5,11,13,24,29,30,35,40,45,47],"ascension_level":0}}