{"host":"xkcp1i6l4yppoyj3","time":1608113286,"event":{"mods":["2.2 Compatiblity","AchievementEnabler","BaseMod","Colored Map","Colored Powertips","DeckTracker","Highlight Path","KOR Keyword Fix","Keyboard Shortcuts","Minty Spire (QoL Compilation)","Quick Restart","Relic Stats","StSLib","SuperFastMode","The Hierophant"],"gold_per_floor":[112,129,59,59,59,94,94,129,129,54,70,85,103,118,118,220,220,226,226,226,141,135,91,91,91,91,91,120,120,19,29,29,128,128,140,139,149,128,128,143,155,162,174,220,44,44,50,65,65,25],"floor_reached":51,"playtime":1245,"items_purged":["hierophant:Defend_Hierophant","hierophant:Strike_Hierophant","Parasite","hierophant:Defend_Hierophant"],"score":901,"play_id":"5348195c-dcf1-4fb9-b571-33f48c96a3fe","local_time":"20201216190806","is_ascension_mode":true,"campfire_choices":[{"data":"hierophant:LocustPlague","floor":7.0,"key":"SMITH"},{"data":"hierophant:Bribe","floor":15.0,"key":"SMITH"},{"floor":24.0,"key":"REST"},{"data":"hierophant:Levitation","floor":27.0,"key":"SMITH"},{"data":"hierophant:Doomsaying","floor":29.0,"key":"SMITH"},{"floor":32.0,"key":"REST"},{"data":"hierophant:Alms","floor":41,"key":"SMITH"},{"data":"hierophant:Invocation","floor":49,"key":"SMITH"}],"circlet_count":0,"master_deck":["hierophant:Strike_Hierophant+1","hierophant:Punish","hierophant:Defend_Hierophant","hierophant:Defend_Hierophant","hierophant:ChurchCoffers+1","hierophant:LocustPlague+1","hierophant:Bribe+1","hierophant:Levitation+1","hierophant:Doomsaying+1","CurseOfTheBell","hierophant:Alms+1","hierophant:WrathOfGod+1","hierophant:AuricForm","hierophant:WrathOfGod+1","hierophant:Community","hierophant:Glossolalia","hierophant:Invocation+1","hierophant:Alms+1"],"relics":["hierophant:PropheticMaskRelic","NeowsBlessing","Kunai","Mummified Hand","MealTicket","Sozu","Dream Catcher","Akabeko","Vajra","Blood Vial","Art of War","Calling Bell","Lantern","Molten Egg 2","Mango","Orrery","MawBank","Pocketwatch","Bronze Scales","Ice Cream","ClockworkSouvenir"],"acts_visited":["Exordium","TheCity","TheBeyond"],"potions_floor_usage":[],"damage_taken":[{"damage":0.0,"enemies":"Cultist","floor":1.0,"turns":1.0},{"damage":0.0,"enemies":"Jaw Worm","floor":2.0,"turns":1.0},{"damage":0.0,"enemies":"3 Sentries","floor":6.0,"turns":1.0},{"damage":0.0,"enemies":"Gremlin Nob","floor":8.0,"turns":2.0},{"damage":0.0,"enemies":"Small Slimes","floor":11.0,"turns":2.0},{"damage":6.0,"enemies":"Looter","floor":12.0,"turns":2.0},{"damage":5.0,"enemies":"Gremlin Gang","floor":13.0,"turns":3.0},{"damage":2.0,"enemies":"2 Fungi Beasts","floor":14.0,"turns":2.0},{"damage":10.0,"enemies":"Hexaghost","floor":16.0,"turns":5.0},{"damage":2.0,"enemies":"Shell Parasite","floor":18.0,"turns":3.0},{"damage":14.0,"enemies":"2 Thieves","floor":22.0,"turns":3.0},{"damage":43.0,"enemies":"Book of Stabbing","floor":23.0,"turns":7.0},{"damage":12.0,"enemies":"Gremlin Leader","floor":28.0,"turns":2.0},{"damage":1.0,"enemies":"3 Cultists","floor":31.0,"turns":4.0},{"damage":21.0,"enemies":"Collector","floor":33.0,"turns":5.0},{"damage":0.0,"enemies":"3 Shapes","floor":35.0,"turns":1.0},{"damage":0.0,"enemies":"3 Darklings","floor":37.0,"turns":2.0},{"damage":0,"enemies":"Writhing Mass","floor":38,"turns":3},{"damage":16,"enemies":"Reptomancer","floor":40,"turns":3},{"damage":13,"enemies":"Nemesis","floor":42,"turns":5},{"damage":0,"enemies":"2 Orb Walkers","floor":44,"turns":2},{"damage":0,"enemies":"Maw","floor":48,"turns":1},{"damage":1,"enemies":"Awakened One","floor":50,"turns":2}],"seed_played":"-7538343429909099465","potions_obtained":[{"floor":1.0,"key":"Explosive Potion"},{"floor":2.0,"key":"Ancient Potion"},{"floor":6.0,"key":"ColorlessPotion"},{"floor":12.0,"key":"AttackPotion"},{"floor":13.0,"key":"PowerPotion"}],"is_trial":false,"path_per_floor":["M","M","$","?","?","E","R","E","T","$","M","M","M","M","R","B",null,"M","?","?","?","M","E","R","T","T","R","E","R","$","M","R","B",null,"M","$","M","M","?","E","R","E","T","?","$","?","$","M","R","B",null],"character_chosen":"HIEROPHANT","items_purchased":["hierophant:LocustPlague","hierophant:WrathOfGod","hierophant:WrathOfGod+1","Orrery","hierophant:Invocation","ClockworkSouvenir"],"campfire_rested":2,"item_purchase_floors":[3,30,36,36,45,47],"current_hp_per_floor":[75,75,75,68,53,53,53,53,53,68,68,62,57,55,55,45,75,73,73,73,73,59,16,38,38,38,38,28,28,43,44,66,47,89,89,89,89,89,85,69,69,58,58,60,75,75,82,82,82,81],"gold":25,"neow_bonus":"THREE_ENEMY_KILL","is_daily":false,"chose_seed":false,"campfire_upgraded":6,"win_rate":0.0,"timestamp":1608113286,"path_taken":["M","M","$","?","?","E","R","E","T","$","M","M","M","M","R","BOSS","M","?","?","?","M","E","R","?","T","R","E","R","$","M","R","BOSS","M","$","M","?","?","E","R","E","T","?","?","?","$","M","R","BOSS"],"items_purchased_type":["Card","Card","Card","Relic","Card","Relic"],"build_version":"2020-12-13","purchased_purges":4,"victory":true,"max_hp_per_floor":[75,75,75,75,75,75,75,75,75,75,75,75,75,75,75,75,75,75,75,75,75,75,75,75,75,75,75,75,75,75,75,75,75,89,89,89,89,89,85,85,85,85,85,85,82,82,82,82,82,82],"relic_stats":{"Sozu":6,"Blood Vial":10,"Dream Catcher":2,"counters":[23,62],"Mummified Hand":[29],"Bronze Scales":[6],"MealTicket":52,"Art of War":[7],"Kunai":[2],"MawBank":60,"obtain_stats":[{"Ice Cream":44,"Lantern":34,"NeowsBlessing":0,"hierophant:PropheticMaskRelic":0,"Vajra":25,"Mango":34,"MawBank":40,"Akabeko":23,"ClockworkSouvenir":47,"Sozu":17,"Blood Vial":26,"Calling Bell":34,"Dream Catcher":21,"Mummified Hand":8,"Bronze Scales":43,"Orrery":36,"MealTicket":9,"Molten Egg 2":34,"Art of War":28,"Kunai":6,"Pocketwatch":42},{"Ice Cream":21,"Lantern":15,"NeowsBlessing":0,"hierophant:PropheticMaskRelic":0,"Vajra":12,"Mango":15,"MawBank":19,"Akabeko":12,"ClockworkSouvenir":21,"Sozu":9,"Blood Vial":12,"Calling Bell":15,"Dream Catcher":10,"Mummified Hand":4,"Bronze Scales":20,"Orrery":16,"MealTicket":4,"Molten Egg 2":15,"Art of War":13,"Kunai":3,"Pocketwatch":20},{"Ice Cream":59,"Lantern":43,"NeowsBlessing":0,"hierophant:PropheticMaskRelic":0,"Vajra":32,"Mango":43,"MawBank":52,"Akabeko":32,"ClockworkSouvenir":59,"Sozu":19,"Blood Vial":32,"Calling Bell":43,"Dream Catcher":22,"Mummified Hand":5,"Bronze Scales":57,"Orrery":44,"MealTicket":5,"Molten Egg 2":43,"Art of War":34,"Kunai":3,"Pocketwatch":57}],"Pocketwatch":[3]},"card_choices":[{"not_picked":["hierophant:EyeForCoin","hierophant:Remorse","hierophant:Alms"],"picked":"SKIP","floor":1.0},{"not_picked":["hierophant:SecretStash","hierophant:HolyVerse","hierophant:Doomsaying"],"picked":"SKIP","floor":2.0},{"not_picked":["hierophant:RustyCrate","hierophant:ThreeLashes","hierophant:FlamingChariot"],"picked":"SKIP","floor":6.0},{"not_picked":["hierophant:Chorus","hierophant:RepressedViolence","hierophant:FaithHealing"],"picked":"SKIP","floor":8.0},{"not_picked":["hierophant:MirrorShield","hierophant:Remorse","hierophant:FieryStrike"],"picked":"SKIP","floor":11.0},{"not_picked":["hierophant:Determination","hierophant:HolyVerse","hierophant:Embezzle"],"picked":"SKIP","floor":12.0},{"not_picked":["hierophant:Sermon","hierophant:Remorse","hierophant:CoinFling"],"picked":"SKIP","floor":13.0},{"not_picked":["hierophant:OrnateBuckler","hierophant:Upheaval"],"picked":"hierophant:Bribe","floor":14.0},{"not_picked":["hierophant:Generosity","hierophant:WrathOfGod"],"picked":"hierophant:Levitation","floor":16.0},{"not_picked":["hierophant:HolyVerse","hierophant:DisplayOfPower","hierophant:Encroach"],"picked":"SKIP","floor":18.0},{"not_picked":["hierophant:Purify","hierophant:RecallFunds","hierophant:RustyCrate+1"],"picked":"SKIP","floor":22.0},{"not_picked":["hierophant:Shelter","hierophant:Zeal","hierophant:CoinFling+1"],"picked":"SKIP","floor":23.0},{"not_picked":["hierophant:Embezzle+1","hierophant:Prophecy","hierophant:RecallFunds+1"],"picked":"SKIP","floor":28.0},{"not_picked":["hierophant:PassingBell","hierophant:ThreeLashes","hierophant:RepressedViolence"],"picked":"SKIP","floor":31.0},{"not_picked":["hierophant:EyeForCoin","hierophant:Smite+1"],"picked":"hierophant:Alms","floor":35.0},{"not_picked":["hierophant:Refuge+1","hierophant:ThreeLashes+1"],"picked":"hierophant:AuricForm","floor":36.0},{"not_picked":["hierophant:ThreeLashes+1","hierophant:Shelter"],"picked":"hierophant:WrathOfGod+1","floor":36.0},{"not_picked":["hierophant:CoinFling+1","hierophant:HammerAndAnvil+1"],"picked":"hierophant:Community","floor":36.0},{"not_picked":["hierophant:AuricBeam+1","hierophant:PassingBell+1"],"picked":"hierophant:Glossolalia","floor":37.0},{"not_picked":["hierophant:Doubloon+1","hierophant:HolyVerse","hierophant:Patience+1"],"picked":"SKIP","floor":38},{"not_picked":["hierophant:RustyCrate","hierophant:AuricBeam+1","hierophant:HolyVerse"],"picked":"SKIP","floor":40},{"not_picked":["hierophant:RepressedViolence+1","hierophant:DisplayOfPower+1","hierophant:Upheaval+1"],"picked":"SKIP","floor":42},{"not_picked":["hierophant:Doomsaying+1","hierophant:Charity+1"],"picked":"hierophant:Alms+1","floor":48}],"player_experience":485170,"relics_obtained":[{"floor":6.0,"key":"Kunai"},{"floor":8.0,"key":"Mummified Hand"},{"floor":9.0,"key":"MealTicket"},{"floor":23.0,"key":"Akabeko"},{"floor":25.0,"key":"Vajra"},{"floor":26.0,"key":"Blood Vial"},{"floor":28.0,"key":"Art of War"},{"floor":34.0,"key":"Lantern"},{"floor":34.0,"key":"Molten Egg 2"},{"floor":34.0,"key":"Mango"},{"floor":40,"key":"MawBank"},{"floor":42,"key":"Pocketwatch"},{"floor":43,"key":"Bronze Scales"},{"floor":44,"key":"Ice Cream"}],"event_choices":[{"cards_removed":["hierophant:Strike_Hierophant"],"damage_healed":0.0,"max_hp_gain":0.0,"max_hp_loss":0.0,"gold_gain":0.0,"event_name":"Golden Wing","player_choice":"Card Removal","floor":4.0,"gold_loss":0.0,"damage_taken":7.0},{"damage_healed":0.0,"max_hp_gain":0.0,"max_hp_loss":0.0,"gold_gain":0.0,"event_name":"Shining Light","player_choice":"Entered Light","floor":5.0,"gold_loss":0.0,"damage_taken":15.0,"cards_upgraded":["hierophant:ChurchCoffers","hierophant:Strike_Hierophant"]},{"cards_removed":["hierophant:Strike_Hierophant"],"damage_healed":0.0,"max_hp_gain":0.0,"max_hp_loss":0.0,"gold_gain":0.0,"event_name":"Back to Basics","player_choice":"Elegance","floor":19.0,"gold_loss":0.0,"damage_taken":0.0},{"damage_healed":0.0,"max_hp_gain":0.0,"max_hp_loss":0.0,"gold_gain":0.0,"event_name":"The Library","player_choice":"Read","floor":20.0,"gold_loss":0.0,"damage_taken":0.0,"cards_obtained":["hierophant:Doomsaying"]},{"damage_healed":0.0,"max_hp_gain":0.0,"max_hp_loss":0.0,"gold_gain":0.0,"event_name":"Addict","player_choice":"Obtained Relic","floor":21.0,"gold_loss":85.0,"damage_taken":0.0,"relics_obtained":["Dream Catcher"]},{"damage_healed":0,"gold_gain":0,"player_choice":"Max HP","damage_taken":0,"max_hp_gain":0,"max_hp_loss":4,"event_name":"Winding Halls","floor":39,"gold_loss":0},{"damage_healed":0,"gold_gain":0,"player_choice":"Fight","damage_taken":0,"max_hp_gain":0,"max_hp_loss":0,"event_name":"Mysterious Sphere","floor":44,"gold_loss":0},{"cards_removed":["hierophant:WrathOfGod"],"damage_healed":0,"gold_gain":0,"player_choice":"Removed Attack","damage_taken":0,"max_hp_gain":0,"max_hp_loss":0,"event_name":"Falling","floor":46,"gold_loss":0}],"is_beta":false,"boss_relics":[{"not_picked":["Ectoplasm","Snecko Eye"],"picked":"Sozu"},{"not_picked":["SacredBark","Pandora\u0027s Box"],"picked":"Calling Bell"}],"items_purged_floors":[10,30,45,47],"is_endless":false,"potions_floor_spawned":[1,2,6,12,13,22,28,31,40,42,44],"ascension_level":2}}