{"host":"fhq3k2nq5elnbks3","time":1608109290,"event":{"mods":["2.2 Compatiblity","AchievementEnabler","Act Like it!","AlwaysNeverKeys","Aspiration","Astrologer","Bard","Bartender","BaseMod","Better Altar","Better Skull","Better Vampires","Better-Laid Plans","CapriCore","Card Filter","CatGirl Mod","Chen","Colored Powertips","Displayed Cursed Tome","Ekko","Eldritch Tears","Fiend Mod","Fireblade Mod","Friendly Minions","FutureSeer","Gensokyo","GifTheSpireLib","Gremlin Mod","Gremlin Skip","Hallownest","Hermit","HololiveMod","Hunter ??","JesterMod","Jorbs\u0027s Wanderer Trilogy","Koishi","Mad Scientist","Magitek Elite","Marisa????????","Mathemortician","Minty Spire (QoL Compilation)","Nova Terra(??·??)","Onozuka Komachi Mod","Permanent Neow","Potionbrewer","Prisma Mod","QueenMod","Quick Restart","READ ME - Guardian Mod","Reimu??????","Relic Filter","Remilia??????","Robot Space Explorer","Ruin Mod","SOS???????","Shop Mod","Somnambulant","Spikes Relics","StSLib","SuperFastMode","Td1madao Mod","The Administrix","The Animator","The Blackbeard","The Bug Knight","The Cursed","The Death Knight","The Druid","The Exalted","The Exordian Avenger","The Fake Hero","The Florist","The Forsaken","The Gatherer","The Hierophant","The Immortal","The Necromancer","The Runesmith","The Senshi","The Servant 0.9.4","The Showman","The Spell Scribe","The Trickster","The Wild Card","TheBandit","TheFirefly","Transform Curses","Uncapped","Unknown Chances","Virulent Crown","WarShipGirlsR/????R mod","Yohane!","Yuri Mod","thorton","vexMod"],"gold_per_floor":[215,232,232,251,264,264,284,284,284],"floor_reached":8,"playtime":531,"items_purged":[],"score":50,"play_id":"ec5517d7-f609-4248-b6f1-27e38c2ebe34","local_time":"20201216030130","is_ascension_mode":false,"campfire_choices":[{"data":"theDruid:WildSlash","floor":6,"key":"SMITH"}],"circlet_count":0,"master_deck":["theDruid:Strike_O","theDruid:Strike_O","theDruid:Strike_O","theDruid:Strike_O","theDruid:Defend_O","theDruid:Defend_O","theDruid:Defend_O","theDruid:Defend_O","theDruid:BriarArmor","theDruid:WildSlash+1","theDruid:ExposingSlash","theDruid:ForestGuard","theDruid:BackupSupplies","theDruid:Starburst"],"relics":["theDruid:CrownOfTheWilds"],"acts_visited":["Exordium"],"potions_floor_usage":[8],"damage_taken":[{"damage":2,"enemies":"Small Slimes","floor":1,"turns":5},{"damage":0,"enemies":"Cultist","floor":2,"turns":3},{"damage":7,"enemies":"Jaw Worm","floor":4,"turns":6},{"damage":6,"enemies":"Blue Slaver","floor":5,"turns":5},{"damage":16,"enemies":"Gremlin Gang","floor":7,"turns":5},{"damage":28,"enemies":"Lagavulin","floor":8,"turns":9}],"seed_played":"-6452685541513678163","potions_obtained":[{"floor":2,"key":"Regen Potion"},{"floor":4,"key":"potionbrewer:CleansingPotion"},{"floor":5,"key":"Fire Potion"}],"is_trial":false,"path_per_floor":["M","M","?","M","M","R","M","E"],"character_chosen":"DRUID","items_purchased":[],"campfire_rested":0,"item_purchase_floors":[],"current_hp_per_floor":[73,73,73,66,60,60,44,30,30],"gold":284,"neow_bonus":"HUNDRED_GOLD","is_daily":false,"chose_seed":false,"campfire_upgraded":1,"win_rate":0.0,"timestamp":1608109290,"path_taken":["M","M","?","M","M","R","M","E"],"items_purchased_type":[],"build_version":"2020-12-13","purchased_purges":0,"victory":false,"max_hp_per_floor":[75,75,75,75,75,75,75,75,75],"card_choices":[{"not_picked":["theDruid:Recoil","theDruid:BrambleLash"],"picked":"theDruid:ExposingSlash","floor":1},{"not_picked":["theDruid:FullMoon","theDruid:WildArmor"],"picked":"theDruid:ForestGuard","floor":2},{"not_picked":["theDruid:WildArmor","theDruid:BloodiedFur"],"picked":"theDruid:BackupSupplies","floor":4},{"not_picked":["theDruid:BlessedStrike","theDruid:AstralShield"],"picked":"theDruid:Starburst","floor":5},{"not_picked":["theDruid:Guidance","theDruid:FeralPlants","theDruid:WildArmor"],"picked":"SKIP","floor":7}],"player_experience":583207,"relics_obtained":[],"event_choices":[{"damage_healed":0,"gold_gain":0,"player_choice":"Ignored","damage_taken":0,"max_hp_gain":0,"max_hp_loss":0,"event_name":"Liars Game","floor":3,"gold_loss":0}],"is_beta":false,"boss_relics":[],"items_purged_floors":[],"is_endless":false,"potions_floor_spawned":[2,4,5],"killed_by":"Lagavulin","ascension_level":0}}