{"host":"gxmig9bwvxt5mpcx","time":1608134726,"event":{"mods":["AchievementEnabler","BaseMod","Beaked The Cultist","Better Match","Better Note","Colored Powertips","Dio Mod","Downfall","Hermit","Hubris","Minty Spire (QoL Compilation)","Permanent Neow","Replay The Spire","StSLib","The Mystic","TheArtist","TheVacant"],"gold_per_floor":[149,190,206,225,239,239,239,367,367,402,419,429,443,443,461,461,461],"floor_reached":16,"playtime":1542,"items_purged":[],"score":114,"play_id":"de708fab-27ee-4e4b-a1eb-11a587f586c5","local_time":"20201216110526","is_ascension_mode":false,"campfire_choices":[{"floor":1,"key":"RECALL"},{"floor":9,"key":"REST"}],"circlet_count":0,"master_deck":["Slimebound:Strike_Slimebound","Slimebound:Strike_Slimebound","Slimebound:Strike_Slimebound","Slimebound:Tackle","Slimebound:Defend_Slimebound","Slimebound:Defend_Slimebound","Slimebound:Defend_Slimebound","Slimebound:Defend_Slimebound","Slimebound:Split+1","Slimebound:CorrosiveSpit","Slimebound:GrowthPunch","Slimebound:SplitLeeching","Slimebound:Schlurp","Slimebound:GoopSpray","Slimebound:SlimeSpikes","Slimebound:Repurpose","Slimebound:SamplingLick","Slimebound:RollThrough","Delirium","Slimebound:RollThrough"],"relics":["Tiny House","Bag of Marbles","hubris:Icosahedron","HornCleat","hubris:BottledRain","Ring of Fangs","ReplayTheSpireMod:Ring of Addiction","Toy Ornithopter","White Beast Statue"],"acts_visited":["Exordium"],"potions_floor_usage":[4,10,15,15,16],"damage_taken":[{"damage":12,"enemies":"2 Louse","floor":3,"turns":4},{"damage":4,"enemies":"Jaw Worm","floor":4,"turns":3},{"damage":3,"enemies":"Small Slimes","floor":5,"turns":2},{"damage":28,"enemies":"3 Sentries","floor":8,"turns":8},{"damage":40,"enemies":"Gremlin Nob","floor":10,"turns":5},{"damage":12,"enemies":"3 Louse","floor":11,"turns":3},{"damage":15,"enemies":"Blue Slaver","floor":12,"turns":4},{"damage":12,"enemies":"Red Slaver","floor":13,"turns":3},{"damage":4,"enemies":"Lots of Slimes","floor":15,"turns":3},{"damage":43,"enemies":"downfall:Defect","floor":16,"turns":5}],"seed_played":"1348329538900895265","potions_obtained":[{"floor":0,"key":"Energy Potion"},{"floor":2,"key":"ColorlessPotion"},{"floor":3,"key":"BlessingOfTheForge"},{"floor":13,"key":"Block Potion"},{"floor":14,"key":"PowerPotion"},{"floor":14,"key":"AttackPotion"},{"floor":15,"key":"LiquidBronze"}],"is_trial":false,"path_per_floor":["R","?","M","M","M","?","T","E","R","E","M","M","M","?","M","B"],"character_chosen":"SLIMEBOUND","items_purchased":[],"campfire_rested":1,"item_purchase_floors":[],"current_hp_per_floor":[65,39,39,39,36,36,36,24,43,19,19,16,16,16,26,0,0],"gold":461,"neow_bonus":"BOSS_RELIC","is_daily":false,"chose_seed":false,"campfire_upgraded":0,"win_rate":0.0,"timestamp":1608134726,"path_taken":["R","?","M","M","M","?","T","E","R","E","M","M","M","?","M","BOSS"],"items_purchased_type":[],"build_version":"2020-12-13","purchased_purges":0,"victory":false,"max_hp_per_floor":[65,65,65,65,65,65,65,65,65,65,65,65,65,65,65,65,65],"card_choices":[{"not_picked":["Slimebound:LeechingTouch","Slimebound:Schlurp"],"picked":"Slimebound:GrowthPunch","floor":0},{"not_picked":["Slimebound:GoopSpray","Slimebound:GoopTackle"],"picked":"Slimebound:SplitLeeching","floor":2},{"not_picked":["Slimebound:ForwardTackle","Slimebound:ProtectTheBoss"],"picked":"Slimebound:Schlurp","floor":2},{"not_picked":["Slimebound:DisruptingSlam","Slimebound:SplitBruiser"],"picked":"Slimebound:GoopSpray","floor":3},{"not_picked":["Slimebound:FormOfPuddle","Slimebound:LivingWall"],"picked":"Slimebound:SlimeSpikes","floor":4},{"not_picked":["Slimebound:ItLooksTasty","Slimebound:ViciousTackle"],"picked":"Slimebound:Repurpose","floor":5},{"not_picked":["Slimebound:SplitAcid","Slimebound:SplitMire"],"picked":"Slimebound:SamplingLick","floor":8},{"not_picked":["Slimebound:Chomp","Slimebound:WasteNot"],"picked":"Slimebound:RollThrough","floor":10},{"not_picked":["Slimebound:LeechEnergy","Slimebound:HauntingLick","Slimebound:Chomp"],"picked":"SKIP","floor":11},{"not_picked":["Slimebound:SplitMire","Slimebound:Schlurp","Slimebound:GoopSpray"],"picked":"SKIP","floor":12},{"not_picked":["Slimebound:FormOfPuddle","Slimebound:Schlurp","Slimebound:SplitLeeching"],"picked":"SKIP","floor":13},{"not_picked":["Slimebound:ProtectTheBoss","Slimebound:SplitAcid"],"picked":"Slimebound:RollThrough","floor":15}],"player_experience":13392,"relics_obtained":[{"floor":2,"key":"Bag of Marbles"},{"floor":8,"key":"HornCleat"},{"floor":10,"key":"hubris:BottledRain"},{"floor":14,"key":"Ring of Fangs"},{"floor":14,"key":"ReplayTheSpireMod:Ring of Addiction"},{"floor":14,"key":"Toy Ornithopter"},{"floor":14,"key":"White Beast Statue"}],"event_choices":[],"is_beta":false,"boss_relics":[],"items_purged_floors":[],"is_endless":false,"potions_floor_spawned":[3,13,15],"killed_by":"downfall:Defect","ascension_level":0}}