{"host":"ufl0k2so27eic2iy","time":1608139941,"event":{"mods":["BaseMod","Minty Spire (QoL Compilation)","StSLib","The Animator"],"gold_per_floor":[118,118,138,169,18,18,54,54,105,105,124,124,156,171,171,259,259,282,305,335,335,335,335,250,298,347,347,24,42,19,19,19],"floor_reached":31,"playtime":1661,"items_purged":["Decay","animator:Strike+1"],"score":446,"play_id":"9fb9340b-da33-4f4f-8a57-2ae047d12b19","local_time":"20201216173221","is_ascension_mode":true,"campfire_choices":[{"data":"animator:ShidoItsuka","floor":6,"key":"SMITH"},{"data":"animator:ReineMurasame","floor":8,"key":"SMITH"},{"data":"animator:Benimaru","floor":10,"key":"SMITH"},{"data":"animator:TukaLunaMarceau","floor":12,"key":"SMITH"},{"data":"animator:Sora","floor":15,"key":"SMITH"},{"floor":23,"key":"REST"}],"circlet_count":0,"master_deck":["AscendersBane","animator:Strike_DateALive+1","animator:Defend_DateALive+1","animator:Strike+1","animator:Strike+1","animator:Defend+1","animator:Defend+1","animator:Defend+1","animator:ShidoItsuka+1","animator:YamaiSisters","animator:HighElfArcher","animator:Benimaru+1","animator:MikuIzayoi","animator:GuildGirl","animator:ReineMurasame+1","animator:TukaLunaMarceau+1","animator:Sora+1","animator:Arpeggio","animator:FeridBathory","animator:LeleiLaLalena","animator:Mikaela","animator:NiaHonjou","animator:YoshinoHimekawa+1","animator:OrigamiTobiichi","animator:YamaiSisters","animator:Suiseiseki"],"relics":["animator:LivingPicture","animator:TheMissingPiece","animator:ShionDessert","Black Star","animator:SoulGem","PreservedInsect","StoneCalendar","Centennial Puzzle","Runic Capacitor"],"acts_visited":["Exordium","TheCity"],"potions_floor_usage":[7,14,25,25],"damage_taken":[{"damage":0,"enemies":"2 Louse","floor":1,"turns":4},{"damage":10,"enemies":"Cultist","floor":3,"turns":6},{"damage":6,"enemies":"Jaw Worm","floor":4,"turns":4},{"damage":11,"enemies":"Gremlin Nob","floor":7,"turns":4},{"damage":6,"enemies":"Looter","floor":11,"turns":4},{"damage":4,"enemies":"3 Louse","floor":13,"turns":4},{"damage":1,"enemies":"Gremlin Gang","floor":14,"turns":6},{"damage":27,"enemies":"The Guardian","floor":16,"turns":9},{"damage":9,"enemies":"Spheric Guardian","floor":18,"turns":6},{"damage":13,"enemies":"Chosen","floor":19,"turns":7},{"damage":22,"enemies":"Shelled Parasite and Fungi","floor":20,"turns":9},{"damage":2,"enemies":"animator:HornedBat","floor":25,"turns":13},{"damage":6,"enemies":"Centurion and Healer","floor":29,"turns":8},{"damage":28,"enemies":"Slavers","floor":31,"turns":3}],"seed_played":"-7634521402219491942","potions_obtained":[{"floor":1,"key":"Strength Potion"},{"floor":7,"key":"FairyPotion"},{"floor":11,"key":"DuplicationPotion"},{"floor":18,"key":"Dexterity Potion"},{"floor":19,"key":"Strength Potion"}],"is_trial":false,"path_per_floor":["M","?","M","M","$","R","E","R","T","R","M","R","M","M","R","B",null,"M","M","M","?","?","R","?","E","T","?","$","M","$","E"],"character_chosen":"THE_ANIMATOR","items_purchased":["animator:GuildGirl","animator:OrigamiTobiichi","Runic Capacitor","animator:Suiseiseki"],"campfire_rested":1,"item_purchase_floors":[5,28,28,30],"current_hp_per_floor":[60,60,50,44,44,44,34,34,34,34,28,28,24,23,23,20,55,46,34,12,12,12,32,32,31,31,31,31,25,25,0,0],"gold":19,"neow_bonus":"TEN_PERCENT_HP_BONUS","is_daily":false,"chose_seed":true,"campfire_upgraded":5,"win_rate":0.0,"timestamp":1608139941,"path_taken":["M","?","M","M","$","R","E","R","T","R","M","R","M","M","R","BOSS","M","M","?","?","?","R","?","E","T","?","$","M","?","E"],"items_purchased_type":["Card","Card","Relic","Card"],"build_version":"2020-12-13","purchased_purges":2,"victory":false,"max_hp_per_floor":[66,66,66,66,66,66,67,67,67,67,67,67,67,67,67,67,67,67,68,68,68,68,68,68,69,69,69,69,69,69,69,69],"card_choices":[{"not_picked":["animator:Shuna","animator:DolaRiku"],"picked":"animator:HighElfArcher","floor":1},{"not_picked":["animator:NiaHonjou","animator:Witch"],"picked":"animator:Benimaru","floor":3},{"not_picked":["animator:Shigure","animator:Kuribayashi"],"picked":"animator:MikuIzayoi","floor":4},{"not_picked":["animator:ShidoItsuka","animator:NiaHonjou"],"picked":"animator:ReineMurasame","floor":7},{"not_picked":["animator:Mikaela","animator:Millim"],"picked":"animator:TukaLunaMarceau","floor":11},{"not_picked":["animator:MeguKakizaki","animator:TomoeKashiwaba"],"picked":"animator:Sora","floor":13},{"not_picked":["animator:Yoichi","animator:Mitsuba"],"picked":"animator:Arpeggio","floor":14},{"not_picked":["animator:KurumiTokisaki","animator:GoblinSlayer"],"picked":"animator:FeridBathory","floor":16},{"not_picked":["animator:TukaLunaMarceau","animator:Tyuule"],"picked":"animator:LeleiLaLalena","floor":18},{"not_picked":["animator:KrulTepes","animator:Hakurou"],"picked":"animator:Mikaela","floor":19},{"not_picked":["animator:Bozes","animator:Shigure"],"picked":"animator:NiaHonjou","floor":20},{"not_picked":["animator:IzunaHatsuse","animator:TohkaYatogami"],"picked":"animator:YoshinoHimekawa+1","floor":25},{"not_picked":["animator:MikuIzayoi","animator:NiaHonjou"],"picked":"animator:YamaiSisters","floor":29}],"player_experience":2304441,"relics_obtained":[{"floor":9,"key":"animator:ShionDessert"},{"floor":25,"key":"PreservedInsect"},{"floor":25,"key":"StoneCalendar"},{"floor":26,"key":"Centennial Puzzle"}],"event_choices":[{"damage_healed":0,"gold_gain":0,"player_choice":"Cursed","damage_taken":0,"max_hp_gain":0,"max_hp_loss":0,"event_name":"Wheel of Change","floor":2,"gold_loss":0,"cards_obtained":["Decay"]},{"damage_healed":0,"gold_gain":0,"player_choice":"Smashed Altar","damage_taken":0,"max_hp_gain":0,"max_hp_loss":0,"event_name":"Forgotten Altar","floor":21,"gold_loss":0,"cards_obtained":["Decay"]},{"damage_healed":0,"gold_gain":0,"player_choice":"Simplicity","damage_taken":0,"max_hp_gain":0,"max_hp_loss":0,"event_name":"Back to Basics","floor":22,"gold_loss":0,"cards_upgraded":["animator:Strike_DateALive","animator:Defend_DateALive","animator:Strike","animator:Strike","animator:Strike","animator:Defend","animator:Defend","animator:Defend"]},{"damage_healed":0,"gold_gain":0,"player_choice":"Obtained Relic","damage_taken":0,"relics_obtained":["animator:SoulGem"],"max_hp_gain":0,"max_hp_loss":0,"event_name":"Addict","floor":24,"gold_loss":85},{"cards_removed":["Decay"],"damage_healed":0,"gold_gain":0,"player_choice":"Removed","damage_taken":0,"max_hp_gain":0,"max_hp_loss":0,"event_name":"The Cursed Forest","floor":27,"gold_loss":0}],"is_beta":false,"boss_relics":[{"not_picked":["Mark of Pain","Busted Crown"],"picked":"Black Star"}],"items_purged_floors":[5,28],"is_endless":false,"potions_floor_spawned":[1,7,11,18,19],"killed_by":"Slavers","ascension_level":15}}