{"host":"uwsu8k27nqs1askx","time":1608112525,"event":{"mods":["2.2 Compatiblity","Act Like it!","BaseMod","Conspire","DeckTracker","Dota2Spire","Downfall","Friendly Minions","GifTheSpireLib","Minty Spire (QoL Compilation)","Replay The Spire","StSLib","The Blue Laboratory"],"gold_per_floor":[99,109,125,137,137,149,176,196,205,248,248,268,289,316,344,344,344],"floor_reached":16,"playtime":1414,"items_purged":[],"score":108,"play_id":"610042c9-5429-4329-a3d7-6f451fa77262","local_time":"20201216105525","is_ascension_mode":false,"campfire_choices":[{"floor":1,"key":"RECALL"}],"circlet_count":0,"master_deck":["Guardian:Strike_Guardian","Guardian:Strike_Guardian","Guardian:Strike_Guardian","Guardian:Defend_Guardian","Guardian:Defend_Guardian","Guardian:Defend_Guardian","Guardian:Defend_Guardian","Guardian:CurlUp","Guardian:TwinSlam","Guardian:TemporalShield","Guardian:Incinerate","Guardian:Recover","Guardian:Clone+1","Guardian:ChargeCore","Guardian:Reroute","Guardian:TemporalStrike","Guardian:TemporalStrike"],"relics":["Guardian:ModeShifter","CeramicFish","Pen Nib"],"acts_visited":["Exordium"],"potions_floor_usage":[6,10,10],"damage_taken":[{"damage":4,"enemies":"Cultist","floor":2,"turns":4},{"damage":1,"enemies":"Jaw Worm","floor":3,"turns":4},{"damage":4,"enemies":"conspire:RoseBush","floor":4,"turns":4},{"damage":7,"enemies":"Exordium Thugs","floor":6,"turns":6},{"damage":10,"enemies":"conspire:2 RoseBushes","floor":8,"turns":5},{"damage":41,"enemies":"Gremlin Nob","floor":10,"turns":6},{"damage":8,"enemies":"3 Louse","floor":12,"turns":3},{"damage":2,"enemies":"2 Fungi Beasts","floor":13,"turns":3},{"damage":6,"enemies":"conspire:2 RoseBushes","floor":14,"turns":4},{"damage":7,"enemies":"Blue Slaver","floor":15,"turns":3},{"damage":15,"enemies":"downfall:Ironclad","floor":16,"turns":2}],"seed_played":"-762485311531016176","potions_obtained":[{"floor":2,"key":"Dota2Spire:HealingSalve"},{"floor":4,"key":"Fire Potion"},{"floor":8,"key":"Adrenaline Potion"}],"is_trial":false,"path_per_floor":["R","M","M","M","?","M","T","M","?","E","?","M","M","M","M","B"],"character_chosen":"GUARDIAN","items_purchased":[],"campfire_rested":0,"item_purchase_floors":[],"current_hp_per_floor":[88,84,83,79,79,72,72,62,62,33,33,25,23,17,10,0,0],"gold":344,"neow_bonus":"TEN_PERCENT_HP_BONUS","is_daily":false,"chose_seed":false,"campfire_upgraded":0,"win_rate":0.0,"timestamp":1608112525,"path_taken":["R","M","M","M","?","M","T","M","?","E","?","M","?","M","M","BOSS"],"items_purchased_type":[],"build_version":"2020-12-13","purchased_purges":0,"victory":false,"max_hp_per_floor":[88,88,88,88,88,88,88,88,88,88,88,88,88,88,88,88,88],"card_choices":[{"not_picked":["Guardian:GuardianWhirl","Guardian:CrystalBeam"],"picked":"Guardian:TemporalShield","floor":2},{"not_picked":["Guardian:Emergency","Guardian:WalkerClaw"],"picked":"Guardian:Incinerate","floor":3},{"not_picked":["Guardian:Incinerate","Guardian:RevengeProtocol"],"picked":"Guardian:Gem_Fragmented","floor":4},{"not_picked":["Guardian:Planning","Guardian:WalkerClaw"],"picked":"Guardian:Recover","floor":6},{"not_picked":["Guardian:WalkerClaw","Guardian:FloatingOrbs"],"picked":"Guardian:Gem_White","floor":8},{"not_picked":["Guardian:TemporalShield","Guardian:Repulse"],"picked":"Guardian:Clone","floor":10},{"not_picked":["Guardian:RollAttack","Guardian:Gem_Red"],"picked":"Guardian:ChargeCore","floor":12},{"not_picked":["Guardian:FastForward","Guardian:TemporalShield"],"picked":"Guardian:Reroute","floor":13},{"not_picked":["Guardian:Gem_White","Guardian:ShieldCharger"],"picked":"Guardian:TemporalStrike","floor":14},{"not_picked":["Guardian:DonusPower","Guardian:PrimingBeam"],"picked":"Guardian:TemporalStrike","floor":15}],"player_experience":64680,"relics_obtained":[{"floor":7,"key":"CeramicFish"},{"floor":10,"key":"Pen Nib"}],"event_choices":[],"is_beta":false,"boss_relics":[],"items_purged_floors":[],"is_endless":false,"potions_floor_spawned":[2,4,8],"killed_by":"downfall:Ironclad","ascension_level":0}}