{"host":"jn2qdns2nxijvlnt","time":1608101544,"event":{"mods":["BaseMod","Minty Spire (QoL Compilation)","Quick Restart"],"gold_per_floor":[116,116,128,128,278,311,329,346,346,357,372,384,384,398,398,398,398],"floor_reached":16,"playtime":1036,"items_purged":[],"score":212,"play_id":"bd537b57-2d66-4443-90fb-e162b9e35551","local_time":"20201216015224","is_ascension_mode":true,"campfire_choices":[{"floor":13.0,"key":"REST"},{"floor":15.0,"key":"REST"}],"circlet_count":0,"master_deck":["AscendersBane","Strike_R","Strike_R","Strike_R","Strike_R","Defend_R","Defend_R","Defend_R","Defend_R","Bash","Uppercut","Pommel Strike","Doubt","Pommel Strike","Flex","Perfected Strike","Ghostly Armor","Disarm","Rage"],"relics":["Burning Blood","HornCleat","Darkstone Periapt"],"acts_visited":["Exordium"],"potions_floor_usage":[],"damage_taken":[{"damage":12.0,"enemies":"Jaw Worm","floor":1.0,"turns":3.0},{"damage":6.0,"enemies":"Cultist","floor":3.0,"turns":2.0},{"damage":55.0,"enemies":"Lagavulin","floor":6.0,"turns":6.0},{"damage":0.0,"enemies":"Small Slimes","floor":7.0,"turns":3.0},{"damage":13.0,"enemies":"3 Louse","floor":8.0,"turns":3.0},{"damage":4.0,"enemies":"Exordium Thugs","floor":10.0,"turns":4.0},{"damage":6.0,"enemies":"Looter","floor":11.0,"turns":3.0},{"damage":23.0,"enemies":"Exordium Wildlife","floor":12.0,"turns":5.0},{"damage":7.0,"enemies":"Lots of Slimes","floor":14.0,"turns":5.0},{"damage":23,"enemies":"Slime Boss","floor":16,"turns":6}],"seed_played":"-5849408082792615218","potions_obtained":[{"floor":0.0,"key":"Fire Potion"},{"floor":0.0,"key":"SkillPotion"},{"floor":3.0,"key":"Swift Potion"},{"floor":6.0,"key":"FairyPotion"},{"floor":7.0,"key":"Weak Potion"},{"floor":11.0,"key":"Strength Potion"},{"floor":12.0,"key":"SkillPotion"}],"is_trial":false,"path_per_floor":["M","?","M","?","?","E","M","M","T","M","M","M","R","M","R","B"],"character_chosen":"IRONCLAD","items_purchased":[],"campfire_rested":2,"item_purchase_floors":[],"current_hp_per_floor":[62,62,62,67,67,18,24,17,17,19,19,30,54,53,77,54,54],"gold":398,"neow_bonus":"THREE_SMALL_POTIONS","is_daily":false,"chose_seed":false,"campfire_upgraded":0,"win_rate":0.0,"timestamp":1608101544,"path_taken":["M","?","?","?","?","E","M","M","T","M","M","M","R","M","R","BOSS"],"items_purchased_type":[],"build_version":"2020-12-13","purchased_purges":0,"victory":false,"max_hp_per_floor":[75,75,75,80,80,80,80,80,80,80,80,80,80,80,80,80,80],"card_choices":[{"not_picked":["Dropkick","Shockwave"],"picked":"Uppercut","floor":1.0},{"not_picked":["Power Through","Ghostly Armor"],"picked":"Pommel Strike","floor":3.0},{"not_picked":["Havoc","Cleave"],"picked":"Pommel Strike","floor":6.0},{"not_picked":["Iron Wave","Evolve"],"picked":"Flex","floor":7.0},{"not_picked":["Warcry","Thunderclap"],"picked":"Perfected Strike","floor":8.0},{"not_picked":["Fire Breathing","Corruption","Body Slam"],"picked":"SKIP","floor":10.0},{"not_picked":["Headbutt","Clash"],"picked":"Ghostly Armor","floor":11.0},{"not_picked":["Cleave","True Grit"],"picked":"Disarm","floor":12.0},{"not_picked":["True Grit","Feel No Pain"],"picked":"Rage","floor":14.0}],"player_experience":423252,"relics_obtained":[{"floor":6.0,"key":"HornCleat"},{"floor":9.0,"key":"Darkstone Periapt"}],"event_choices":[{"cards_removed":["Strike_R"],"damage_healed":0.0,"max_hp_gain":0.0,"max_hp_loss":0.0,"gold_gain":0.0,"event_name":"Wheel of Change","player_choice":"Card Removal","floor":2.0,"gold_loss":0.0,"damage_taken":0.0},{"damage_healed":0.0,"max_hp_gain":5.0,"max_hp_loss":0.0,"gold_gain":0.0,"event_name":"Big Fish","player_choice":"Donut","floor":4.0,"gold_loss":0.0,"damage_taken":0.0},{"damage_healed":0.0,"max_hp_gain":0.0,"max_hp_loss":0.0,"gold_gain":150.0,"event_name":"Liars Game","player_choice":"AGREE","floor":5.0,"gold_loss":0.0,"damage_taken":0.0,"cards_obtained":["Doubt"]}],"is_beta":false,"boss_relics":[],"items_purged_floors":[],"is_endless":false,"potions_floor_spawned":[3,6,7,11,12],"killed_by":"Slime Boss","ascension_level":20}}