{"host":"f0gpob8hq9vgebej","time":1608125921,"event":{"mods":["AchievementEnabler","BaseMod","Googly Eyes","Minty Spire (QoL Compilation)","Quick Restart","SuperFastMode"],"gold_per_floor":[113,130,149,149,119,119,44,65,89,89,112,145,145,45,45,176,176,200,200,168,187,62,62,85,108,108,108,148,148,148,162,162,162,162],"floor_reached":33,"playtime":1131,"items_purged":["Strike_G","Defend_G","Strike_G"],"score":331,"play_id":"3d5b3901-1103-477c-98a7-16226c127f41","local_time":"20201216223841","is_ascension_mode":true,"campfire_choices":[{"data":"Neutralize","floor":6,"key":"SMITH"},{"data":"Blade Dance","floor":10,"key":"SMITH"},{"data":"Prepared","floor":13,"key":"SMITH"},{"floor":15,"key":"REST"},{"data":"Noxious Fumes","floor":23,"key":"SMITH"},{"floor":27,"key":"REST"},{"data":"Malaise","floor":29,"key":"SMITH"},{"data":"Adrenaline","floor":32,"key":"SMITH"}],"circlet_count":0,"master_deck":["Strike_G","Strike_G","Strike_G","Defend_G","Defend_G","Defend_G","Defend_G","Survivor","Neutralize+1","Backflip","Leg Sweep","PiercingWail","Blade Dance+1","Adrenaline+1","Prepared+1","Malaise+1","Infinite Blades+1","Backflip+1","Noxious Fumes+1","Deadly Poison","Deadly Poison+1"],"relics":["Ring of the Serpent","NeowsBlessing","Golden Idol","Snake Skull","Toy Ornithopter","Dream Catcher","Lantern","Red Mask"],"acts_visited":["Exordium","TheCity"],"potions_floor_usage":[12,16,19,20,24,28,28,28],"damage_taken":[{"damage":0,"enemies":"Cultist","floor":1,"turns":1},{"damage":0,"enemies":"Jaw Worm","floor":2,"turns":1},{"damage":0,"enemies":"Small Slimes","floor":3,"turns":1},{"damage":3,"enemies":"Looter","floor":5,"turns":4},{"damage":18,"enemies":"Exordium Thugs","floor":8,"turns":12},{"damage":1,"enemies":"Blue Slaver","floor":11,"turns":5},{"damage":8,"enemies":"3 Sentries","floor":12,"turns":12},{"damage":6,"enemies":"The Guardian","floor":16,"turns":10},{"damage":4,"enemies":"Shell Parasite","floor":18,"turns":12},{"damage":14,"enemies":"2 Thieves","floor":20,"turns":5},{"damage":14,"enemies":"Snecko","floor":21,"turns":9},{"damage":19,"enemies":"3 Cultists","floor":24,"turns":6},{"damage":10,"enemies":"Masked Bandits","floor":28,"turns":6},{"damage":8,"enemies":"Snake Plant","floor":31,"turns":5},{"damage":20,"enemies":"Champ","floor":33,"turns":4}],"seed_played":"4089025523549778938","potions_obtained":[{"floor":8,"key":"Poison Potion"},{"floor":11,"key":"Weak Potion"},{"floor":12,"key":"PowerPotion"},{"floor":19,"key":"ColorlessPotion"},{"floor":19,"key":"Fruit Juice"},{"floor":19,"key":"Energy Potion"},{"floor":20,"key":"CunningPotion"},{"floor":21,"key":"Block Potion"},{"floor":24,"key":"AttackPotion"},{"floor":31,"key":"SkillPotion"}],"is_trial":false,"path_per_floor":["M","M","M","?","M","R","$","M","T","R","M","E","R","$","R","B",null,"M","?","M","M","$","R","M","T","T","R","?","R","?","M","R","B"],"character_chosen":"THE_SILENT","items_purchased":[],"campfire_rested":2,"item_purchase_floors":[],"current_hp_per_floor":[63,63,63,46,43,43,43,25,25,25,24,16,16,16,37,36,62,58,68,59,45,45,45,31,31,31,53,58,58,58,50,50,30,30],"gold":162,"neow_bonus":"THREE_ENEMY_KILL","is_daily":false,"chose_seed":false,"campfire_upgraded":6,"win_rate":0.0,"timestamp":1608125921,"path_taken":["M","M","M","?","M","R","$","M","T","R","M","E","R","$","R","BOSS","M","?","M","M","$","R","?","?","T","R","?","R","?","?","R","BOSS"],"items_purchased_type":[],"build_version":"2020-12-13","purchased_purges":3,"victory":false,"max_hp_per_floor":[70,70,70,70,70,70,70,70,70,70,70,70,70,70,70,70,70,70,75,75,75,75,75,75,75,75,75,75,75,75,75,75,75,75],"card_choices":[{"not_picked":["Deflect","PiercingWail"],"picked":"Backflip","floor":1},{"not_picked":["Skewer","Setup"],"picked":"Leg Sweep","floor":2},{"not_picked":["Flying Knee","Backflip","Bane"],"picked":"SKIP","floor":3},{"not_picked":["Dodge and Roll","Quick Slash"],"picked":"PiercingWail","floor":5},{"not_picked":["Cloak And Dagger","Deadly Poison"],"picked":"Blade Dance","floor":8},{"not_picked":["PiercingWail","Riddle With Holes"],"picked":"Adrenaline","floor":11},{"not_picked":["Underhanded Strike","All Out Attack"],"picked":"Prepared","floor":12},{"not_picked":["Grand Finale","Glass Knife"],"picked":"Malaise","floor":16},{"not_picked":["Dagger Throw","Flying Knee"],"picked":"Infinite Blades+1","floor":18},{"not_picked":["Deflect","Slice"],"picked":"Backflip+1","floor":20},{"not_picked":["Dodge and Roll","Concentrate+1"],"picked":"Noxious Fumes","floor":21},{"not_picked":["Flying Knee","Quick Slash+1","Masterful Stab"],"picked":"SKIP","floor":24},{"not_picked":["Catalyst","Cloak And Dagger+1"],"picked":"Deadly Poison+1","floor":31}],"player_experience":151694,"relics_obtained":[{"floor":9,"key":"Snake Skull"},{"floor":12,"key":"Toy Ornithopter"},{"floor":25,"key":"Dream Catcher"},{"floor":26,"key":"Lantern"},{"floor":28,"key":"Red Mask"}],"event_choices":[{"damage_healed":0,"gold_gain":0,"player_choice":"Take Damage","damage_taken":17,"relics_obtained":["Golden Idol"],"max_hp_gain":0,"max_hp_loss":0,"event_name":"Golden Idol","floor":4,"gold_loss":0},{"damage_healed":0,"gold_gain":0,"player_choice":"Got Potions","damage_taken":0,"max_hp_gain":0,"max_hp_loss":0,"event_name":"Lab","floor":19,"gold_loss":0},{"damage_healed":0,"gold_gain":0,"player_choice":"Fought Bandits","damage_taken":0,"max_hp_gain":0,"max_hp_loss":0,"event_name":"Masked Bandits","floor":28,"gold_loss":0},{"damage_healed":0,"gold_gain":0,"player_choice":"Read","damage_taken":0,"max_hp_gain":0,"max_hp_loss":0,"event_name":"The Library","floor":30,"gold_loss":0,"cards_obtained":["Deadly Poison"]}],"is_beta":false,"boss_relics":[{"not_picked":["Runic Dome","Snecko Eye"],"picked":"Ring of the Serpent"}],"items_purged_floors":[7,14,22],"is_endless":false,"potions_floor_spawned":[8,11,12,20,21,24,31],"killed_by":"Champ","ascension_level":7}}