{"host":"szp1d6dso4pv7ddl","time":1608084372,"event":{"mods":["AchievementEnabler","Alarm Clock","BaseMod","Bestiary","Block Reminder","Colored Map","Colored Powertips","Curses Come First","Displayed Cursed Tome","Highlight Path","Minty Spire (QoL Compilation)","Permanent Neow","Quick Restart","Relic Stats","StSLib"],"gold_per_floor":[110,121,121,196,161,161,195,209,209,209,209],"floor_reached":10,"playtime":486,"items_purged":[],"score":102,"play_id":"d0b75240-f719-483f-a737-5048cd1457b7","local_time":"20201215180612","is_ascension_mode":true,"campfire_choices":[{"data":"Clothesline","floor":6,"key":"SMITH"}],"circlet_count":0,"master_deck":["AscendersBane","Strike_R","Strike_R+1","Strike_R","Strike_R","Strike_R","Defend_R","Defend_R+1","Defend_R","Defend_R","Bash","Sadistic Nature","Clothesline+1","Iron Wave","Dual Wield"],"relics":["Burning Blood","Torii","Letter Opener"],"acts_visited":["Exordium"],"potions_floor_usage":[10],"damage_taken":[{"damage":14,"enemies":"Jaw Worm","floor":1,"turns":4},{"damage":10,"enemies":"Small Slimes","floor":2,"turns":4},{"damage":42,"enemies":"3 Sentries","floor":7,"turns":11},{"damage":9,"enemies":"2 Louse","floor":8,"turns":3},{"damage":21,"enemies":"Lagavulin","floor":10,"turns":10}],"seed_played":"-5163751195560609021","potions_obtained":[{"floor":1,"key":"ColorlessPotion"}],"is_trial":false,"path_per_floor":["M","M","?","?","?","R","E","M","T","E"],"character_chosen":"IRONCLAD","items_purchased":[],"campfire_rested":0,"item_purchase_floors":[],"current_hp_per_floor":[64,60,46,35,53,53,17,14,14,0,0],"gold":209,"neow_bonus":"RANDOM_COLORLESS_2","is_daily":false,"chose_seed":false,"campfire_upgraded":1,"win_rate":0.0,"timestamp":1608084372,"path_taken":["M","M","?","?","?","R","E","?","T","E"],"items_purchased_type":[],"build_version":"2020-12-13","purchased_purges":0,"victory":false,"max_hp_per_floor":[72,72,72,72,72,72,72,72,72,72,72],"relic_stats":{"Torii":6,"counters":[5,32],"Letter Opener":[0],"obtain_stats":[{"Torii":7,"Letter Opener":9,"Burning Blood":0},{"Torii":3,"Letter Opener":4,"Burning Blood":0},{"Torii":19,"Letter Opener":22,"Burning Blood":0}],"Burning Blood":24},"card_choices":[{"not_picked":["Apotheosis","The Bomb"],"picked":"Sadistic Nature","floor":0},{"not_picked":["Rupture","Pommel Strike"],"picked":"Clothesline","floor":1},{"not_picked":["Heavy Blade","True Grit"],"picked":"Iron Wave","floor":2},{"not_picked":["Metallicize","Iron Wave"],"picked":"Dual Wield","floor":7},{"not_picked":["Body Slam","Havoc","Wild Strike"],"picked":"SKIP","floor":8}],"player_experience":951539,"relics_obtained":[{"floor":7,"key":"Torii"},{"floor":9,"key":"Letter Opener"}],"event_choices":[{"damage_healed":0,"gold_gain":0,"player_choice":"Entered Light","damage_taken":14,"max_hp_gain":0,"max_hp_loss":0,"event_name":"Shining Light","floor":3,"gold_loss":0,"cards_upgraded":["Strike_R","Defend_R"]},{"damage_healed":0,"gold_gain":75,"player_choice":"Gather Gold","damage_taken":11,"max_hp_gain":0,"max_hp_loss":0,"event_name":"World of Goop","floor":4,"gold_loss":0},{"damage_healed":18,"gold_gain":0,"player_choice":"Healed","damage_taken":0,"max_hp_gain":0,"max_hp_loss":0,"event_name":"The Cleric","floor":5,"gold_loss":35}],"is_beta":false,"boss_relics":[],"items_purged_floors":[],"is_endless":false,"potions_floor_spawned":[1],"killed_by":"Lagavulin","ascension_level":11}}