{"host":"bbjnqymry46jz0fa","time":1608130635,"event":{"mods":["BaseMod","DeckTracker","Minty Spire (QoL Compilation)","Quick Restart","StSLib","SuperFastMode"],"gold_per_floor":[111,121,136,146,146,146,175,186,186,204,204,204,254,287,287,366,366,376,392,233,253,266,266,191,106,178,12,46,46,56,56,56],"floor_reached":31,"playtime":847,"items_purged":["Underhanded Strike+1"],"score":584,"play_id":"fd1c60ec-6cd2-4f0c-872a-eead6ac61ec3","local_time":"20201216235715","is_ascension_mode":true,"campfire_choices":[{"data":"Predator","floor":6.0,"key":"SMITH"},{"data":"Burst","floor":12.0,"key":"SMITH"},{"data":"Footwork","floor":15.0,"key":"SMITH"},{"data":"Crippling Poison","floor":23.0,"key":"SMITH"}],"circlet_count":0,"master_deck":["AscendersBane","Survivor","Neutralize","Crippling Poison+1","Deadly Poison","Crippling Poison","Burst+1","Reflex","Footwork+1","Dodge and Roll","Predator+1","Riddle With Holes+1","Burst","Footwork","Dash","Adrenaline"],"relics":["Snecko Eye","Pandora\u0027s Box","Matryoshka","Whetstone","Mercury Hourglass","Bottled Tornado","Coffee Dripper","Potion Belt","Bronze Scales","Sundial","TheAbacus","Blood Vial"],"acts_visited":["Exordium","TheCity"],"potions_floor_usage":[31,31],"damage_taken":[{"damage":7.0,"enemies":"2 Louse","floor":1.0,"turns":3.0},{"damage":0.0,"enemies":"Cultist","floor":2.0,"turns":4.0},{"damage":0.0,"enemies":"Small Slimes","floor":3.0,"turns":2.0},{"damage":8.0,"enemies":"Looter","floor":4.0,"turns":2.0},{"damage":12.0,"enemies":"3 Sentries","floor":7.0,"turns":6.0},{"damage":0.0,"enemies":"Lots of Slimes","floor":8.0,"turns":2.0},{"damage":0.0,"enemies":"Exordium Wildlife","floor":10.0,"turns":3.0},{"damage":20.0,"enemies":"Lagavulin","floor":14.0,"turns":4.0},{"damage":12.0,"enemies":"Slime Boss","floor":16.0,"turns":7.0},{"damage":0.0,"enemies":"Spheric Guardian","floor":18.0,"turns":3.0},{"damage":24.0,"enemies":"2 Thieves","floor":19.0,"turns":3.0},{"damage":10.0,"enemies":"Centurion and Healer","floor":21.0,"turns":5.0},{"damage":19.0,"enemies":"Sentry and Sphere","floor":22.0,"turns":4.0},{"damage":0.0,"enemies":"Gremlin Leader","floor":28.0,"turns":4.0},{"damage":5.0,"enemies":"Snake Plant","floor":30.0,"turns":3.0},{"damage":0,"enemies":"Shelled Parasite and Fungi","floor":31,"turns":1}],"seed_played":"-9019621669109831088","potions_obtained":[{"floor":2.0,"key":"Poison Potion"},{"floor":7.0,"key":"Ancient Potion"},{"floor":19.0,"key":"EssenceOfSteel"}],"is_trial":false,"path_per_floor":["M","M","M","M","?","R","E","M","T","M","?","R","?","E","R","B",null,"M","M","$","M","M","R","?","?","T","$","E","T","M","M"],"character_chosen":"THE_SILENT","items_purchased":["Dash","TheAbacus"],"campfire_rested":0,"item_purchase_floors":[20,27],"current_hp_per_floor":[52,52,52,44,76,76,64,64,64,64,57,57,57,37,37,25,63,63,39,39,29,10,10,10,10,10,10,10,10,7,9,9],"gold":56,"neow_bonus":"BOSS_RELIC","is_daily":false,"chose_seed":false,"campfire_upgraded":4,"win_rate":0.0,"timestamp":1608130635,"path_taken":["M","M","M","M","?","R","E","?","T","M","?","R","?","E","R","BOSS","M","?","?","M","?","R","?","?","T","?","E","?","M","M"],"items_purchased_type":["Card","Relic"],"build_version":"2020-12-13","purchased_purges":1,"victory":false,"max_hp_per_floor":[66,66,66,66,76,76,76,76,76,76,76,76,76,76,76,76,76,76,76,76,76,76,76,76,76,76,76,76,76,76,76,76],"card_choices":[{"not_picked":["Bane","Dagger Throw"],"picked":"Crippling Poison","floor":1.0},{"not_picked":["Poisoned Stab","Dagger Throw"],"picked":"Predator","floor":2.0},{"not_picked":["Expertise","Distraction","Cloak And Dagger"],"picked":"SKIP","floor":3.0},{"not_picked":["Cloak And Dagger","Dodge and Roll"],"picked":"Riddle With Holes","floor":4.0},{"not_picked":["Blur","Blade Dance","Riddle With Holes"],"picked":"SKIP","floor":7.0},{"not_picked":["Deadly Poison","Dagger Throw","PiercingWail"],"picked":"SKIP","floor":8.0},{"not_picked":["Sucker Punch","Dagger Spray","All Out Attack"],"picked":"SKIP","floor":10.0},{"not_picked":["Masterful Stab","PiercingWail","Setup"],"picked":"SKIP","floor":14.0},{"not_picked":["Unload","Night Terror"],"picked":"Burst","floor":16.0},{"not_picked":["Acrobatics","Heel Hook","Expertise"],"picked":"SKIP","floor":18.0},{"not_picked":["Underhanded Strike","Setup"],"picked":"Footwork","floor":19.0},{"not_picked":["Dagger Spray","PiercingWail+1","Outmaneuver"],"picked":"SKIP","floor":21.0},{"not_picked":["Quick Slash","Deadly Poison"],"picked":"Adrenaline","floor":22.0},{"not_picked":["Dagger Throw+1","Bane","Distraction"],"picked":"SKIP","floor":28.0},{"not_picked":["Underhanded Strike","Bane","Flechettes"],"picked":"SKIP","floor":30.0}],"player_experience":712366,"relics_obtained":[{"floor":7.0,"key":"Matryoshka"},{"floor":9.0,"key":"Whetstone"},{"floor":9.0,"key":"Mercury Hourglass"},{"floor":14.0,"key":"Bottled Tornado"},{"floor":26.0,"key":"Bronze Scales"},{"floor":26.0,"key":"Sundial"},{"floor":29.0,"key":"Blood Vial"}],"event_choices":[{"cards_removed":["Storm of Steel"],"damage_healed":22.0,"max_hp_gain":10.0,"max_hp_loss":0.0,"gold_gain":0.0,"event_name":"Bonfire Elementals","player_choice":"Offered Rare","floor":5.0,"gold_loss":0.0,"damage_taken":0.0},{"cards_removed":["Caltrops"],"damage_healed":0.0,"max_hp_gain":0.0,"max_hp_loss":0.0,"gold_gain":0.0,"event_name":"Golden Wing","player_choice":"Card Removal","floor":11.0,"gold_loss":0.0,"damage_taken":7.0},{"damage_healed":0.0,"max_hp_gain":0.0,"max_hp_loss":0.0,"gold_gain":50.0,"event_name":"Golden Shrine","player_choice":"Pray","floor":13.0,"gold_loss":0.0,"damage_taken":0.0},{"cards_removed":["Dagger Spray"],"damage_healed":0.0,"max_hp_gain":0.0,"max_hp_loss":0.0,"gold_gain":0.0,"event_name":"Beggar","player_choice":"Gave Gold","floor":24.0,"gold_loss":75.0,"damage_taken":0.0},{"damage_healed":0.0,"max_hp_gain":0.0,"max_hp_loss":0.0,"gold_gain":0.0,"event_name":"Addict","player_choice":"Obtained Relic","floor":25.0,"gold_loss":85.0,"damage_taken":0.0,"relics_obtained":["Potion Belt"]}],"is_beta":false,"boss_relics":[{"not_picked":["Calling Bell","HoveringKite"],"picked":"Coffee Dripper"}],"items_purged_floors":[20],"is_endless":false,"potions_floor_spawned":[2,7,8,14,18,19],"killed_by":"Shelled Parasite and Fungi","ascension_level":20}}