{"host":"2fcuechlb8c23yrb","time":1608148088,"event":{"mods":["2.2 Compatiblity","AchievementEnabler","BaseMod","Bestiary","Better Match","Block Reminder","Colored Map","Colored Powertips","DeckTracker","Displayed Cursed Tome","GifTheSpireLib","Highlight Path","Minty Spire (QoL Compilation)","Quick Restart","Rare Cards Sparkle","Relic Sorter","Relic Stats","StSLib"],"gold_per_floor":[115,131,155,170,185,185,198,273,273,341,368,368,395,395,395,526,526,550,574,673,744,763,763,781,781,781,906,70,70,70,113,113,237,237,258,329,342,675,27,44,44,61,61,75,87,87,102,102,102,102,102],"floor_reached":50,"playtime":4284,"items_purged":["Injury","Dualcast"],"score":537,"play_id":"c43f1465-6a80-4c42-b8ee-03397392a848","local_time":"20201216144808","is_ascension_mode":false,"campfire_choices":[{"data":"Genetic Algorithm","floor":6.0,"key":"SMITH"},{"floor":12.0,"key":"REST"},{"floor":15.0,"key":"REST"},{"floor":23.0,"key":"REST"},{"floor":25.0,"key":"RECALL"},{"floor":30.0,"key":"REST"},{"floor":32.0,"key":"REST"},{"floor":46.0,"key":"REST"},{"data":"Amplify","floor":49.0,"key":"SMITH"}],"circlet_count":0,"master_deck":["Strike_B","Strike_B","Strike_B","Strike_B","Defend_B","Defend_B","Defend_B","Zap","Sweeping Beam","Genetic Algorithm+1","Coolheaded","Ball Lightning","Streamline","Melter","Defragment","Biased Cognition","Double Energy","Coolheaded+1","Recycle+1","Barrage+1","Amplify+1","Ball Lightning+1","Creative AI","Storm+1","Self Repair+1"],"relics":["Cracked Core","Blood Vial","Matryoshka","Ancient Tea Set","Meat on the Bone","Tiny Chest","Odd Mushroom","Runic Pyramid","Lantern","HornCleat","Shovel","Bottled Tornado","Ice Cream","Runic Capacitor","Boot","Potion Belt","SacredBark","Frozen Egg 2","Anchor","Gremlin Horn","Pear","Darkstone Periapt"],"acts_visited":["Exordium","TheCity","TheBeyond"],"potions_floor_usage":[50,50,50,50],"damage_taken":[{"damage":0.0,"enemies":"Cultist","floor":1.0,"turns":3.0},{"damage":5.0,"enemies":"Small Slimes","floor":2.0,"turns":3.0},{"damage":7.0,"enemies":"Jaw Worm","floor":4.0,"turns":3.0},{"damage":13.0,"enemies":"Looter","floor":5.0,"turns":3.0},{"damage":12.0,"enemies":"3 Louse","floor":7.0,"turns":3.0},{"damage":26.0,"enemies":"Gremlin Nob","floor":11.0,"turns":4.0},{"damage":15.0,"enemies":"The Mushroom Lair","floor":13.0,"turns":3.0},{"damage":25.0,"enemies":"The Guardian","floor":16.0,"turns":8.0},{"damage":36.0,"enemies":"3 Byrds","floor":18.0,"turns":5.0},{"damage":20.0,"enemies":"Shell Parasite","floor":19.0,"turns":5.0},{"damage":17.0,"enemies":"Centurion and Healer","floor":22.0,"turns":9.0},{"damage":9.0,"enemies":"Shelled Parasite and Fungi","floor":24.0,"turns":5.0},{"damage":0.0,"enemies":"Colosseum Slavers","floor":27.0,"turns":3.0},{"damage":45.0,"enemies":"Colosseum Nobs","floor":27.0,"turns":6.0},{"damage":1.0,"enemies":"Gremlin Leader","floor":31.0,"turns":5.0},{"damage":19.0,"enemies":"Collector","floor":33.0,"turns":7.0},{"damage":9.0,"enemies":"3 Shapes","floor":35.0,"turns":6.0},{"damage":56.0,"enemies":"3 Darklings","floor":37.0,"turns":5.0},{"damage":0.0,"enemies":"Transient","floor":40.0,"turns":5.0},{"damage":8.0,"enemies":"4 Shapes","floor":42.0,"turns":2.0},{"damage":0.0,"enemies":"Jaw Worm Horde","floor":44.0,"turns":3.0},{"damage":56.0,"enemies":"Spire Growth","floor":45.0,"turns":6.0},{"damage":0.0,"enemies":"Transient","floor":47.0,"turns":5.0},{"damage":102,"enemies":"Awakened One","floor":50,"turns":10}],"seed_played":"511196651039373041","potions_obtained":[{"floor":0.0,"key":"SpeedPotion"},{"floor":0.0,"key":"Fruit Juice"},{"floor":0.0,"key":"LiquidMemories"},{"floor":1.0,"key":"CultistPotion"},{"floor":2.0,"key":"Regen Potion"},{"floor":4.0,"key":"BlessingOfTheForge"},{"floor":11.0,"key":"Fire Potion"},{"floor":13.0,"key":"EntropicBrew"},{"floor":19.0,"key":"SpeedPotion"},{"floor":22.0,"key":"ColorlessPotion"},{"floor":24.0,"key":"PotionOfCapacity"},{"floor":31.0,"key":"DuplicationPotion"},{"floor":40.0,"key":"EntropicBrew"},{"floor":42.0,"key":"SpeedPotion"}],"is_trial":false,"path_per_floor":["M","M","T","M","M","R","M","?","T","T","E","R","?","?","R","B",null,"M","M","?","T","M","R","M","R","T","?","$","?","R","E","R","B",null,"M","T","M","?","$","M","?","M","T","M","M","R","M","T","R","B"],"character_chosen":"DEFECT","items_purchased":["Ice Cream","Runic Capacitor","Amplify","Boot","Anchor","Gremlin Horn","Dexterity Potion","Fire Potion","SkillPotion"],"campfire_rested":6,"item_purchase_floors":[28,28,28,28,39,39,39,39,39],"current_hp_per_floor":[80,75,75,70,59,59,49,38,38,38,38,62,49,49,73,50,80,44,38,38,38,35,59,52,52,52,23,23,23,47,48,72,55,80,71,71,29,29,29,43,90,82,92,94,52,82,94,94,94,0,0],"gold":102,"neow_bonus":"THREE_SMALL_POTIONS","is_daily":false,"chose_seed":false,"campfire_upgraded":2,"win_rate":0.0,"timestamp":1608148088,"path_taken":["M","?","?","M","?","R","M","?","T","?","E","R","?","?","R","BOSS","M","M","?","?","M","R","?","R","T","?","$","?","R","E","R","BOSS","M","?","M","?","$","M","?","M","T","M","?","R","M","?","R","BOSS"],"items_purchased_type":["Relic","Relic","Card","Relic","Relic","Relic","Potion","Potion","Potion"],"build_version":"2020-12-13","purchased_purges":2,"victory":false,"max_hp_per_floor":[80,80,80,80,80,80,80,80,80,80,80,80,80,80,80,80,80,80,80,80,80,80,80,80,80,80,80,80,80,80,80,80,80,80,80,80,80,80,80,80,90,90,100,100,100,100,100,100,100,100,100],"relic_stats":{"Blood Vial":38,"Darkstone Periapt":0,"Shovel":0,"Gremlin Horn":[5,5],"counters":[24,117],"Tiny Chest":3,"Boot":[12],"obtain_stats":[{"Ice Cream":28,"Potion Belt":31,"Darkstone Periapt":48,"Lantern":21,"Pear":43,"Gremlin Horn":39,"Golden Idol":14,"SacredBark":34,"Runic Capacitor":28,"Odd Mushroom":13,"Bottled Tornado":27,"Frozen Egg 2":36,"Ancient Tea Set":10,"Boot":28,"Blood Vial":3,"Anchor":39,"Matryoshka":9,"HornCleat":21,"Shovel":27,"Tiny Chest":11,"Cracked Core":0,"Meat on the Bone":10,"Runic Pyramid":17},{"Ice Cream":14,"Potion Belt":15,"Darkstone Periapt":23,"Lantern":10,"Pear":20,"Gremlin Horn":18,"Golden Idol":7,"SacredBark":16,"Runic Capacitor":14,"Odd Mushroom":7,"Bottled Tornado":14,"Frozen Egg 2":17,"Ancient Tea Set":5,"Boot":14,"Blood Vial":2,"Anchor":18,"Matryoshka":5,"HornCleat":10,"Shovel":14,"Tiny Chest":6,"Cracked Core":0,"Meat on the Bone":5,"Runic Pyramid":8},{"Ice Cream":63,"Potion Belt":68,"Darkstone Periapt":107,"Lantern":40,"Pear":93,"Gremlin Horn":86,"Golden Idol":22,"SacredBark":75,"Runic Capacitor":63,"Odd Mushroom":22,"Bottled Tornado":63,"Frozen Egg 2":81,"Ancient Tea Set":15,"Boot":63,"Blood Vial":6,"Anchor":86,"Matryoshka":15,"HornCleat":40,"Shovel":63,"Tiny Chest":19,"Cracked Core":0,"Meat on the Bone":15,"Runic Pyramid":30}],"Meat on the Bone":84},"card_choices":[{"not_picked":["Turbo","Hello World"],"picked":"Sweeping Beam","floor":1.0},{"not_picked":["Redo","Barrage"],"picked":"Genetic Algorithm","floor":2.0},{"not_picked":["Fusion","Steam Power"],"picked":"Coolheaded","floor":4.0},{"not_picked":["Rebound","Redo"],"picked":"Ball Lightning","floor":5.0},{"not_picked":["Barrage","Scrape"],"picked":"Streamline","floor":7.0},{"not_picked":["Fission","Coolheaded"],"picked":"Melter","floor":11.0},{"not_picked":["Auto Shields","Reprogram"],"picked":"Defragment","floor":13.0},{"not_picked":["Multi-Cast","Fission"],"picked":"Biased Cognition","floor":16.0},{"not_picked":["Chill","Sweeping Beam"],"picked":"Double Energy","floor":18.0},{"not_picked":["Turbo+1","Blizzard"],"picked":"Coolheaded+1","floor":19.0},{"not_picked":["Redo","Sweeping Beam"],"picked":"Recycle+1","floor":22.0},{"not_picked":["Gash","Hologram+1","Go for the Eyes"],"picked":"SKIP","floor":24.0},{"not_picked":["Redo","Darkness"],"picked":"Barrage+1","floor":27.0},{"not_picked":["Sweeping Beam","Lockon"],"picked":"Ball Lightning+1","floor":31.0},{"not_picked":["Meteor Strike","Amplify"],"picked":"Creative AI","floor":33.0},{"not_picked":["Streamline+1","Gash+1","Compile Driver"],"picked":"SKIP","floor":35.0},{"not_picked":["Streamline","Turbo"],"picked":"Storm+1","floor":37.0},{"not_picked":["Leap","Aggregate","Darkness+1"],"picked":"SKIP","floor":40.0},{"not_picked":["Redo+1","Recycle","Chaos"],"picked":"SKIP","floor":42.0},{"not_picked":["Aggregate+1","Coolheaded","Redo+1"],"picked":"SKIP","floor":44.0},{"not_picked":["Rebound+1","Chaos"],"picked":"Self Repair+1","floor":45.0},{"not_picked":["Compile Driver","Self Repair+1","Streamline+1"],"picked":"SKIP","floor":47.0}],"player_experience":68748,"relics_obtained":[{"floor":3.0,"key":"Blood Vial"},{"floor":9.0,"key":"Matryoshka"},{"floor":10.0,"key":"Ancient Tea Set"},{"floor":10.0,"key":"Meat on the Bone"},{"floor":11.0,"key":"Tiny Chest"},{"floor":13.0,"key":"Odd Mushroom"},{"floor":21.0,"key":"Lantern"},{"floor":21.0,"key":"HornCleat"},{"floor":27.0,"key":"Shovel"},{"floor":27.0,"key":"Bottled Tornado"},{"floor":31.0,"key":"Potion Belt"},{"floor":36.0,"key":"Frozen Egg 2"},{"floor":43.0,"key":"Pear"},{"floor":48.0,"key":"Darkstone Periapt"}],"event_choices":[{"damage_healed":0.0,"max_hp_gain":0.0,"max_hp_loss":0.0,"gold_gain":75.0,"event_name":"World of Goop","player_choice":"Gather Gold","floor":8.0,"gold_loss":0.0,"damage_taken":11.0},{"damage_healed":0.0,"max_hp_gain":0.0,"max_hp_loss":0.0,"gold_gain":0.0,"event_name":"Mushrooms","player_choice":"Fought Mushrooms","floor":13.0,"gold_loss":0.0,"damage_taken":0.0},{"damage_healed":0.0,"max_hp_gain":0.0,"max_hp_loss":0.0,"gold_gain":0.0,"event_name":"Golden Idol","player_choice":"Take Wound","floor":14.0,"gold_loss":0.0,"damage_taken":0.0,"relics_obtained":["Golden Idol"],"cards_obtained":["Injury"]},{"damage_healed":0.0,"max_hp_gain":0.0,"max_hp_loss":0.0,"gold_gain":99.0,"event_name":"Nest","player_choice":"Stole From Cult","floor":20.0,"gold_loss":0.0,"damage_taken":0.0},{"damage_healed":0.0,"max_hp_gain":0.0,"max_hp_loss":0.0,"gold_gain":0.0,"event_name":"Colosseum","player_choice":"Fight","floor":27.0,"gold_loss":0.0,"damage_taken":0.0},{"damage_healed":0.0,"max_hp_gain":0.0,"max_hp_loss":0.0,"gold_gain":0.0,"event_name":"Colosseum","player_choice":"Fought Nobs","floor":27.0,"gold_loss":0.0,"damage_taken":0.0},{"damage_healed":0.0,"max_hp_gain":0.0,"max_hp_loss":0.0,"gold_gain":0.0,"cards_transformed":["Defend_B"],"event_name":"Transmorgrifier","player_choice":"Transformed","floor":29.0,"gold_loss":0.0,"damage_taken":0.0,"cards_obtained":["Machine Learning"]},{"damage_healed":0.0,"max_hp_gain":0.0,"max_hp_loss":0.0,"gold_gain":333.0,"event_name":"The Moai Head","player_choice":"Gave Idol","floor":38.0,"relics_lost":["Golden Idol"],"gold_loss":0.0,"damage_taken":0.0},{"cards_removed":["Machine Learning"],"damage_healed":37.0,"max_hp_gain":10.0,"max_hp_loss":0.0,"gold_gain":0.0,"event_name":"Bonfire Elementals","player_choice":"Offered Rare","floor":41.0,"gold_loss":0.0,"damage_taken":0.0}],"is_beta":false,"boss_relics":[{"not_picked":["FrozenCore","Runic Dome"],"picked":"Runic Pyramid"},{"not_picked":["SlaversCollar","Cursed Key"],"picked":"SacredBark"}],"items_purged_floors":[28,39],"is_endless":false,"potions_floor_spawned":[1,2,4,11,13,19,22,24,31,40,42],"killed_by":"Awakened One","ascension_level":0}}