{"host":"vpa65ctvwhttzxlr","time":1608160218,"event":{"mods":["BaseMod","GifTheSpireLib","Minty Spire (QoL Compilation)","StSLib","The Necromancer","everything is the same but u backflip on backflip"],"gold_per_floor":[110,110,185,135,310,310,336,348,372,401,415,415,30,30,30,126,126,66,66,66,66,66,66,66,66,66,66,66,66,66,66,66,66,66],"floor_reached":33,"playtime":1490,"items_purged":[],"score":323,"play_id":"989e73f2-4168-4a7f-89bd-adee21a6cb94","local_time":"20201216171018","is_ascension_mode":false,"campfire_choices":[{"floor":6,"key":"RECALL"},{"floor":12,"key":"REST"},{"floor":15,"key":"REST"},{"data":"Uncharnel","floor":23,"key":"SMITH"},{"data":"Negative_Energy_Mist","floor":25,"key":"SMITH"},{"data":"Summon_Lich","floor":28,"key":"SMITH"},{"data":"Bone_Armor","floor":32,"key":"SMITH"}],"circlet_count":0,"master_deck":["Strike_W","Strike_W","Defend_W+1","Defend_W+1","Negative_Energy_Arrows","Bone_Wall","Blood_Curse","Doubt","Pandemic","Flesh_Made_Foul","Negative_Energy_Sphere","Negative_Energy_Mist+1","Summon_Lich+1","Bone_Armor","Finger_Of_Death","Flash of Steel+1","Hellfire","Bone_Bullets+1","Uncharnel+1","Uncharnel+1","Negative_Energy_Sphere","Negative_Energy_Shield+1","Bone_Armor+1","Summon_Lich+1","Negative_Energy_Sphere+1","Bones_to_Steel","Blood_Shield"],"relics":["Vampire_Amulet","NeowsBlessing","Centennial Puzzle","War Paint","Lantern","Ectoplasm","MealTicket","Whetstone","Dead Branch","Sundial"],"acts_visited":["Exordium","TheCity"],"potions_floor_usage":[10,10,16,27,29,29,31],"damage_taken":[{"damage":0,"enemies":"Small Slimes","floor":1,"turns":1},{"damage":0,"enemies":"Gremlin Nob","floor":7,"turns":1},{"damage":0,"enemies":"2 Louse","floor":8,"turns":1},{"damage":60,"enemies":"3 Sentries","floor":10,"turns":13},{"damage":3,"enemies":"Jaw Worm","floor":11,"turns":3},{"damage":44,"enemies":"Slime Boss","floor":16,"turns":11},{"damage":8,"enemies":"2 Thieves","floor":18,"turns":4},{"damage":11,"enemies":"Shell Parasite","floor":19,"turns":5},{"damage":16,"enemies":"Snake Plant","floor":21,"turns":6},{"damage":6,"enemies":"Centurion and Healer","floor":24,"turns":7},{"damage":0,"enemies":"Book of Stabbing","floor":27,"turns":5},{"damage":15,"enemies":"Colosseum Slavers","floor":29,"turns":3},{"damage":24,"enemies":"Colosseum Nobs","floor":29,"turns":4},{"damage":13,"enemies":"Sentry and Sphere","floor":30,"turns":6},{"damage":7,"enemies":"Snake Plant","floor":31,"turns":4},{"damage":33,"enemies":"Collector","floor":33,"turns":3}],"seed_played":"-6058729009467135304","potions_obtained":[{"floor":1,"key":"BlessingOfTheForge"},{"floor":8,"key":"SteroidPotion"},{"floor":11,"key":"SneckoOil"},{"floor":18,"key":"Ancient Potion"},{"floor":21,"key":"Block Potion"},{"floor":27,"key":"Weak Potion"},{"floor":30,"key":"Weak Potion"}],"is_trial":false,"path_per_floor":["M","?","?","?","?","R","E","M","T","E","M","R","$","?","R","B",null,"M","M","?","M","?","R","M","R","T","E","R","?","M","M","R","B"],"character_chosen":"NECROMANCER","items_purchased":["Summon_Lich","Bone_Armor","Finger_Of_Death","Flash of Steel","Lantern"],"campfire_rested":2,"item_purchase_floors":[13,13,13,13,13],"current_hp_per_floor":[75,68,57,57,57,57,59,63,63,9,8,30,30,30,52,16,75,69,60,60,46,71,71,69,69,69,71,71,40,31,32,32,0,0],"gold":66,"neow_bonus":"THREE_ENEMY_KILL","is_daily":false,"chose_seed":false,"campfire_upgraded":4,"win_rate":0.0,"timestamp":1608160218,"path_taken":["M","?","?","?","?","R","E","?","T","E","M","R","$","?","R","BOSS","M","M","?","M","?","R","M","R","T","E","R","?","M","M","R","BOSS"],"items_purchased_type":["Card","Card","Card","Card","Relic"],"build_version":"2020-12-13","purchased_purges":0,"victory":false,"max_hp_per_floor":[75,75,75,75,75,75,75,75,75,75,75,75,75,75,75,75,75,75,75,75,75,75,75,75,75,75,75,75,75,75,75,75,75,75],"card_choices":[{"not_picked":["Life_Tap","Exploit"],"picked":"Blood_Curse","floor":1},{"not_picked":["Death_Coil","Blood_Curse"],"picked":"Pandemic","floor":7},{"not_picked":["Vampiric_Strike","Shackles_Of_Pain"],"picked":"Flesh_Made_Foul","floor":8},{"not_picked":["Stop_Heart","Bone_Armory"],"picked":"Negative_Energy_Sphere","floor":10},{"not_picked":["Negative_Energy_Bomb","Chill_Blood"],"picked":"Negative_Energy_Mist","floor":11},{"not_picked":["Blood_Wake","Reap_The_Weak"],"picked":"Hellfire","floor":16},{"not_picked":["Death_Coil+1","Plague_Bolt"],"picked":"Bone_Bullets","floor":18},{"not_picked":["Deaths_Shadow+1","Chill_Blood"],"picked":"Uncharnel+1","floor":19},{"not_picked":["Bone_Prison","Bone_Shift"],"picked":"Negative_Energy_Shield+1","floor":21},{"not_picked":["Negative_Energy_Shield","Death_Coil"],"picked":"Bone_Armor","floor":24},{"not_picked":["Requiem","Shackles_Of_Pain+1"],"picked":"Summon_Lich+1","floor":27},{"not_picked":["Death_Coil","Finger_Of_Death+1"],"picked":"Negative_Energy_Sphere+1","floor":29},{"not_picked":["Spectral_Armor","Vampiric_Strike"],"picked":"Bones_to_Steel","floor":30},{"not_picked":["Acid_Javelin","Epidemic"],"picked":"Blood_Shield","floor":31}],"player_experience":272957,"relics_obtained":[{"floor":7,"key":"Centennial Puzzle"},{"floor":10,"key":"War Paint"},{"floor":26,"key":"MealTicket"},{"floor":27,"key":"Whetstone"},{"floor":29,"key":"Dead Branch"},{"floor":29,"key":"Sundial"}],"event_choices":[{"cards_removed":["Defend_W"],"damage_healed":0,"gold_gain":0,"player_choice":"Card Removal","damage_taken":7,"max_hp_gain":0,"max_hp_loss":0,"event_name":"Golden Wing","floor":2,"gold_loss":0},{"damage_healed":0,"gold_gain":75,"player_choice":"Gather Gold","damage_taken":11,"max_hp_gain":0,"max_hp_loss":0,"event_name":"World of Goop","floor":3,"gold_loss":0},{"cards_removed":["Defend_W"],"damage_healed":0,"gold_gain":0,"player_choice":"Card Removal","damage_taken":0,"max_hp_gain":0,"max_hp_loss":0,"event_name":"The Cleric","floor":4,"gold_loss":50},{"damage_healed":0,"gold_gain":175,"player_choice":"AGREE","damage_taken":0,"max_hp_gain":0,"max_hp_loss":0,"event_name":"Liars Game","floor":5,"gold_loss":0,"cards_obtained":["Doubt"]},{"damage_healed":0,"gold_gain":0,"player_choice":"Ignored","damage_taken":0,"max_hp_gain":0,"max_hp_loss":0,"event_name":"NoteForYourself","floor":14,"gold_loss":0},{"damage_healed":0,"gold_gain":0,"cards_transformed":["Strike_W","Strike_W"],"player_choice":"Became Test Subject","damage_taken":0,"max_hp_gain":0,"max_hp_loss":0,"event_name":"Drug Dealer","floor":20,"gold_loss":0,"cards_obtained":["Uncharnel","Negative_Energy_Sphere"]},{"damage_healed":25,"gold_gain":0,"player_choice":"Heal","damage_taken":0,"max_hp_gain":0,"max_hp_loss":0,"event_name":"The Library","floor":22,"gold_loss":0},{"damage_healed":0,"gold_gain":0,"player_choice":"Fight","damage_taken":0,"max_hp_gain":0,"max_hp_loss":0,"event_name":"Colosseum","floor":29,"gold_loss":0},{"damage_healed":0,"gold_gain":0,"player_choice":"Fought Nobs","damage_taken":0,"max_hp_gain":0,"max_hp_loss":0,"event_name":"Colosseum","floor":29,"gold_loss":0}],"is_beta":false,"boss_relics":[{"not_picked":["Runic Pyramid","Runic Dome"],"picked":"Ectoplasm"}],"items_purged_floors":[],"is_endless":false,"potions_floor_spawned":[1,8,11,18,21,27,30],"killed_by":"Collector","ascension_level":0}}