{"host":"9jskdx4t2il7kdto","time":1608091525,"event":{"mods":["AchievementEnabler","BaseMod","Card Forge","Colored Powertips","Highlight Path","Minty Spire (QoL Compilation)","Replay The Spire","StSLib","UnlockEverythingMod"],"gold_per_floor":[115,130,144,144,144,144,184,235,258,333,347,387,411,436,436,531,531,554,554,570,64,64,97,112,112,112,145,229,241,253,265,295,136,136,232,232,248,248,182,182,245,245,245,286,286,286,188,204,204,274,274,319,319,319,319,48,82,82],"floor_reached":59,"playtime":2138,"items_purged":["Clumsy"],"score":3047,"play_id":"6f95eab2-65e4-4c31-8f82-d2d1b0dcafae","local_time":"20201215220525","is_ascension_mode":true,"campfire_choices":[{"floor":6.0,"key":"RECALL"},{"floor":15.0,"key":"REST"},{"floor":29,"key":"REST"},{"floor":34,"key":"REST"},{"floor":42,"key":"REST"},{"floor":46,"key":"REST"},{"floor":51,"key":"REST"},{"floor":55,"key":"REST"}],"circlet_count":1,"master_deck":["AscendersBane","A Thousand Cuts+1","Accuracy+1","After Image+1","Adrenaline+1","Blade Dance+1","Calculated Gamble+1","Dash+1","Crippling Poison+1","Corpse Explosion+1","Envenom+1","Infinite Blades+1","Night Terror+1","PiercingWail+1","Storm of Steel+1","Terror+1","Wraith Form v2+1","Sadistic Nature+1","Wraith Form v2+1","Accuracy+1","Blade Dance+1","After Image+1","Backstab+1","Dagger Throw+1","Envenom+1","Wraith Form v2+1","Wraith Form v2+1","Sadistic Nature+1","Accuracy+1","Specialist+1","Sadistic Nature+1"],"relics":["Ring of the Snake","Hammer of Thor","Seething Fire","Anvil of the Gods","NeowsBlessing","Fusion Hammer","SacredBark","Circlet","Sozu","Cursed Key","Ice Cream","Philosopher\u0027s Stone","WristBlade","Golden Idol","Snake Skull","Bottled Tornado","Bottled Tornado","Bottled Lightning","Bronze Scales","Bottled Lightning","Bottled Tornado","Bottled Tornado","InkBottle","Mummified Hand","Philosopher\u0027s Stone","OrangePellets","HandDrill","Bag of Preparation","Anchor","Replay:Bottled Steam","MawBank","TwistedFunnel","Busted Crown","Replay:Kaleidoscope","Whetstone","Paper Crane","ReplayTheSpireMod:CursedCoin","Centennial Puzzle","Calipers","ReplayTheSpireMod:Ring of Challenge","Ring of Hypnosis","ReplayTheSpireMod:Shallot","Happy Flower"],"acts_visited":["Exordium","TheCity","TheBeyond","TheEnding"],"potions_floor_usage":[],"damage_taken":[{"damage":0.0,"enemies":"Small Slimes","floor":1.0,"turns":1.0},{"damage":0.0,"enemies":"2 Louse","floor":2.0,"turns":1.0},{"damage":0.0,"enemies":"Jaw Worm","floor":3.0,"turns":1.0},{"damage":0.0,"enemies":"Gremlin Nob","floor":7.0,"turns":2.0},{"damage":0.0,"enemies":"Gremlin Gang","floor":11.0,"turns":2.0},{"damage":0.0,"enemies":"Replay:BlueRogue","floor":12.0,"turns":1.0},{"damage":0.0,"enemies":"Red Slaver","floor":13.0,"turns":1.0},{"damage":0.0,"enemies":"Looter","floor":14.0,"turns":1.0},{"damage":0.0,"enemies":"Slime Boss","floor":16.0,"turns":2.0},{"damage":0.0,"enemies":"2 Thieves","floor":18.0,"turns":1.0},{"damage":0,"enemies":"Spheric Guardian","floor":20,"turns":1},{"damage":0,"enemies":"Book of Stabbing","floor":23,"turns":2},{"damage":0,"enemies":"Cultist and Chosen","floor":24,"turns":2},{"damage":0,"enemies":"Gremlin Leader","floor":27,"turns":2},{"damage":0,"enemies":"Snecko","floor":32,"turns":1},{"damage":0,"enemies":"Automaton","floor":35,"turns":3},{"damage":0,"enemies":"3 Shapes","floor":37,"turns":2},{"damage":0,"enemies":"2 Orb Walkers","floor":41,"turns":1},{"damage":0,"enemies":"Reptomancer","floor":44,"turns":2},{"damage":0,"enemies":"Orb Walker","floor":48,"turns":3},{"damage":0,"enemies":"Maw","floor":50,"turns":2},{"damage":0,"enemies":"Awakened One","floor":52,"turns":5},{"damage":0,"enemies":"Replay:Hell Engine","floor":53,"turns":3},{"damage":0,"enemies":"Shield and Spear","floor":57,"turns":5},{"damage":0,"enemies":"The Heart","floor":58,"turns":5}],"seed_played":"-8423043425449727418","potions_obtained":[],"is_trial":false,"path_per_floor":["M","M","M","?","?","R","E","?","T","?","M","E","M","M","R","B",null,"M","?","M","$","?","E","M","PTL","PTL","E","T","R","?","$","M","$","R","B",null,"M","?","$","?","?","R","?","E","T","R","$","M","?","M","R","B","B",null,"R","$","E","B",null],"character_chosen":"THE_SILENT","items_purchased":["HandDrill","Bag of Preparation","Anchor","TwistedFunnel","Accuracy+1","ReplayTheSpireMod:CursedCoin","Centennial Puzzle","ReplayTheSpireMod:Shallot"],"campfire_rested":7,"item_purchase_floors":[21,21,21,33,39,47,47,56],"current_hp_per_floor":[59,59,59,59,59,59,59,59,59,48,48,48,48,48,60,60,60,60,60,60,60,60,60,60,60,60,60,60,60,60,60,60,60,60,60,60,60,60,60,60,60,60,50,50,50,60,60,60,60,60,60,60,60,60,60,60,60,60],"gold":82,"neow_bonus":"THREE_ENEMY_KILL","is_daily":false,"chose_seed":false,"campfire_upgraded":0,"win_rate":0.0,"timestamp":1608091525,"path_taken":["M","M","M","?","?","R","E","?","T","?","M","E","M","M","R","BOSS","M","?","?","?","?","E","?","PTL","PTL","E","T","R","?","$","M","$","R","BOSS","M","?","$","?","?","R","?","E","T","R","$","M","?","?","R","BOSS","BOSS","R","$","E","BOSS"],"items_purchased_type":["Relic","Relic","Relic","Relic","Card","Relic","Relic","Relic"],"build_version":"2020-12-13","purchased_purges":1,"victory":true,"max_hp_per_floor":[66,66,66,60,60,60,60,60,60,60,60,60,60,60,60,60,60,60,60,60,60,60,60,60,60,60,60,60,60,60,60,60,60,60,60,60,60,60,60,60,60,60,60,60,60,60,60,60,60,60,60,60,60,60,60,60,60,60],"card_choices":[{"not_picked":["Prepared","Flying Knee","Footwork"],"picked":"SKIP","floor":1.0},{"not_picked":["Cloak And Dagger","Expertise","Deadly Poison"],"picked":"SKIP","floor":2.0},{"not_picked":["Caltrops","Poisoned Stab","Underhanded Strike"],"picked":"SKIP","floor":3.0},{"not_picked":["Setup","Blade Dance","Dash"],"picked":"SKIP","floor":7.0},{"not_picked":["Fluid Movement","PiercingWail","Concentrate"],"picked":"SKIP","floor":11.0},{"not_picked":["Fluid Movement","PiercingWail","Concentrate"],"picked":"SKIP","floor":11.0},{"not_picked":["Fluid Movement","PiercingWail","Concentrate"],"picked":"SKIP","floor":11.0},{"not_picked":["Leg Sweep","Hidden Blade","Sneak Up"],"picked":"SKIP","floor":12.0},{"not_picked":["Hidden Blade","Quick Slash","Wraith Form v2"],"picked":"SKIP","floor":13.0},{"not_picked":["Prepared","Deflect","Well Laid Plans"],"picked":"SKIP","floor":14.0},{"not_picked":["Fluid Movement","Dagger Spray","ReplayTheSpireMod:Scrap Shanks+1"],"picked":"SKIP","floor":18.0},{"not_picked":["Fluid Movement","Dagger Spray","ReplayTheSpireMod:Scrap Shanks+1"],"picked":"SKIP","floor":18.0},{"not_picked":["Slice","Acrobatics","Flechettes"],"picked":"SKIP","floor":20},{"not_picked":["Endless Agony+1","Cloak And Dagger","Dagger Spray"],"picked":"SKIP","floor":23},{"not_picked":["Blade Dance","Tools of the Trade","Hidden Blade"],"picked":"SKIP","floor":24},{"not_picked":["Acrobatics","Underhanded Strike","Draining Mist"],"picked":"SKIP","floor":27},{"not_picked":["Dodge and Roll","Slice","Bane"],"picked":"SKIP","floor":32},{"not_picked":["Flying Knee"],"picked":"SKIP","floor":37},{"not_picked":[],"picked":"Specialist","floor":43},{"not_picked":[],"picked":"Sadistic Nature","floor":43},{"not_picked":["Poisoned Stab"],"picked":"SKIP","floor":44},{"not_picked":["Noxious Fumes"],"picked":"SKIP","floor":48},{"not_picked":["Backflip+1"],"picked":"SKIP","floor":50},{"not_picked":["Heel Hook"],"picked":"SKIP","floor":57}],"player_experience":325101,"relics_obtained":[{"floor":7.0,"key":"Snake Skull"},{"floor":9.0,"key":"Bronze Scales"},{"floor":12.0,"key":"InkBottle"},{"floor":23,"key":"Replay:Bottled Steam"},{"floor":27,"key":"MawBank"},{"floor":41,"key":"Replay:Kaleidoscope"},{"floor":44,"key":"Whetstone"},{"floor":45,"key":"Paper Crane"},{"floor":49,"key":"ReplayTheSpireMod:Ring of Challenge"},{"floor":49,"key":"Ring of Hypnosis"},{"floor":57,"key":"Happy Flower"}],"event_choices":[{"damage_healed":0.0,"max_hp_gain":0.0,"max_hp_loss":6.0,"gold_gain":0.0,"event_name":"Golden Idol","player_choice":"Lose Max HP","floor":4.0,"gold_loss":0.0,"damage_taken":0.0,"relics_obtained":["Golden Idol"]},{"damage_healed":0.0,"max_hp_gain":0.0,"max_hp_loss":0.0,"gold_gain":51.0,"event_name":"Golden Wing","player_choice":"Gained Gold","floor":8.0,"gold_loss":0.0,"damage_taken":0.0},{"damage_healed":0.0,"max_hp_gain":0.0,"max_hp_loss":0.0,"gold_gain":75.0,"event_name":"World of Goop","player_choice":"Gather Gold","floor":10.0,"gold_loss":0.0,"damage_taken":11.0},{"damage_healed":0,"gold_gain":0,"player_choice":"Ignored","damage_taken":0,"max_hp_gain":0,"max_hp_loss":0,"event_name":"N\u0027loth","floor":19,"gold_loss":0},{"damage_healed":0,"gold_gain":0,"player_choice":"Ignored","damage_taken":0,"max_hp_gain":0,"max_hp_loss":0,"event_name":"Ghosts","floor":30,"gold_loss":0},{"damage_healed":0,"gold_gain":0,"player_choice":"Ignored","damage_taken":0,"max_hp_gain":0,"max_hp_loss":0,"event_name":"Tomb of Lord Red Mask","floor":38,"gold_loss":0},{"cards_removed":["Dash"],"damage_healed":0,"gold_gain":0,"player_choice":"Removed Attack","damage_taken":0,"max_hp_gain":0,"max_hp_loss":0,"event_name":"Falling","floor":40,"gold_loss":0},{"damage_healed":0,"gold_gain":0,"player_choice":"Fight","damage_taken":0,"max_hp_gain":0,"max_hp_loss":0,"event_name":"Mysterious Sphere","floor":41,"gold_loss":0},{"damage_healed":0,"gold_gain":0,"player_choice":"Memory 3","damage_taken":10,"max_hp_gain":0,"max_hp_loss":0,"event_name":"SensoryStone","floor":43,"gold_loss":0}],"is_beta":false,"boss_relics":[{"not_picked":["Runic Dome","Snecko Eye"],"picked":"Philosopher\u0027s Stone"},{"not_picked":["Cursed Key","Replay:Bronze Core"],"picked":"Busted Crown"}],"items_purged_floors":[47],"is_endless":false,"potions_floor_spawned":[7,13,14,23,24,27,35,37,50],"ascension_level":20}}