{"host":"8aazbu429xvxw5ti","time":1608162177,"event":{"mods":["2.2 Compatiblity","BaseMod","Colored Map","DeckTracker","Highlight Path","Keyboard Shortcuts","Minty Spire (QoL Compilation)","Permanent Neow","Quick Restart","StSLib","SuperFastMode","everything is the same but u backflip on backflip"],"gold_per_floor":[11,25,39,39,39,39,73,73,128,141,141,155,155,184,184,284,284,300,300,311,236,252,278,278,297,349,374,386,398,420,250,250,349,349,369,78,90,105,105,105,105,105,105,105,120,0,0,19,19,19],"floor_reached":51,"playtime":2291,"items_purged":["Defend_R","Strike_R","Bash"],"score":1022,"play_id":"ac50c962-8069-4350-98a3-204cbac5aff8","local_time":"20201217084257","is_ascension_mode":true,"campfire_choices":[{"data":"Searing Blow","floor":6.0,"key":"SMITH"},{"data":"Searing Blow+1","floor":8.0,"key":"SMITH"},{"data":"Searing Blow+2","floor":13.0,"key":"SMITH"},{"data":"Searing Blow+3","floor":15.0,"key":"SMITH"},{"data":"Armaments","floor":24.0,"key":"SMITH"},{"data":"Searing Blow+4","floor":29.0,"key":"SMITH"},{"data":"Searing Blow+5","floor":32.0,"key":"SMITH"},{"data":"Searing Blow+6","floor":40,"key":"SMITH"},{"data":"Searing Blow+7","floor":42,"key":"SMITH"},{"data":"Searing Blow+8","floor":47,"key":"SMITH"},{"data":"Searing Blow+9","floor":49,"key":"SMITH"}],"circlet_count":0,"master_deck":["Defend_R","Searing Blow+10","Warcry","Armaments+1","Headbutt","Double Tap","Whirlwind+1","Pummel+1","Ghostly Armor+1","Warcry","Warcry","Battle Trance","Purity","Master of Strategy","Seeing Red+1","Seeing Red","Madness","Madness"],"relics":["Burning Blood","Thread and Needle","Boot","Orichalcum","Potion Belt","Oddly Smooth Stone","Astrolabe","Meat on the Bone","Red Skull","MawBank","Empty Cage","StoneCalendar","Red Mask"],"acts_visited":["Exordium","TheCity","TheBeyond"],"potions_floor_usage":[37,50,50,50,50,50,50,50,50,50],"damage_taken":[{"damage":7.0,"enemies":"Jaw Worm","floor":1.0,"turns":4.0},{"damage":0.0,"enemies":"Small Slimes","floor":2.0,"turns":3.0},{"damage":0.0,"enemies":"2 Louse","floor":3.0,"turns":3.0},{"damage":25.0,"enemies":"3 Sentries","floor":7.0,"turns":7.0},{"damage":6.0,"enemies":"Red Slaver","floor":10.0,"turns":3.0},{"damage":1.0,"enemies":"Exordium Wildlife","floor":12.0,"turns":6.0},{"damage":22.0,"enemies":"Lagavulin","floor":14.0,"turns":6.0},{"damage":27.0,"enemies":"Hexaghost","floor":16.0,"turns":8.0},{"damage":1.0,"enemies":"Spheric Guardian","floor":18.0,"turns":3.0},{"damage":2.0,"enemies":"Chosen","floor":20.0,"turns":2.0},{"damage":0.0,"enemies":"Snecko","floor":22.0,"turns":4.0},{"damage":43.0,"enemies":"Gremlin Leader","floor":23.0,"turns":6.0},{"damage":20.0,"enemies":"Sentry and Sphere","floor":25.0,"turns":6.0},{"damage":18.0,"enemies":"Book of Stabbing","floor":27.0,"turns":5.0},{"damage":22.0,"enemies":"Colosseum Slavers","floor":28.0,"turns":3.0},{"damage":8.0,"enemies":"Snake Plant","floor":30.0,"turns":2.0},{"damage":38,"enemies":"Automaton","floor":33,"turns":5},{"damage":8,"enemies":"3 Darklings","floor":35,"turns":6},{"damage":14,"enemies":"3 Shapes","floor":37,"turns":4},{"damage":14,"enemies":"Writhing Mass","floor":38,"turns":3},{"damage":0,"enemies":"Maw","floor":45,"turns":4},{"damage":0,"enemies":"Spire Growth","floor":48,"turns":1},{"damage":54,"enemies":"Time Eater","floor":50,"turns":5}],"seed_played":"-4121595624437649276","potions_obtained":[{"floor":1.0,"key":"ColorlessPotion"},{"floor":7.0,"key":"Dexterity Potion"},{"floor":10.0,"key":"SpeedPotion"},{"floor":18.0,"key":"BloodPotion"},{"floor":19.0,"key":"EntropicBrew"},{"floor":19.0,"key":"HeartOfIron"},{"floor":19.0,"key":"SteroidPotion"},{"floor":23.0,"key":"LiquidMemories"},{"floor":25.0,"key":"LiquidBronze"},{"floor":30.0,"key":"Swift Potion"},{"floor":33,"key":"SteroidPotion"},{"floor":45,"key":"EssenceOfSteel"}],"is_trial":false,"path_per_floor":["M","M","M","?","?","R","E","R","T","M","?","M","R","E","R","B",null,"M","?","M","$","M","E","R","M","T","E","?","R","M","$","R","B",null,"M","$","M","M","?","R","?","R","T","?","M","?","R","M","R","B",null],"character_chosen":"IRONCLAD","items_purchased":["Purity","Master of Strategy"],"campfire_rested":0,"item_purchase_floors":[31,36],"current_hp_per_floor":[71,77,80,85,78,78,59,59,59,59,59,64,64,48,48,27,71,76,76,80,80,85,48,48,46,46,46,42,42,52,52,52,32,72,70,70,62,54,43,43,43,43,43,43,49,49,49,55,55,53],"gold":19,"neow_bonus":"ONE_RARE_RELIC","is_daily":false,"chose_seed":false,"campfire_upgraded":11,"win_rate":0.0,"timestamp":1608162177,"path_taken":["M","M","M","?","?","R","E","R","T","M","?","?","R","E","R","BOSS","M","?","M","$","?","E","R","M","T","E","?","R","M","$","R","BOSS","M","$","M","M","?","R","?","R","T","?","?","?","R","M","R","BOSS"],"items_purchased_type":["Card","Card"],"build_version":"2020-12-13","purchased_purges":3,"victory":true,"max_hp_per_floor":[80,80,80,85,85,85,85,85,85,85,85,85,85,85,85,85,85,85,85,85,85,85,85,85,85,85,85,85,85,85,85,85,85,85,85,85,85,85,85,85,85,85,85,85,85,85,85,85,85,85],"card_choices":[{"not_picked":["Dual Wield","True Grit"],"picked":"Rampage","floor":1.0},{"not_picked":["Perfected Strike","Sword Boomerang"],"picked":"Searing Blow","floor":2.0},{"not_picked":["Ghostly Armor","True Grit","Uppercut"],"picked":"SKIP","floor":3.0},{"not_picked":["Clash","Blood for Blood"],"picked":"Warcry","floor":7.0},{"not_picked":["Pommel Strike","Reaper"],"picked":"Armaments","floor":10.0},{"not_picked":["True Grit","Dropkick"],"picked":"Headbutt","floor":12.0},{"not_picked":["Shockwave","Body Slam","Infernal Blade"],"picked":"SKIP","floor":14.0},{"not_picked":["Juggernaut","Impervious"],"picked":"Double Tap","floor":16.0},{"not_picked":["Shrug It Off+1","Perfected Strike","Pommel Strike+1"],"picked":"SKIP","floor":18.0},{"not_picked":["Shrug It Off","Seeing Red"],"picked":"Warcry","floor":20.0},{"not_picked":["Cleave+1","Bloodletting+1","Ghostly Armor"],"picked":"SKIP","floor":22.0},{"not_picked":["Heavy Blade+1","Pommel Strike","Wild Strike+1"],"picked":"SKIP","floor":23.0},{"not_picked":["Power Through","Anger"],"picked":"Warcry","floor":25.0},{"not_picked":["Wild Strike+1","Corruption"],"picked":"Battle Trance","floor":27.0},{"not_picked":["Iron Wave+1","Clash","True Grit"],"picked":"SKIP","floor":30.0},{"not_picked":["Perfected Strike+1","Body Slam","Anger"],"picked":"SKIP","floor":35},{"not_picked":["Warcry","Twin Strike+1"],"picked":"Seeing Red+1","floor":37},{"not_picked":["Wild Strike","Dark Embrace+1"],"picked":"Seeing Red","floor":38},{"not_picked":["Berserk","Clash","True Grit+1"],"picked":"SKIP","floor":45},{"not_picked":["Clash+1","Thunderclap","Flame Barrier+1"],"picked":"SKIP","floor":48}],"player_experience":427203,"relics_obtained":[{"floor":7.0,"key":"Boot"},{"floor":9.0,"key":"Orichalcum"},{"floor":14.0,"key":"Oddly Smooth Stone"},{"floor":23.0,"key":"Meat on the Bone"},{"floor":26.0,"key":"Red Skull"},{"floor":27.0,"key":"MawBank"},{"floor":43,"key":"StoneCalendar"}],"event_choices":[{"damage_healed":0.0,"max_hp_gain":5.0,"max_hp_loss":0.0,"gold_gain":0.0,"event_name":"Big Fish","player_choice":"Donut","floor":4.0,"gold_loss":0.0,"damage_taken":0.0},{"cards_removed":["Strike_R"],"damage_healed":0.0,"max_hp_gain":0.0,"max_hp_loss":0.0,"gold_gain":0.0,"event_name":"Golden Wing","player_choice":"Card Removal","floor":5.0,"gold_loss":0.0,"damage_taken":7.0},{"damage_healed":0.0,"max_hp_gain":0.0,"max_hp_loss":0.0,"gold_gain":0.0,"event_name":"WeMeetAgain","player_choice":"Gave Potion","floor":11.0,"gold_loss":0.0,"damage_taken":0.0,"relics_obtained":["Potion Belt"]},{"damage_healed":0.0,"max_hp_gain":0.0,"max_hp_loss":0.0,"gold_gain":0.0,"event_name":"Lab","player_choice":"Got Potions","floor":19.0,"gold_loss":0.0,"damage_taken":0.0},{"damage_healed":0.0,"max_hp_gain":0.0,"max_hp_loss":0.0,"gold_gain":0.0,"event_name":"Colosseum","player_choice":"Fight","floor":28.0,"gold_loss":0.0,"damage_taken":0.0},{"damage_healed":0.0,"max_hp_gain":0.0,"max_hp_loss":0.0,"gold_gain":0.0,"event_name":"Colosseum","player_choice":"Fled From Nobs","floor":28.0,"gold_loss":0.0,"damage_taken":0.0},{"damage_healed":0,"gold_gain":0,"player_choice":"Embrace Madness","damage_taken":11,"max_hp_gain":0,"max_hp_loss":0,"event_name":"Winding Halls","floor":39,"gold_loss":0,"cards_obtained":["Madness","Madness"]},{"cards_removed":["Rampage"],"damage_healed":0,"gold_gain":0,"player_choice":"Removed Attack","damage_taken":0,"max_hp_gain":0,"max_hp_loss":0,"event_name":"Falling","floor":41,"gold_loss":0},{"damage_healed":0,"gold_gain":0,"player_choice":"Ignored","damage_taken":0,"max_hp_gain":0,"max_hp_loss":0,"event_name":"SecretPortal","floor":44,"gold_loss":0},{"damage_healed":0,"gold_gain":0,"player_choice":"Paid","damage_taken":0,"relics_obtained":["Red Mask"],"max_hp_gain":0,"max_hp_loss":0,"event_name":"Tomb of Lord Red Mask","floor":46,"gold_loss":120}],"is_beta":false,"boss_relics":[{"not_picked":["Ectoplasm","Calling Bell"],"picked":"Astrolabe"},{"not_picked":["Pandora\u0027s Box","Tiny House"],"picked":"Empty Cage"}],"items_purged_floors":[21,31,36],"is_endless":false,"potions_floor_spawned":[1,7,10,18,23,25,30,33,45],"ascension_level":9}}