{"host":"kag8mfq4or8nkqb2","time":1608146561,"event":{"mods":["2.2 Compatiblity","BaseMod","Downfall","Minty Spire (QoL Compilation)","StSLib"],"gold_per_floor":[99,99,24,199,199,199,199,225,237,263,18,36,56,56,66,66,66],"floor_reached":16,"playtime":3028,"items_purged":["Doubt"],"score":206,"play_id":"c400185f-71ba-4cc1-be15-4775c54841f1","local_time":"20201216192241","is_ascension_mode":true,"campfire_choices":[{"floor":1,"key":"RECALL"},{"data":"Slimebound:Split","floor":3,"key":"SMITH"},{"data":"Slimebound:CorrosiveSpit","floor":5,"key":"SMITH"}],"circlet_count":0,"master_deck":["AscendersBane","Slimebound:Strike_Slimebound","Slimebound:Strike_Slimebound+1","Slimebound:Strike_Slimebound","Slimebound:Tackle+1","Slimebound:Defend_Slimebound","Slimebound:Defend_Slimebound","Slimebound:Defend_Slimebound","Slimebound:Defend_Slimebound","Slimebound:Split+1","Slimebound:CorrosiveSpit+1","Slimebound:SplitBruiser","Slimebound:SplitAcid","Slimebound:LeadByExample","Slimebound:SlimeBrawl","Slimebound:FormOfPuddle","Slimebound:MegaLick","Slimebound:LeadByExample","Slimebound:SplitBruiser"],"relics":["Slimebound:AbsorbEndCombat","downfall:HeartsMalice","downfall:HeartBlessingRed","Guardian:PocketSentry","Whetstone","Happy Flower"],"acts_visited":["Exordium"],"potions_floor_usage":[11,16,16],"damage_taken":[{"damage":0,"enemies":"2 Louse","floor":2,"turns":1},{"damage":0,"enemies":"Cultist","floor":6,"turns":1},{"damage":0,"enemies":"Lagavulin","floor":8,"turns":1},{"damage":15,"enemies":"Small Slimes","floor":9,"turns":3},{"damage":42,"enemies":"Gremlin Nob","floor":10,"turns":4},{"damage":16,"enemies":"downfall:FleeingMerchant","floor":11,"turns":4},{"damage":3,"enemies":"3 Louse","floor":12,"turns":3},{"damage":29,"enemies":"2 Fungi Beasts","floor":13,"turns":4},{"damage":14,"enemies":"Exordium Thugs","floor":15,"turns":4},{"damage":12,"enemies":"downfall:Silent","floor":16,"turns":2}],"seed_played":"-8342730513404789401","potions_obtained":[{"floor":8,"key":"FearPotion"},{"floor":9,"key":"hexamod:EctoCoolerPotion"},{"floor":12,"key":"champ:CounterPotion"},{"floor":15,"key":"AttackPotion"}],"is_trial":false,"path_per_floor":["R","M","R","?","R","M","T","E","M","E","$","M","M","?","M","B"],"character_chosen":"SLIMEBOUND","items_purchased":["Slimebound:MegaLick","Slimebound:LeadByExample"],"campfire_rested":0,"item_purchase_floors":[11,11],"current_hp_per_floor":[54,54,54,54,54,54,54,54,47,23,31,34,23,16,8,0,0],"gold":66,"neow_bonus":"THREE_ENEMY_KILL","is_daily":false,"chose_seed":false,"campfire_upgraded":2,"win_rate":0.0,"timestamp":1608146561,"path_taken":["R","M","R","?","R","M","T","E","M","E","$","M","M","?","M","BOSS"],"items_purchased_type":["Card","Card"],"build_version":"2020-12-13","purchased_purges":1,"victory":false,"max_hp_per_floor":[60,60,60,60,60,60,60,60,60,60,60,60,60,60,60,60,60],"card_choices":[{"not_picked":["Slimebound:RollThrough","Slimebound:SlimeBarrage"],"picked":"Slimebound:SplitBruiser","floor":2},{"not_picked":["Slimebound:RollThrough","Slimebound:SplitBruiser"],"picked":"Slimebound:SplitAcid","floor":6},{"not_picked":["Slimebound:PrepareCrush","Slimebound:ViciousTackle"],"picked":"Slimebound:LeadByExample","floor":8},{"not_picked":["Slimebound:SplitBruiser","Slimebound:ViciousTackle"],"picked":"Slimebound:SlimeBrawl","floor":9},{"not_picked":["Slimebound:LeechEnergy","Slimebound:Gluttony","Slimebound:HungryTackle"],"picked":"SKIP","floor":10},{"not_picked":["Slimebound:SamplingLick","Slimebound:Repurpose"],"picked":"Slimebound:FormOfPuddle","floor":11},{"not_picked":["Slimebound:Chomp","Slimebound:SplitLeeching"],"picked":"Slimebound:SplitBruiser","floor":12},{"not_picked":["Slimebound:GoopTackle","Slimebound:GrowthPunch","Slimebound:ComboTackle"],"picked":"SKIP","floor":13},{"not_picked":["Slimebound:ItLooksTasty","Slimebound:PrepareCrush","Slimebound:SplitMire"],"picked":"SKIP","floor":15}],"player_experience":1031919,"relics_obtained":[{"floor":8,"key":"Guardian:PocketSentry"},{"floor":10,"key":"Whetstone"}],"event_choices":[{"damage_healed":0,"gold_gain":0,"player_choice":"Success","damage_taken":7,"relics_obtained":["Happy Flower"],"max_hp_gain":0,"max_hp_loss":0,"event_name":"Scrap Ooze","floor":14,"gold_loss":0}],"is_beta":false,"boss_relics":[],"items_purged_floors":[11],"is_endless":false,"potions_floor_spawned":[8,9,12,13,15],"killed_by":"downfall:Silent","ascension_level":11}}