{"host":"drk0p5jtlzl1xmwe","time":1608112193,"event":{"mods":["2.2 Compatiblity","AchievementEnabler","Act Like it!","Bard","BaseMod","Better Note","Better Vampires","Ekko","Friendly Minions","Hermit","Hubris","Infinite Spire","Luminous","Marisa????????","Minty Spire (QoL Compilation)","Rare Cards Sparkle","Relic Stats","Replay The Spire","Shade Mod","StSLib","The Animator","The Bug Knight","The Cursed","The Disciple","The Gatherer","The Servant 0.9.4","The Spell Scribe"],"gold_per_floor":[112,112,132,145,220,248,248,49,49,74,74,249,149,166,166,166,166],"floor_reached":16,"playtime":606,"items_purged":["SwitchThreat","Normality"],"score":140,"play_id":"7a97244c-5c7c-4759-9726-33f9d31ec31c","local_time":"20201216094953","is_ascension_mode":true,"campfire_choices":[{"data":"Toxin Wave","floor":7,"key":"SMITH"},{"data":"ReplayTheSpireMod:Tripwire","floor":15,"key":"SMITH"}],"circlet_count":0,"master_deck":["Strike_G","Strike_G","Strike_G","Strike_G","Strike_G","Defend_G","Defend_G","Defend_G","Defend_G","Defend_G","Survivor+1","Neutralize","Underhanded Strike","Backflip","Toxin Wave+1","PiercingWail","Poisoned Stab","ReplayTheSpireMod:Tripwire+1","Doubt","PiercingWail"],"relics":["Ring of the Snake","hubris:Towel","ReplayTheSpireMod:CursedCoin","Mango","Lantern","infinitespire:Bottled Soul","hubris:Potato","ReplayTheSpireMod:Ring of Exchange"],"acts_visited":["Exordium"],"potions_floor_usage":[6,10],"damage_taken":[{"damage":0,"enemies":"Small Slimes","floor":1,"turns":3},{"damage":1,"enemies":"Jaw Worm","floor":3,"turns":7},{"damage":1,"enemies":"2 Louse","floor":4,"turns":4},{"damage":10,"enemies":"3 Sentries","floor":6,"turns":6},{"damage":23,"enemies":"Gremlin Nob","floor":10,"turns":5},{"damage":9,"enemies":"Exordium Wildlife","floor":14,"turns":5},{"damage":50,"enemies":"Fading Forest","floor":16,"turns":7}],"seed_played":"-3028003131451226877","potions_obtained":[{"floor":3,"key":"AttackPotion"},{"floor":6,"key":"LiquidMemories"}],"is_trial":false,"path_per_floor":["M","?","M","M","$","E","R","$","T","E","?","?","$","M","R","B"],"character_chosen":"THE_SILENT","items_purchased":["ReplayTheSpireMod:CursedCoin","Poisoned Stab","Lantern"],"campfire_rested":0,"item_purchase_floors":[5,8,8],"current_hp_per_floor":[70,70,69,68,68,72,72,72,72,49,49,49,49,40,40,0,0],"gold":166,"neow_bonus":"UPGRADE_CARD","is_daily":false,"chose_seed":false,"campfire_upgraded":2,"win_rate":0.0,"timestamp":1608112193,"path_taken":["M","?","M","M","$","E","R","$","T","E","?","?","?","M","R","BOSS"],"items_purchased_type":["Relic","Card","Relic"],"build_version":"2020-12-13","purchased_purges":2,"victory":false,"max_hp_per_floor":[70,70,70,70,70,84,84,84,84,84,84,84,84,84,84,84,84],"relic_stats":{"counters":[7,37],"obtain_stats":[{"ReplayTheSpireMod:Ring of Exchange":11,"Lantern":8,"ReplayTheSpireMod:CursedCoin":5,"infinitespire:Bottled Soul":9,"Mango":6,"hubris:Towel":2,"hubris:Potato":10,"Ring of the Snake":0},{"ReplayTheSpireMod:Ring of Exchange":5,"Lantern":4,"ReplayTheSpireMod:CursedCoin":3,"infinitespire:Bottled Soul":4,"Mango":4,"hubris:Towel":1,"hubris:Potato":5,"Ring of the Snake":0},{"ReplayTheSpireMod:Ring of Exchange":25,"Lantern":20,"ReplayTheSpireMod:CursedCoin":14,"infinitespire:Bottled Soul":20,"Mango":20,"hubris:Towel":3,"hubris:Potato":25,"Ring of the Snake":0}],"Ring of the Snake":[14]},"card_choices":[{"not_picked":["Dagger Throw","Terror"],"picked":"Underhanded Strike","floor":1},{"not_picked":["Cloak And Dagger","Expertise"],"picked":"Backflip","floor":3},{"not_picked":["Sucker Punch","Blur"],"picked":"Toxin Wave","floor":4},{"not_picked":["Blade Dance","Deflect"],"picked":"PiercingWail","floor":6},{"not_picked":["Distraction","Concentrate"],"picked":"ReplayTheSpireMod:Tripwire","floor":10},{"not_picked":["Blur","Hidden Blade"],"picked":"PiercingWail","floor":14}],"player_experience":646599,"relics_obtained":[{"floor":6,"key":"Mango"},{"floor":9,"key":"infinitespire:Bottled Soul"},{"floor":10,"key":"hubris:Potato"},{"floor":11,"key":"ReplayTheSpireMod:Ring of Exchange"}],"event_choices":[{"damage_healed":0,"gold_gain":175,"player_choice":"AGREE","damage_taken":0,"max_hp_gain":0,"max_hp_loss":0,"event_name":"Liars Game","floor":12,"gold_loss":0,"cards_obtained":["Doubt"]}],"is_beta":false,"boss_relics":[],"items_purged_floors":[5,13],"is_endless":false,"potions_floor_spawned":[3,6],"killed_by":"Fading Forest","ascension_level":1}}