{"host":"m7puq4mk16tgc6yn","time":1608099966,"event":{"mods":["AchievementEnabler","BaseMod","Colored Map","Colored Powertips","Minty Spire (QoL Compilation)","Relic Stats"],"gold_per_floor":[116,116,23,43,93,93,123,142,166,242,254,254,304,320,320,423,423,439,524,574,585,647,647,679,729,729,762,762,788,788,6,6,102,102,119,182,192,242,260,260,286,305,305,20,40,90,118,130,130,130,130,130,22,48,48],"floor_reached":56,"playtime":2832,"items_purged":["Strike_G","Strike_G","Strike_G"],"score":1800,"play_id":"f4f57e92-947a-4d7a-a9a9-a3df309fbe9c","local_time":"20201215222606","is_ascension_mode":true,"campfire_choices":[{"data":"Neutralize","floor":6,"key":"SMITH"},{"data":"Crippling Poison","floor":12,"key":"SMITH"},{"data":"Bullet Time","floor":15,"key":"SMITH"},{"data":"Adrenaline","floor":23,"key":"SMITH"},{"data":"Dash","floor":28,"key":"SMITH"},{"data":"Dash","floor":30,"key":"SMITH"},{"data":"Leg Sweep","floor":32,"key":"SMITH"},{"data":"Burst","floor":40,"key":"SMITH"},{"floor":49,"key":"RECALL"},{"data":"Catalyst","floor":52,"key":"SMITH"}],"circlet_count":0,"master_deck":["Strike_G","Defend_G","Defend_G","Defend_G","Defend_G","Defend_G","Survivor","Neutralize+1","Dagger Throw","Poisoned Stab","Dash+1","Crippling Poison+1","Dagger Throw","Bullet Time+1","Poisoned Stab","Adrenaline+1","Dagger Throw","Skewer","Calculated Gamble","Dash+1","Tactician+1","Adrenaline+1","Malaise","Well Laid Plans+1","Cloak And Dagger","Leg Sweep+1","Burst+1","Dodge and Roll","Sucker Punch+1","Catalyst+1","Cloak And Dagger","Reflex+1","Backflip+1","Bouncing Flask+1","Night Terror","Catalyst+1"],"relics":["Ring of the Snake","NeowsBlessing","SsserpentHead","Bag of Marbles","Toy Ornithopter","The Courier","Odd Mushroom","White Beast Statue","Coffee Dripper","Red Mask","Shuriken","Lantern","Smiling Mask","Kunai","Mango","Gambling Chip","Nunchaku","SacredBark","Bottled Tornado","The Specimen","Strawberry","Blood Vial","Snake Skull","Oddly Smooth Stone"],"acts_visited":["Exordium","TheCity","TheBeyond","TheEnding"],"potions_floor_usage":[10,11,16,22,24,29,41,45,47,50,54,55,55],"damage_taken":[{"damage":0,"enemies":"Jaw Worm","floor":1,"turns":1},{"damage":0,"enemies":"Cultist","floor":4,"turns":1},{"damage":0,"enemies":"Lagavulin","floor":7,"turns":1},{"damage":2,"enemies":"Small Slimes","floor":8,"turns":2},{"damage":0,"enemies":"The Mushroom Lair","floor":10,"turns":3},{"damage":0,"enemies":"2 Fungi Beasts","floor":11,"turns":2},{"damage":0,"enemies":"Large Slime","floor":14,"turns":4},{"damage":19,"enemies":"The Guardian","floor":16,"turns":10},{"damage":0,"enemies":"2 Thieves","floor":18,"turns":3},{"damage":21,"enemies":"Masked Bandits","floor":19,"turns":4},{"damage":4,"enemies":"3 Byrds","floor":21,"turns":5},{"damage":7,"enemies":"3 Cultists","floor":22,"turns":4},{"damage":6,"enemies":"Slavers","floor":24,"turns":5},{"damage":0,"enemies":"Gremlin Leader","floor":27,"turns":5},{"damage":2,"enemies":"Slavers","floor":29,"turns":4},{"damage":0,"enemies":"Collector","floor":33,"turns":9},{"damage":0,"enemies":"3 Shapes","floor":35,"turns":3},{"damage":0,"enemies":"3 Darklings","floor":36,"turns":3},{"damage":19,"enemies":"Jaw Worm Horde","floor":37,"turns":4},{"damage":40,"enemies":"Transient","floor":39,"turns":5},{"damage":0,"enemies":"Giant Head","floor":41,"turns":4},{"damage":3,"enemies":"Writhing Mass","floor":42,"turns":7},{"damage":30,"enemies":"Sphere and 2 Shapes","floor":45,"turns":5},{"damage":18,"enemies":"Nemesis","floor":47,"turns":7},{"damage":0,"enemies":"Transient","floor":48,"turns":5},{"damage":33,"enemies":"Awakened One","floor":50,"turns":13},{"damage":22,"enemies":"Shield and Spear","floor":54,"turns":4},{"damage":42,"enemies":"The Heart","floor":55,"turns":5}],"seed_played":"-9025100157760469877","potions_obtained":[{"floor":1,"key":"CunningPotion"},{"floor":4,"key":"Fire Potion"},{"floor":14,"key":"CunningPotion"},{"floor":16,"key":"Energy Potion"},{"floor":18,"key":"CultistPotion"},{"floor":19,"key":"Energy Potion"},{"floor":21,"key":"Fire Potion"},{"floor":22,"key":"Dexterity Potion"},{"floor":24,"key":"FearPotion"},{"floor":27,"key":"DuplicationPotion"},{"floor":29,"key":"Weak Potion"},{"floor":39,"key":"LiquidMemories"},{"floor":41,"key":"Regen Potion"},{"floor":42,"key":"FairyPotion"},{"floor":45,"key":"AttackPotion"},{"floor":47,"key":"Poison Potion"},{"floor":54,"key":"SkillPotion"}],"is_trial":false,"path_per_floor":["M","?","$","M","?","R","E","M","T","?","M","R","T","M","R","B",null,"M","?","?","M","M","R","E","?","T","E","R","E","R","$","R","B",null,"M","M","M","?","M","R","E","M","T","$","M","?","E","M","R","B",null,"R","$","E","B",null],"character_chosen":"THE_SILENT","items_purchased":["Bag of Marbles","Mango","Gambling Chip","Cloak And Dagger","Nunchaku","Leg Sweep","Swift Potion","Strawberry","Blood Vial","DuplicationPotion"],"campfire_rested":0,"item_purchase_floors":[3,31,31,31,31,31,31,44,44,53],"current_hp_per_floor":[63,63,63,63,60,60,60,58,58,63,68,68,68,68,68,54,66,66,45,45,41,39,39,38,38,38,38,38,41,41,55,55,55,77,77,77,58,58,18,18,23,20,20,27,31,31,20,22,22,52,78,78,78,63,33],"gold":48,"neow_bonus":"THREE_ENEMY_KILL","is_daily":false,"chose_seed":false,"campfire_upgraded":9,"win_rate":0.0,"timestamp":1608099966,"path_taken":["M","?","?","M","?","R","E","M","T","?","M","R","?","M","R","BOSS","M","?","?","M","?","R","E","?","T","E","R","E","R","$","R","BOSS","M","?","M","?","M","R","E","M","T","$","M","?","E","M","R","BOSS","R","$","E","BOSS"],"items_purchased_type":["Relic","Relic","Relic","Card","Relic","Card","Potion","Relic","Relic","Potion"],"build_version":"2020-12-13","purchased_purges":3,"victory":true,"max_hp_per_floor":[70,70,70,70,70,70,70,70,70,70,70,70,70,70,70,70,70,70,70,70,70,70,70,70,70,70,70,70,70,70,84,84,84,84,84,84,84,80,80,80,80,80,80,87,87,87,87,87,87,87,87,87,87,87,87],"relic_stats":{"Blood Vial":12,"SsserpentHead":550,"Nunchaku":[20],"counters":[28,128],"Shuriken":[51],"Gambling Chip":[64],"Snake Skull":[55],"Kunai":[44],"Smiling Mask":90,"obtain_stats":[{"Lantern":26,"NeowsBlessing":0,"The Specimen":43,"SacredBark":34,"Oddly Smooth Stone":54,"Mango":31,"The Courier":7,"Snake Skull":47,"Odd Mushroom":10,"Bottled Tornado":41,"Smiling Mask":27,"White Beast Statue":13,"Blood Vial":44,"SsserpentHead":2,"Nunchaku":31,"Shuriken":24,"Gambling Chip":31,"Strawberry":44,"Bag of Marbles":3,"Coffee Dripper":17,"Red Mask":19,"Kunai":29,"Toy Ornithopter":5,"Ring of the Snake":0},{"Lantern":13,"NeowsBlessing":0,"The Specimen":22,"SacredBark":16,"Oddly Smooth Stone":27,"Mango":15,"The Courier":3,"Snake Skull":24,"Odd Mushroom":5,"Bottled Tornado":21,"Smiling Mask":14,"White Beast Statue":6,"Blood Vial":22,"SsserpentHead":1,"Nunchaku":15,"Shuriken":13,"Gambling Chip":15,"Strawberry":22,"Bag of Marbles":1,"Coffee Dripper":8,"Red Mask":10,"Kunai":15,"Toy Ornithopter":2,"Ring of the Snake":0},{"Lantern":45,"NeowsBlessing":0,"The Specimen":89,"SacredBark":63,"Oddly Smooth Stone":123,"Mango":54,"The Courier":3,"Snake Skull":101,"Odd Mushroom":8,"Bottled Tornado":82,"Smiling Mask":50,"White Beast Statue":10,"Blood Vial":89,"SsserpentHead":1,"Nunchaku":54,"Shuriken":45,"Gambling Chip":54,"Strawberry":89,"Bag of Marbles":1,"Coffee Dripper":24,"Red Mask":31,"Kunai":54,"Toy Ornithopter":2,"Ring of the Snake":0}],"Toy Ornithopter":65,"Ring of the Snake":[56]},"card_choices":[{"not_picked":["Eviscerate","Sucker Punch"],"picked":"Dagger Throw","floor":1},{"not_picked":["PiercingWail","Bane"],"picked":"Poisoned Stab","floor":4},{"not_picked":["Choke","Flying Knee"],"picked":"Dash","floor":7},{"not_picked":["Choke","Predator"],"picked":"Crippling Poison","floor":8},{"not_picked":["Expertise","Dagger Spray"],"picked":"Dagger Throw","floor":10},{"not_picked":["Dodge and Roll","Sucker Punch"],"picked":"Bullet Time","floor":11},{"not_picked":["Eviscerate","Bane"],"picked":"Poisoned Stab","floor":14},{"not_picked":["After Image","Phantasmal Killer"],"picked":"Adrenaline","floor":16},{"not_picked":["Slice+1","Endless Agony"],"picked":"Dagger Throw","floor":18},{"not_picked":["Masterful Stab","Bane+1"],"picked":"Skewer","floor":19},{"not_picked":["Deadly Poison","Deflect"],"picked":"Calculated Gamble","floor":21},{"not_picked":["Dagger Spray","Backflip"],"picked":"Dash","floor":22},{"not_picked":["Blade Dance","Caltrops"],"picked":"Tactician+1","floor":24},{"not_picked":["Calculated Gamble+1","Slice+1"],"picked":"Malaise","floor":27},{"not_picked":["Flying Knee","Concentrate"],"picked":"Well Laid Plans+1","floor":29},{"not_picked":["Venomology","Storm of Steel"],"picked":"Burst","floor":33},{"not_picked":["Escape Plan","Setup+1"],"picked":"Dodge and Roll","floor":35},{"not_picked":["Backstab","Dodge and Roll+1"],"picked":"Sucker Punch+1","floor":36},{"not_picked":["Bane+1","Slice"],"picked":"Catalyst+1","floor":37},{"not_picked":["Concentrate","Calculated Gamble+1"],"picked":"Cloak And Dagger","floor":39},{"not_picked":["Flying Knee","Poisoned Stab"],"picked":"Reflex+1","floor":41},{"not_picked":["Malaise","Bane+1"],"picked":"Backflip+1","floor":42},{"not_picked":["Bane","Cloak And Dagger"],"picked":"Bouncing Flask+1","floor":45},{"not_picked":["Outmaneuver+1","Blade Dance"],"picked":"Night Terror","floor":47},{"not_picked":["Heel Hook","Reflex+1"],"picked":"Catalyst","floor":48},{"not_picked":["All Out Attack+1","Flechettes","Endless Agony"],"picked":"SKIP","floor":54}],"player_experience":71187,"relics_obtained":[{"floor":7,"key":"The Courier"},{"floor":10,"key":"Odd Mushroom"},{"floor":13,"key":"White Beast Statue"},{"floor":19,"key":"Red Mask"},{"floor":24,"key":"Shuriken"},{"floor":26,"key":"Lantern"},{"floor":27,"key":"Smiling Mask"},{"floor":29,"key":"Kunai"},{"floor":41,"key":"Bottled Tornado"},{"floor":43,"key":"The Specimen"},{"floor":47,"key":"Snake Skull"},{"floor":54,"key":"Oddly Smooth Stone"}],"event_choices":[{"damage_healed":0,"gold_gain":0,"player_choice":"Trade","damage_taken":0,"relics_obtained":["SsserpentHead"],"max_hp_gain":0,"max_hp_loss":0,"event_name":"FaceTrader","floor":2,"gold_loss":0},{"damage_healed":0,"gold_gain":0,"player_choice":"Success","damage_taken":3,"relics_obtained":["Toy Ornithopter"],"max_hp_gain":0,"max_hp_loss":0,"event_name":"Scrap Ooze","floor":5,"gold_loss":0},{"damage_healed":0,"gold_gain":0,"player_choice":"Fought Mushrooms","damage_taken":0,"max_hp_gain":0,"max_hp_loss":0,"event_name":"Mushrooms","floor":10,"gold_loss":0},{"damage_healed":0,"gold_gain":0,"player_choice":"Fought Bandits","damage_taken":0,"max_hp_gain":0,"max_hp_loss":0,"event_name":"Masked Bandits","floor":19,"gold_loss":0},{"cards_removed":["Strike_G"],"damage_healed":0,"gold_gain":0,"player_choice":"Offered Basic","damage_taken":0,"max_hp_gain":0,"max_hp_loss":0,"event_name":"Bonfire Elementals","floor":20,"gold_loss":0},{"damage_healed":0,"gold_gain":0,"player_choice":"Copied","damage_taken":0,"max_hp_gain":0,"max_hp_loss":0,"event_name":"Duplicator","floor":25,"gold_loss":0,"cards_obtained":["Adrenaline"]},{"damage_healed":0,"gold_gain":0,"player_choice":"Max HP","damage_taken":0,"max_hp_gain":0,"max_hp_loss":4,"event_name":"Winding Halls","floor":38,"gold_loss":0},{"damage_healed":0,"gold_gain":0,"player_choice":"Ignored","damage_taken":0,"max_hp_gain":0,"max_hp_loss":0,"event_name":"The Moai Head","floor":46,"gold_loss":0}],"is_beta":false,"boss_relics":[{"not_picked":["Sozu","Fusion Hammer"],"picked":"Coffee Dripper"},{"not_picked":["Empty Cage","Runic Dome"],"picked":"SacredBark"}],"items_purged_floors":[31,44,53],"is_endless":false,"potions_floor_spawned":[1,4,14,16,18,19,21,22,24,27,29,33,35,36,37,39,41,42,45,47,48,54],"ascension_level":6}}