{"host":"cr9rpoy6dx9riis3","time":1608151566,"event":{"mods":["AchievementEnabler","BaseMod","Better Altar","Better Note","Better Sensory Stone","Better Skull","Better Third Choice","Better-Laid Plans","BetterRewards","Block Reminder","Curses Come First","Displayed Cursed Tome","Emptier Cage","Marked Mod","Minty Spire (QoL Compilation)","Permanent Neow","Relic Sorter","StSLib","The Blue Laboratory","Transform Curses"],"gold_per_floor":[115,115,127,43,61,61,80,80,104,121,121,135,162,181,181,278,278,292,307,307,317,336,336,336],"floor_reached":23,"playtime":1018,"items_purged":["Bash"],"score":342,"play_id":"5b684002-395c-445b-87ea-d2e33c9d21c6","local_time":"20201216214606","is_ascension_mode":true,"campfire_choices":[{"data":"Rupture","floor":6,"key":"SMITH"},{"data":"Uppercut","floor":8,"key":"SMITH"},{"data":"Hemokinesis","floor":11,"key":"SMITH"},{"data":"Reaper","floor":15,"key":"SMITH"}],"circlet_count":0,"master_deck":["Strike_R","Strike_R","Strike_R","Strike_R","Defend_R","Defend_R","Defend_R","Defend_R","Ghostly Armor","Uppercut+1","Hemokinesis+1","Good Instincts","Rupture+1","Reaper+1","Rampage","Double Tap","Uppercut"],"relics":["Burning Blood","MealTicket","Ancient Tea Set","Akabeko","Runic Cube"],"acts_visited":["Exordium","TheCity"],"potions_floor_usage":[13,13,16,16,21,21,21,22],"damage_taken":[{"damage":4,"enemies":"Jaw Worm","floor":1,"turns":4},{"damage":2,"enemies":"Cultist","floor":3,"turns":3},{"damage":2,"enemies":"2 Louse","floor":5,"turns":1},{"damage":22,"enemies":"Gremlin Gang","floor":7,"turns":4},{"damage":22,"enemies":"Lots of Slimes","floor":10,"turns":4},{"damage":4,"enemies":"Blue Slaver","floor":12,"turns":3},{"damage":5,"enemies":"Gremlin Nob","floor":13,"turns":4},{"damage":9,"enemies":"3 Louse","floor":14,"turns":4},{"damage":57,"enemies":"Slime Boss","floor":16,"turns":10},{"damage":46,"enemies":"Shell Parasite","floor":18,"turns":6},{"damage":27,"enemies":"3 Byrds","floor":19,"turns":5},{"damage":45,"enemies":"Cultist and Chosen","floor":21,"turns":7},{"damage":20,"enemies":"Snecko","floor":22,"turns":4},{"damage":130,"enemies":"Gremlin Leader","floor":23,"turns":9}],"seed_played":"-8728634762107615089","potions_obtained":[{"floor":1,"key":"blueLaboratory:BottledHope"},{"floor":5,"key":"SkillPotion"},{"floor":7,"key":"LiquidBronze"},{"floor":13,"key":"Fruit Juice"},{"floor":14,"key":"DuplicationPotion"},{"floor":16,"key":"blueLaboratory:BottleOfVodka"},{"floor":19,"key":"blueLaboratory:RememoryPotion"},{"floor":21,"key":"PowerPotion"}],"is_trial":false,"path_per_floor":["M","?","M","$","M","R","M","R","T","M","R","M","E","M","R","B",null,"M","M","?","M","M","E"],"character_chosen":"IRONCLAD","items_purchased":["Ghostly Armor","Akabeko","Uppercut","MealTicket","Good Instincts"],"campfire_rested":0,"item_purchase_floors":[0,0,0,0,4],"current_hp_per_floor":[56,56,60,75,79,79,63,63,63,47,47,49,50,53,53,21,85,45,40,40,13,12,0,0],"gold":336,"neow_bonus":"","is_daily":false,"chose_seed":false,"campfire_upgraded":4,"win_rate":0.0,"timestamp":1608151566,"path_taken":["M","?","M","$","M","R","M","R","T","?","R","?","E","M","R","BOSS","M","M","?","M","M","E"],"items_purchased_type":["Card","Relic","Card","Relic","Card"],"build_version":"2020-12-13","purchased_purges":1,"victory":false,"max_hp_per_floor":[80,80,80,80,80,80,80,80,80,80,80,80,80,80,80,85,85,85,85,85,85,85,92,92],"card_choices":[{"not_picked":["Anger","Cleave"],"picked":"Hemokinesis","floor":1},{"not_picked":["Clothesline","Disarm","Wild Strike"],"picked":"SKIP","floor":3},{"not_picked":["Pummel","Headbutt"],"picked":"Rupture","floor":5},{"not_picked":["Twin Strike","Body Slam","Perfected Strike"],"picked":"SKIP","floor":7},{"not_picked":["Warcry","Clothesline","Dark Embrace"],"picked":"SKIP","floor":10},{"not_picked":["Sword Boomerang","Clash","Warcry"],"picked":"SKIP","floor":12},{"not_picked":["Offering","Armaments"],"picked":"Reaper","floor":13},{"not_picked":["Body Slam","Cleave"],"picked":"Rampage","floor":14},{"not_picked":["Impervious","Juggernaut"],"picked":"Double Tap","floor":16},{"not_picked":["Pommel Strike","Body Slam","Headbutt"],"picked":"SKIP","floor":18},{"not_picked":["Twin Strike","Headbutt+1","Flex"],"picked":"SKIP","floor":19},{"not_picked":["Headbutt","Body Slam"],"picked":"Uppercut","floor":21},{"not_picked":["Flex","Corruption","Iron Wave"],"picked":"SKIP","floor":22}],"player_experience":721407,"relics_obtained":[{"floor":13,"key":"Ancient Tea Set"}],"event_choices":[{"cards_removed":["Strike_R"],"damage_healed":0,"gold_gain":0,"player_choice":"Purged","damage_taken":0,"max_hp_gain":0,"max_hp_loss":0,"event_name":"Purifier","floor":2,"gold_loss":0},{"damage_healed":0,"gold_gain":0,"player_choice":"Ignored","damage_taken":0,"max_hp_gain":0,"max_hp_loss":0,"event_name":"betterNote:BetterNote","floor":20,"gold_loss":0,"cards_obtained":["Sadistic Nature"]}],"is_beta":false,"boss_relics":[{"not_picked":["Fusion Hammer","Calling Bell"],"picked":"Runic Cube"}],"items_purged_floors":[0],"is_endless":false,"potions_floor_spawned":[1,5,7,13,14,16,19,21],"killed_by":"Gremlin Leader","ascension_level":3}}