{"host":"hgkb2zpbo2dcws21","time":1608126015,"event":{"mods":["AchievementEnabler","BaseMod","Colored Map","Colored Powertips","Custom Start","DeckTracker","KOR Keyword Fix","Minty Spire (QoL Compilation)","StSLib","SuperFastMode"],"gold_per_floor":[109,34,34,50,50,84,84,117,117,127,36,46,46,46,46,144,144,163,179,179,195,195,195],"floor_reached":22,"playtime":445,"items_purged":["Strike_G"],"score":416,"play_id":"c9f4ebb2-33f0-4864-9682-80e4d85346a3","local_time":"20201216224015","is_ascension_mode":true,"campfire_choices":[{"data":"Terror","floor":7,"key":"SMITH"},{"data":"Infinite Blades","floor":13,"key":"SMITH"},{"data":"Neutralize","floor":15,"key":"SMITH"}],"circlet_count":0,"master_deck":["AscendersBane","Strike_G","Strike_G","Strike_G","Strike_G","Defend_G","Defend_G","Defend_G","Defend_G","Survivor","Neutralize+1","Backflip","Predator","Terror+1","Masterful Stab+1","Prepared","Infinite Blades+1","PiercingWail","Wraith Form v2","Tactician","Riddle With Holes+1"],"relics":["Ring of the Snake","NeowsBlessing","Molten Egg 2","Smiling Mask","Mummified Hand","Golden Idol","Snecko Eye"],"acts_visited":["Exordium","TheCity"],"potions_floor_usage":[8,16,16],"damage_taken":[{"damage":0,"enemies":"2 Louse","floor":1,"turns":1},{"damage":0,"enemies":"Jaw Worm","floor":4,"turns":1},{"damage":0,"enemies":"Gremlin Nob","floor":6,"turns":1},{"damage":11,"enemies":"Lagavulin","floor":8,"turns":5},{"damage":0,"enemies":"Cultist","floor":10,"turns":2},{"damage":9,"enemies":"Lots of Slimes","floor":12,"turns":4},{"damage":21,"enemies":"Hexaghost","floor":16,"turns":6},{"damage":16,"enemies":"3 Byrds","floor":18,"turns":7},{"damage":6,"enemies":"Spheric Guardian","floor":19,"turns":5},{"damage":0,"enemies":"Snecko","floor":21,"turns":4},{"damage":30,"enemies":"Cultist and Chosen","floor":22,"turns":5}],"seed_played":"-4175797825410742220","potions_obtained":[{"floor":6,"key":"ColorlessPotion"},{"floor":8,"key":"Strength Potion"},{"floor":12,"key":"SteroidPotion"},{"floor":16,"key":"SteroidPotion"},{"floor":19,"key":"FearPotion"}],"is_trial":false,"path_per_floor":["M","?","?","M","$","E","R","E","T","M","$","M","R","?","R","B",null,"M","M","?","M","M"],"character_chosen":"THE_SILENT","items_purchased":["Infinite Blades"],"campfire_rested":0,"item_purchase_floors":[11],"current_hp_per_floor":[59,59,64,64,64,64,64,53,53,53,53,44,44,44,44,23,54,38,32,32,32,2,2],"gold":195,"neow_bonus":"THREE_ENEMY_KILL","is_daily":false,"chose_seed":false,"campfire_upgraded":3,"win_rate":0.0,"timestamp":1608126015,"path_taken":["M","?","?","M","$","E","R","E","T","M","$","M","R","?","R","BOSS","M","M","?","M","M"],"items_purchased_type":["Card"],"build_version":"2020-12-13","purchased_purges":1,"victory":false,"max_hp_per_floor":[66,66,71,71,71,71,71,71,71,71,71,71,71,64,64,64,64,64,64,64,64,64,64],"card_choices":[{"not_picked":["Distraction","Slice"],"picked":"Backflip","floor":1},{"not_picked":["Finisher","Flying Knee"],"picked":"Predator","floor":4},{"not_picked":["Catalyst","Distraction"],"picked":"Terror","floor":6},{"not_picked":["Catalyst","Slice+1"],"picked":"Masterful Stab+1","floor":8},{"not_picked":["Cloak And Dagger","Slice+1"],"picked":"Prepared","floor":10},{"not_picked":["Night Terror","Flying Knee+1"],"picked":"PiercingWail","floor":12},{"not_picked":["Glass Knife+1","Corpse Explosion"],"picked":"Wraith Form v2","floor":16},{"not_picked":["PiercingWail","Blur","Blade Dance+1"],"picked":"SKIP","floor":18},{"not_picked":["Slice+1","Quick Slash+1"],"picked":"Tactician","floor":19},{"not_picked":["Quick Slash+1","Sucker Punch+1"],"picked":"Riddle With Holes+1","floor":21}],"player_experience":1077301,"relics_obtained":[{"floor":6,"key":"Molten Egg 2"},{"floor":8,"key":"Smiling Mask"},{"floor":9,"key":"Mummified Hand"}],"event_choices":[{"cards_removed":["Defend_G"],"damage_healed":0,"gold_gain":0,"player_choice":"Card Removal","damage_taken":0,"max_hp_gain":0,"max_hp_loss":0,"event_name":"The Cleric","floor":2,"gold_loss":75},{"damage_healed":0,"gold_gain":0,"player_choice":"Donut","damage_taken":0,"max_hp_gain":5,"max_hp_loss":0,"event_name":"Big Fish","floor":3,"gold_loss":0},{"damage_healed":0,"gold_gain":0,"player_choice":"Lose Max HP","damage_taken":0,"relics_obtained":["Golden Idol"],"max_hp_gain":0,"max_hp_loss":7,"event_name":"Golden Idol","floor":14,"gold_loss":0},{"damage_healed":0,"gold_gain":0,"player_choice":"Ignored","damage_taken":0,"max_hp_gain":0,"max_hp_loss":0,"event_name":"Cursed Tome","floor":20,"gold_loss":0}],"is_beta":false,"boss_relics":[{"not_picked":["Tiny House","Sozu"],"picked":"Snecko Eye"}],"items_purged_floors":[11],"is_endless":false,"potions_floor_spawned":[6,8,12,16,19],"killed_by":"Cultist and Chosen","ascension_level":18}}