{"host":"sabve5zmqufxyc5o","time":1608119294,"event":{"mods":["2.2 Compatiblity","AchievementEnabler","Act Like it!","Ascension Reborn","Aspiration","BaseMod","Block Reminder","Colored Map","Colored Powertips","DeckTracker","KOR Keyword Fix","Keyboard Shortcuts","Minty Spire (QoL Compilation)","MostiFishMod","Quick Restart","Rare Cards Sparkle","Relic Stats","Replay The Spire","StSLib","SuperFastMode"],"gold_per_floor":[114,132,146,165,38,38,38,51,127,127,143,160,60,79,79,79,79],"floor_reached":16,"playtime":298,"items_purged":["Strike_B","Strike_B"],"score":292,"play_id":"6c0e677f-d883-4020-80bd-9633f1315443","local_time":"20201216204814","is_ascension_mode":true,"campfire_choices":[{"data":"Coolheaded","floor":6,"key":"SMITH"},{"data":"Darkness","floor":10,"key":"SMITH"},{"data":"Coolheaded","floor":15,"key":"SMITH"}],"circlet_count":0,"master_deck":["AscendersBane","Strike_B","Defend_B","Defend_B","Defend_B","Defend_B","Zap","Dualcast+1","Genetic Algorithm","BasicCrystalCard","Darkness+1","Coolheaded+1","Compile Driver","Cold Snap","Coolheaded+1"],"relics":["Cracked Core","DaveBox","Mirror"],"acts_visited":["Exordium"],"potions_floor_usage":[16],"damage_taken":[{"damage":12,"enemies":"Jaw Worm","floor":1,"turns":3},{"damage":2,"enemies":"Cultist","floor":2,"turns":4},{"damage":3,"enemies":"2 Louse","floor":3,"turns":3},{"damage":9,"enemies":"Looter","floor":4,"turns":4},{"damage":5,"enemies":"Blue Slaver","floor":8,"turns":5},{"damage":2,"enemies":"Red Slaver","floor":11,"turns":3},{"damage":4,"enemies":"Exordium Thugs","floor":12,"turns":4},{"damage":6,"enemies":"Large Slime","floor":14,"turns":4},{"damage":26,"enemies":"Hexaghost","floor":16,"turns":9}],"seed_played":"-3690044983246536098","potions_obtained":[{"floor":2,"key":"Strength Potion"},{"floor":3,"key":"SmokeBomb"},{"floor":8,"key":"Milkshake"}],"is_trial":false,"path_per_floor":["M","M","M","M","$","R","?","M","T","R","M","M","$","M","R","B"],"character_chosen":"DEFECT","items_purchased":["Coolheaded"],"campfire_rested":0,"item_purchase_floors":[5],"current_hp_per_floor":[52,50,47,38,38,38,38,33,33,33,31,27,27,21,21,0,0],"gold":79,"neow_bonus":"REMOVE_CARD","is_daily":false,"chose_seed":false,"campfire_upgraded":3,"win_rate":0.0,"timestamp":1608119294,"path_taken":["M","M","M","M","$","R","?","M","T","R","M","?","$","?","R","BOSS"],"items_purchased_type":["Card"],"build_version":"2020-12-13","purchased_purges":2,"victory":false,"max_hp_per_floor":[71,71,71,71,71,71,71,71,71,71,71,71,71,71,71,71,71],"relic_stats":{"counters":[9,39],"obtain_stats":[{"DaveBox":0,"Cracked Core":0,"Mirror":9},{"DaveBox":0,"Cracked Core":0,"Mirror":5},{"DaveBox":0,"Cracked Core":0,"Mirror":19}]},"card_choices":[{"not_picked":["Leap","Recycle","Panic Button"],"picked":"SKIP","floor":1},{"not_picked":["Double Energy","Barrage"],"picked":"Genetic Algorithm","floor":2},{"not_picked":["Stack","Conserve Battery"],"picked":"BasicCrystalCard","floor":3},{"not_picked":["Beam Cell","Steam Power"],"picked":"Darkness","floor":4},{"not_picked":["Ball Lightning","Streamline"],"picked":"Compile Driver","floor":8},{"not_picked":["MostiFishMod:Tomorrow","Hologram"],"picked":"Cold Snap","floor":11},{"not_picked":["Hologram","Skim"],"picked":"Coolheaded","floor":12},{"not_picked":["Chaos","Beam Cell","Barrage"],"picked":"SKIP","floor":14}],"player_experience":782003,"relics_obtained":[{"floor":9,"key":"Mirror"}],"event_choices":[{"damage_healed":0,"gold_gain":0,"player_choice":"Upgraded","damage_taken":0,"max_hp_gain":0,"max_hp_loss":0,"event_name":"Upgrade Shrine","floor":7,"gold_loss":0,"cards_upgraded":["Dualcast"]}],"is_beta":false,"boss_relics":[],"items_purged_floors":[5,13],"is_endless":false,"potions_floor_spawned":[2,3,8,11],"killed_by":"Hexaghost","ascension_level":20}}