{"host":"6wux4armhsntp4yb","time":1608093678,"event":{"mods":["BaseMod","Colored Map","Minty Spire (QoL Compilation)","Relic Stats"],"gold_per_floor":[116,116,127,31,44,75,75,107,107,107,29,29,50,78,78,163,163,185,224,237,237,256,256,283,283,360,360,360],"floor_reached":27,"playtime":1071,"items_purged":[],"score":446,"play_id":"ce892730-728c-4cbb-bcd0-da86c7a86d3e","local_time":"20201216134118","is_ascension_mode":true,"campfire_choices":[{"data":"Glass Knife","floor":7,"key":"SMITH"},{"data":"Neutralize","floor":10,"key":"SMITH"},{"data":"Terror","floor":12,"key":"SMITH"},{"floor":15,"key":"REST"},{"floor":23,"key":"REST"},{"floor":25,"key":"REST"}],"circlet_count":0,"master_deck":["AscendersBane","Strike_G","Strike_G","Strike_G","Strike_G","Defend_G","Defend_G","Defend_G","Defend_G","Defend_G","Survivor","Neutralize+1","PiercingWail","Flying Knee","Infinite Blades","Glass Knife+1","Accuracy","Terror+1","Crippling Poison","Well Laid Plans","Corpse Explosion","Distraction+1","Dagger Spray+1","Catalyst"],"relics":["Ring of the Serpent","NeowsBlessing","Singing Bowl","CeramicFish","White Beast Statue","Red Mask","Gremlin Horn"],"acts_visited":["Exordium","TheCity"],"potions_floor_usage":[6,6,16,18,19,22,22,27,27],"damage_taken":[{"damage":0,"enemies":"Cultist","floor":1,"turns":1},{"damage":0,"enemies":"Jaw Worm","floor":3,"turns":1},{"damage":0,"enemies":"2 Louse","floor":5,"turns":1},{"damage":14,"enemies":"3 Sentries","floor":6,"turns":8},{"damage":30,"enemies":"Gremlin Nob","floor":8,"turns":4},{"damage":0,"enemies":"Large Slime","floor":13,"turns":4},{"damage":5,"enemies":"Exordium Thugs","floor":14,"turns":4},{"damage":16,"enemies":"Slime Boss","floor":16,"turns":8},{"damage":24,"enemies":"Chosen","floor":18,"turns":8},{"damage":0,"enemies":"Masked Bandits","floor":19,"turns":2},{"damage":17,"enemies":"Shell Parasite","floor":20,"turns":4},{"damage":4,"enemies":"Snecko","floor":22,"turns":5},{"damage":21,"enemies":"Snake Plant","floor":24,"turns":5},{"damage":45,"enemies":"Book of Stabbing","floor":27,"turns":5}],"seed_played":"7010988971527241306","potions_obtained":[{"floor":5,"key":"Block Potion"},{"floor":6,"key":"Energy Potion"},{"floor":13,"key":"FearPotion"},{"floor":16,"key":"Fruit Juice"},{"floor":18,"key":"Energy Potion"},{"floor":19,"key":"Weak Potion"},{"floor":20,"key":"Strength Potion"},{"floor":21,"key":"Block Potion"},{"floor":22,"key":"Explosive Potion"},{"floor":24,"key":"SpeedPotion"}],"is_trial":false,"path_per_floor":["M","?","M","$","M","E","R","E","T","R","$","R","M","M","R","B",null,"M","?","M","?","M","R","M","R","T","E"],"character_chosen":"THE_SILENT","items_purchased":["Strength Potion","Infinite Blades","Terror"],"campfire_rested":3,"item_purchase_floors":[4,4,11],"current_hp_per_floor":[59,59,59,59,59,45,45,17,17,17,17,17,17,12,32,16,55,36,36,21,21,19,42,21,44,44,0,0],"gold":360,"neow_bonus":"THREE_ENEMY_KILL","is_daily":false,"chose_seed":false,"campfire_upgraded":3,"win_rate":0.0,"timestamp":1608093678,"path_taken":["M","?","M","$","M","E","R","E","T","R","?","R","?","M","R","BOSS","M","?","M","?","M","R","M","R","T","E"],"items_purchased_type":["Potion","Card","Card"],"build_version":"2020-12-13","purchased_purges":0,"victory":false,"max_hp_per_floor":[66,66,66,66,66,66,66,68,68,68,68,68,68,68,68,68,68,73,73,75,75,77,77,77,77,77,77,77],"relic_stats":{"Singing Bowl":6,"Gremlin Horn":[0,0],"counters":[14,60],"CeramicFish":63,"obtain_stats":[{"NeowsBlessing":0,"Singing Bowl":6,"Gremlin Horn":26,"CeramicFish":8,"Red Mask":19,"White Beast Statue":9,"Ring of the Serpent":17,"Ring of the Snake":0},{"NeowsBlessing":0,"Singing Bowl":4,"Gremlin Horn":13,"CeramicFish":5,"Red Mask":10,"White Beast Statue":5,"Ring of the Serpent":8,"Ring of the Snake":0},{"NeowsBlessing":0,"Singing Bowl":11,"Gremlin Horn":55,"CeramicFish":15,"Red Mask":41,"White Beast Statue":15,"Ring of the Serpent":31,"Ring of the Snake":0}]},"card_choices":[{"not_picked":["Sucker Punch","Prepared"],"picked":"PiercingWail","floor":1},{"not_picked":["Dodge and Roll","Underhanded Strike"],"picked":"Flying Knee","floor":3},{"not_picked":["Skewer","Finisher"],"picked":"Glass Knife","floor":5},{"not_picked":["All Out Attack","Dagger Spray"],"picked":"Accuracy","floor":6},{"not_picked":["Acrobatics","Finisher","Outmaneuver"],"picked":"Singing Bowl","floor":8},{"not_picked":["Riddle With Holes","Skewer"],"picked":"Crippling Poison","floor":13},{"not_picked":["Noxious Fumes","Dagger Throw"],"picked":"Well Laid Plans","floor":14},{"not_picked":["Venomology","Phantasmal Killer"],"picked":"Corpse Explosion","floor":16},{"not_picked":["Eviscerate","Deadly Poison"],"picked":"Distraction+1","floor":18},{"not_picked":["Tactician","Caltrops"],"picked":"Dagger Spray+1","floor":19},{"not_picked":["Dagger Throw","Bouncing Flask","Bane"],"picked":"Singing Bowl","floor":20},{"not_picked":["Slice","Quick Slash","Cloak And Dagger"],"picked":"Singing Bowl","floor":22},{"not_picked":["Backflip","Poisoned Stab"],"picked":"Catalyst","floor":24}],"player_experience":5653084,"relics_obtained":[{"floor":6,"key":"Singing Bowl"},{"floor":8,"key":"CeramicFish"},{"floor":9,"key":"White Beast Statue"},{"floor":19,"key":"Red Mask"},{"floor":26,"key":"Gremlin Horn"}],"event_choices":[{"cards_removed":["Strike_G"],"damage_healed":0,"gold_gain":0,"player_choice":"Offered Basic","damage_taken":0,"max_hp_gain":0,"max_hp_loss":0,"event_name":"Bonfire Elementals","floor":2,"gold_loss":0},{"damage_healed":0,"gold_gain":0,"player_choice":"Fought Bandits","damage_taken":0,"max_hp_gain":0,"max_hp_loss":0,"event_name":"Masked Bandits","floor":19,"gold_loss":0},{"damage_healed":0,"gold_gain":0,"player_choice":"Got Potions","damage_taken":0,"max_hp_gain":0,"max_hp_loss":0,"event_name":"Lab","floor":21,"gold_loss":0}],"is_beta":false,"boss_relics":[{"not_picked":["Runic Dome","Sozu"],"picked":"Ring of the Serpent"}],"items_purged_floors":[],"is_endless":false,"potions_floor_spawned":[5,6,13,14,16,18,19,20,22,24],"killed_by":"Book of Stabbing","ascension_level":20}}