{"host":"3vowk6u87i5f9rte","time":1608144956,"event":{"mods":["BaseMod","Better Third Choice","BetterRewards","Minty Spire (QoL Compilation)","Quick Restart","Shop Mod","StSLib","SuperFastMode"],"gold_per_floor":[118,118,133,156,169,169,169,169,169,169,187,201,201,237,237,360,360,378,421,434,55,55,55,90,90,90,90,111,13,63,87,87,226,226,260,269,269,293,4,4,42,70,144,189,189,189,214,214,214,214],"floor_reached":51,"playtime":1947,"items_purged":[],"score":793,"play_id":"8416c09d-e796-48cf-8c37-057601e184e8","local_time":"20201217025556","is_ascension_mode":false,"campfire_choices":[{"data":"Predator","floor":6.0,"key":"SMITH"},{"data":"Dagger Spray","floor":8.0,"key":"SMITH"},{"data":"Dodge and Roll","floor":10.0,"key":"SMITH"},{"floor":15.0,"key":"REST"},{"data":"After Image","floor":23.0,"key":"SMITH"},{"data":"Footwork","floor":25.0,"key":"SMITH"},{"data":"Noxious Fumes","floor":32,"key":"SMITH"},{"data":"After Image","floor":40,"key":"SMITH"},{"data":"Neutralize","floor":45,"key":"SMITH"},{"data":"Blade Dance","floor":49,"key":"SMITH"}],"circlet_count":0,"master_deck":["Strike_G","Strike_G","Strike_G","Defend_G","Defend_G","Defend_G","Defend_G","Survivor","Neutralize+1","Deep Breath","Dagger Spray+1","Predator+1","Deflect","Dodge and Roll+1","Infinite Blades+1","PiercingWail","Footwork+1","After Image+1","Accuracy+1","Unload+1","A Thousand Cuts+1","Dagger Spray","Backflip","Caltrops","Doppelganger","Necronomicurse","Dagger Throw+1","Noxious Fumes+1","Slice","PiercingWail+1","Blade Dance+1","Corpse Explosion","Blade Dance+1","Transmutation+1","Well Laid Plans+1","After Image+1","Escape Plan","Blade Dance+1"],"relics":["Ring of the Snake","Golden Idol","Bird Faced Urn","Mummified Hand","Letter Opener","Astrolabe","Red Mask","TwistedFunnel","Bronze Scales","Ancient Tea Set","Ornamental Fan","Necronomicon","CeramicFish","SlaversCollar","TheAbacus","Omamori","Molten Egg 2","Du-Vu Doll"],"acts_visited":["Exordium","TheCity","TheBeyond"],"potions_floor_usage":[50,50,50],"damage_taken":[{"damage":10.0,"enemies":"Small Slimes","floor":1.0,"turns":6.0},{"damage":0.0,"enemies":"2 Louse","floor":3.0,"turns":2.0},{"damage":1.0,"enemies":"Cultist","floor":4.0,"turns":4.0},{"damage":0.0,"enemies":"2 Fungi Beasts","floor":5.0,"turns":3.0},{"damage":0.0,"enemies":"Exordium Thugs","floor":11.0,"turns":3.0},{"damage":0.0,"enemies":"Large Slime","floor":12.0,"turns":5.0},{"damage":20.0,"enemies":"Gremlin Nob","floor":14.0,"turns":4.0},{"damage":10.0,"enemies":"The Guardian","floor":16.0,"turns":12.0},{"damage":13.0,"enemies":"Spheric Guardian","floor":18.0,"turns":4.0},{"damage":21.0,"enemies":"Masked Bandits","floor":19.0,"turns":4.0},{"damage":1.0,"enemies":"Shell Parasite","floor":20.0,"turns":6.0},{"damage":2.0,"enemies":"Book of Stabbing","floor":24.0,"turns":4.0},{"damage":0.0,"enemies":"Centurion and Healer","floor":28.0,"turns":5.0},{"damage":0.0,"enemies":"Slavers","floor":30.0,"turns":3.0},{"damage":7.0,"enemies":"Snake Plant","floor":31.0,"turns":3.0},{"damage":16,"enemies":"Collector","floor":33,"turns":7},{"damage":0,"enemies":"Orb Walker","floor":35,"turns":3},{"damage":3,"enemies":"3 Shapes","floor":38,"turns":3},{"damage":5,"enemies":"Nemesis","floor":41,"turns":5},{"damage":0,"enemies":"3 Darklings","floor":42,"turns":3},{"damage":17,"enemies":"Reptomancer","floor":44,"turns":6},{"damage":0,"enemies":"Maw","floor":47,"turns":7},{"damage":51,"enemies":"Time Eater","floor":50,"turns":9}],"seed_played":"368158574008352699","potions_obtained":[{"floor":1.0,"key":"Strength Potion"},{"floor":12.0,"key":"Dexterity Potion"},{"floor":16.0,"key":"CultistPotion"},{"floor":20.0,"key":"DuplicationPotion"},{"floor":24.0,"key":"PowerPotion"},{"floor":28.0,"key":"EssenceOfSteel"},{"floor":30.0,"key":"Fire Potion"}],"is_trial":false,"path_per_floor":["M","?","M","M","M","R","?","R","T","R","M","M","?","E","R","B",null,"M","?","M","$","?","R","E","R","T","?","M","$","E","M","R","B",null,"M","?","?","M","$","R","E","M","T","E","R","?","M","?","R","B",null],"character_chosen":"THE_SILENT","items_purchased":["TwistedFunnel","Bronze Scales","Caltrops","Noxious Fumes","Slice","After Image","TheAbacus"],"campfire_rested":1,"item_purchase_floors":[21,21,21,29,29,39,39],"current_hp_per_floor":[60,43,43,42,42,42,42,42,42,42,42,44,44,26,47,41,70,59,48,57,57,57,57,69,69,69,53,65,65,70,67,67,56,70,70,70,70,67,67,67,70,70,70,55,55,55,70,70,70,29],"gold":214,"neow_bonus":"RANDOM_COLORLESS","is_daily":false,"chose_seed":false,"campfire_upgraded":9,"win_rate":0.0,"timestamp":1608144956,"path_taken":["M","?","M","M","M","R","?","R","T","R","M","?","?","E","R","BOSS","M","?","M","$","?","R","E","R","T","?","M","?","E","M","R","BOSS","M","?","?","?","$","R","E","M","T","E","R","?","M","?","R","BOSS"],"items_purchased_type":["Relic","Relic","Card","Card","Card","Card","Relic"],"build_version":"2020-12-13","purchased_purges":0,"victory":true,"max_hp_per_floor":[70,70,70,70,70,70,70,70,70,70,70,70,70,70,70,70,70,70,70,70,70,70,70,70,70,70,70,70,70,70,70,70,70,70,70,70,70,70,70,70,70,70,70,70,70,70,70,70,70,70],"card_choices":[{"not_picked":["Panacea","Good Instincts"],"picked":"Deep Breath","floor":0.0},{"not_picked":["Underhanded Strike","Flechettes"],"picked":"Dagger Spray","floor":1.0},{"not_picked":["Underhanded Strike","Flying Knee"],"picked":"Predator","floor":3.0},{"not_picked":["Outmaneuver","Underhanded Strike"],"picked":"Deflect","floor":4.0},{"not_picked":["Deadly Poison","Grand Finale"],"picked":"Dodge and Roll","floor":5.0},{"not_picked":["Cloak And Dagger","Endless Agony"],"picked":"Infinite Blades","floor":11.0},{"not_picked":["Flying Knee","Bouncing Flask"],"picked":"PiercingWail","floor":12.0},{"not_picked":["Blur","Bane"],"picked":"Footwork","floor":14.0},{"not_picked":["Tools of the Trade","Burst"],"picked":"After Image","floor":16.0},{"not_picked":["Poisoned Stab","Dagger Throw"],"picked":"Dodge and Roll+1","floor":18.0},{"not_picked":["Deflect","Riddle With Holes"],"picked":"Dagger Spray","floor":19.0},{"not_picked":["Bane","Sucker Punch"],"picked":"Backflip","floor":20.0},{"not_picked":["Grand Finale","Poisoned Stab+1"],"picked":"Doppelganger","floor":24.0},{"not_picked":["Backflip","Concentrate"],"picked":"Dagger Throw+1","floor":28.0},{"not_picked":["Bouncing Flask+1","Setup+1"],"picked":"PiercingWail+1","floor":30.0},{"not_picked":["Reflex+1","Sucker Punch+1"],"picked":"Blade Dance","floor":31},{"not_picked":["Tools of the Trade","Adrenaline"],"picked":"Corpse Explosion","floor":33},{"not_picked":["Slice+1","PiercingWail"],"picked":"Blade Dance+1","floor":35},{"not_picked":["Bandage Up","Swift Strike"],"picked":"Transmutation","floor":36},{"not_picked":["Dodge and Roll+1","Flechettes"],"picked":"Well Laid Plans+1","floor":38},{"not_picked":["Underhanded Strike+1","Poisoned Stab","Dagger Spray"],"picked":"SKIP","floor":41},{"not_picked":["Cloak And Dagger+1","Outmaneuver+1"],"picked":"Escape Plan","floor":42},{"not_picked":["Flechettes+1","Poisoned Stab+1"],"picked":"Blade Dance+1","floor":44},{"not_picked":["Poisoned Stab+1","Expertise","Bane+1"],"picked":"SKIP","floor":47}],"player_experience":472932,"relics_obtained":[{"floor":9.0,"key":"Mummified Hand"},{"floor":14.0,"key":"Letter Opener"},{"floor":19.0,"key":"Red Mask"},{"floor":24.0,"key":"Ancient Tea Set"},{"floor":26.0,"key":"Ornamental Fan"},{"floor":27.0,"key":"Necronomicon"},{"floor":30.0,"key":"CeramicFish"},{"floor":41,"key":"Omamori"},{"floor":43,"key":"Molten Egg 2"},{"floor":44,"key":"Du-Vu Doll"}],"event_choices":[{"damage_healed":0.0,"max_hp_gain":0.0,"max_hp_loss":0.0,"gold_gain":0.0,"event_name":"Golden Idol","player_choice":"Take Damage","floor":2.0,"gold_loss":0.0,"damage_taken":17.0,"relics_obtained":["Golden Idol"]},{"damage_healed":0.0,"max_hp_gain":0.0,"max_hp_loss":0.0,"gold_gain":0.0,"event_name":"WeMeetAgain","player_choice":"Gave Potion","floor":7.0,"gold_loss":0.0,"damage_taken":0.0,"relics_obtained":["Bird Faced Urn"]},{"damage_healed":0.0,"max_hp_gain":0.0,"max_hp_loss":0.0,"gold_gain":0.0,"event_name":"Accursed Blacksmith","player_choice":"Forge","floor":13.0,"gold_loss":0.0,"damage_taken":0.0,"cards_upgraded":["Infinite Blades"]},{"damage_healed":0.0,"max_hp_gain":0.0,"max_hp_loss":0.0,"gold_gain":0.0,"event_name":"Masked Bandits","player_choice":"Fought Bandits","floor":19.0,"gold_loss":0.0,"damage_taken":0.0},{"damage_healed":0.0,"max_hp_gain":0.0,"max_hp_loss":0.0,"gold_gain":0.0,"event_name":"Ghosts","player_choice":"Ignored","floor":22.0,"gold_loss":0.0,"damage_taken":0.0},{"damage_healed":0.0,"max_hp_gain":0.0,"max_hp_loss":0.0,"gold_gain":0.0,"event_name":"Cursed Tome","player_choice":"Obtained Book","floor":27.0,"gold_loss":0.0,"damage_taken":16.0},{"damage_healed":0,"gold_gain":0,"player_choice":"Memory 1","damage_taken":0,"max_hp_gain":0,"max_hp_loss":0,"event_name":"SensoryStone","floor":36,"gold_loss":0},{"damage_healed":0,"gold_gain":0,"player_choice":"Upgraded","damage_taken":0,"max_hp_gain":0,"max_hp_loss":0,"event_name":"Upgrade Shrine","floor":37,"gold_loss":0,"cards_upgraded":["Transmutation"]},{"cards_removed":["Dodge and Roll"],"damage_healed":0,"gold_gain":0,"player_choice":"Removed Skill","damage_taken":0,"max_hp_gain":0,"max_hp_loss":0,"event_name":"Falling","floor":46,"gold_loss":0},{"damage_healed":0,"gold_gain":0,"player_choice":"Ignored","damage_taken":0,"max_hp_gain":0,"max_hp_loss":0,"event_name":"NoteForYourself","floor":48,"gold_loss":0}],"is_beta":false,"boss_relics":[{"not_picked":["Philosopher\u0027s Stone","Empty Cage"],"picked":"Astrolabe"},{"not_picked":["Calling Bell","Snecko Eye"],"picked":"SlaversCollar"}],"items_purged_floors":[],"is_endless":false,"potions_floor_spawned":[1,12,16,20,24,28,30,31,35,42,47],"ascension_level":0}}