{"host":"ec2wu4mdnvke243f","time":1608154454,"event":{"mods":["2.2 Compatiblity","AchievementEnabler","BaseMod","Defuse TimeMaze Blight","Downfall","Hermit","Infinite Spire","Minty Spire (QoL Compilation)","StSLib","The Cursed","The Disciple","The Jungle","The Servant 0.9.4"],"gold_per_floor":[99,114,114,154,172,197,244,169,207,132,151,167,188,235,260,361,361,361,461,461,481,481,481],"floor_reached":22,"playtime":1943,"items_purged":[],"score":206,"play_id":"b01e1ec4-8a8e-4dc4-842b-945a3faa8f8c","local_time":"20201216223414","is_ascension_mode":true,"campfire_choices":[{"floor":1,"key":"RECALL"},{"floor":8,"key":"REST"},{"floor":10,"key":"REST"},{"data":"hermit:CursedWeapon","floor":18,"key":"SMITH"},{"data":"hermit:Showdown","floor":20,"key":"SMITH"}],"circlet_count":0,"master_deck":["hermit:Strike_Hermit","hermit:Strike_Hermit","hermit:Strike_Hermit","hermit:Strike_Hermit","hermit:Defend_Hermit","hermit:Defend_Hermit","hermit:Defend_Hermit","hermit:Defend_Hermit","hermit:Snapshot","hermit:Covet","hermit:Enervate","hermit:CursedWeapon+1","hermit:Manifest","hermit:SprayPray","hermit:Malice","hermit:Glare","hermit:Ricochet","hermit:Misfire","hermit:Gambit","hermit:Showdown+1","hermit:TakeAim","J.A.X.","hermit:HighCaliber"],"relics":["hermit:Momento","infinitespire:Beetle Shell","Strawberry","downfall:HeartBlessingRed","Oddly Smooth Stone","downfall:HeartBlessingGreen","MealTicket","MutagenicStrength"],"acts_visited":["Exordium","TheCity"],"potions_floor_usage":[9,15,19,19,22],"damage_taken":[{"damage":0,"enemies":"2 Louse","floor":2,"turns":3},{"damage":28,"enemies":"Lagavulin","floor":4,"turns":8},{"damage":0,"enemies":"Cultist","floor":5,"turns":4},{"damage":12,"enemies":"Small Slimes","floor":6,"turns":3},{"damage":41,"enemies":"3 Sentries","floor":9,"turns":16},{"damage":2,"enemies":"Red Slaver","floor":11,"turns":3},{"damage":2,"enemies":"Large Slime","floor":12,"turns":3},{"damage":3,"enemies":"Exordium Thugs","floor":13,"turns":5},{"damage":2,"enemies":"Lots of Slimes","floor":15,"turns":3},{"damage":52,"enemies":"downfall:Silent","floor":16,"turns":12},{"damage":11,"enemies":"downfall:Augmenter","floor":19,"turns":5},{"damage":21,"enemies":"Shell Parasite","floor":21,"turns":4},{"damage":53,"enemies":"Gremlin Leader","floor":22,"turns":7}],"seed_played":"-7452774999097822398","potions_obtained":[{"floor":6,"key":"DistilledChaos"},{"floor":9,"key":"hermit:Tonic"},{"floor":11,"key":"DuplicationPotion"},{"floor":12,"key":"Swift Potion"},{"floor":16,"key":"BlessingOfTheForge"},{"floor":21,"key":"ColorlessPotion"}],"is_trial":false,"path_per_floor":["R","M","?","E","M","M","T","R","E","R","M","M","M","T","M","B",null,"R","?","R","M","E"],"character_chosen":"HERMIT","items_purchased":[],"campfire_rested":2,"item_purchase_floors":[],"current_hp_per_floor":[75,75,75,47,51,39,46,70,29,53,55,57,54,54,52,8,82,82,71,71,50,0,0],"gold":481,"neow_bonus":"ONE_RANDOM_RARE_CARD","is_daily":false,"chose_seed":false,"campfire_upgraded":2,"win_rate":0.0,"timestamp":1608154454,"path_taken":["R","M","?","E","M","M","T","R","E","R","M","?","?","?","M","BOSS","R","?","R","M","E"],"items_purchased_type":[],"build_version":"2020-12-13","purchased_purges":0,"victory":false,"max_hp_per_floor":[75,75,75,75,75,75,82,82,82,82,82,82,82,82,82,82,82,82,82,82,82,82,82],"card_choices":[{"not_picked":["hermit:TrackingShot","hermit:WideOpen"],"picked":"hermit:EyeOfTheStorm","floor":2},{"not_picked":["hermit:Glare","hermit:Vantage"],"picked":"hermit:Enervate","floor":4},{"not_picked":["hermit:Glare","hermit:Midnight"],"picked":"hermit:CursedWeapon","floor":5},{"not_picked":["hermit:ItchyTrigger","hermit:Roulette"],"picked":"hermit:Manifest","floor":6},{"not_picked":["hermit:Enervate","hermit:CalledShot"],"picked":"hermit:SprayPray","floor":9},{"not_picked":["hermit:ItchyTrigger","hermit:Snipe"],"picked":"hermit:Malice","floor":11},{"not_picked":["hermit:Desperado","hermit:FromBeyond"],"picked":"hermit:Glare","floor":12},{"not_picked":["hermit:Vantage","hermit:LoneWolf"],"picked":"hermit:Ricochet","floor":13},{"not_picked":["hermit:NoHoldsBarred","hermit:Feint"],"picked":"hermit:Misfire","floor":15},{"not_picked":["hermit:Purgatory","hermit:Adapt"],"picked":"hermit:Gambit","floor":16},{"not_picked":[],"picked":"J.A.X.","floor":19},{"not_picked":["hermit:Feint","hermit:Coalescence"],"picked":"hermit:HighCaliber","floor":19},{"not_picked":["hermit:LoneWolf","hermit:HoleUp","hermit:WideOpen"],"picked":"SKIP","floor":21}],"player_experience":510692,"relics_obtained":[{"floor":4,"key":"infinitespire:Beetle Shell"},{"floor":7,"key":"Strawberry"},{"floor":9,"key":"Oddly Smooth Stone"},{"floor":14,"key":"MealTicket"},{"floor":19,"key":"MutagenicStrength"}],"event_choices":[{"damage_healed":0,"gold_gain":0,"cards_transformed":["hermit:EyeOfTheStorm"],"player_choice":"Transformed","damage_taken":0,"max_hp_gain":0,"max_hp_loss":0,"event_name":"Transmorgrifier","floor":3,"gold_loss":0,"cards_obtained":["hermit:Scavenge"]}],"is_beta":false,"boss_relics":[{"not_picked":["Busted Crown","Ectoplasm","Fusion Hammer"]}],"items_purged_floors":[],"is_endless":false,"potions_floor_spawned":[6,9,11,12,13,16,21],"killed_by":"Gremlin Leader","ascension_level":1}}