{"host":"8a3jzv7qxg3y7b6t","time":1608090924,"event":{"mods":["BaseMod","Better Third Choice","Downfall","Hermit","Minty Spire (QoL Compilation)","Relic Stats","StSLib","The Bug Knight","The Cursed"],"gold_per_floor":[118,218,238,251,87,117,131,159,159,194,218,245,97,112,112,211,211,231,261,0,0,10,10,39,39,64,94,19,35,35,65,65,162,162,175,175,225,239,291,320,320,320,320,333,333,361,361,381,381,381,381],"floor_reached":50,"playtime":3493,"items_purged":["Decay"],"score":664,"play_id":"b5293dba-4521-4227-89c6-753637713861","local_time":"20201215195524","is_ascension_mode":true,"campfire_choices":[{"floor":15,"key":"RECALL"},{"data":"HollowMod:SlysStrikes","floor":23,"key":"SMITH"},{"floor":25,"key":"REST"},{"floor":30,"key":"REST"},{"floor":32,"key":"REST"},{"floor":41,"key":"REST"},{"data":"sneckomod:Bewildered","floor":49,"key":"PURGE"}],"circlet_count":0,"master_deck":["HollowMod:NailStrikeStart","HollowMod:NailStrikeStart","HollowMod:NailStrikeStart","HollowMod:QuickDashStart","HollowMod:QuickDashStart","HollowMod:QuickDashStart","HollowMod:QuickDashStart","HollowMod:FocusHealStart","HollowMod:PogoStrike","HollowMod:CloakDash","HollowMod:CycloneSlash","HollowMod:SlysStrikes+1","Panache","HollowMod:RecoilStrike","HollowMod:DoubleDash","HollowMod:GoodIntentions","HollowMod:MantisMark","HollowMod:CloakDash","HollowMod:DashSlash","HollowMod:CycloneSlash","HollowMod:AwokenDreamNail","HollowMod:VengefulSpirit","HollowMod:VengefulSpirit+1","HollowMod:NewLastStag","HollowMod:HowlingWraiths","TheCursedMod:Dregs","HollowMod:DashSlash+1","HollowMod:SoulSplash+1","HollowMod:MantisMark+1","Writhe"],"relics":["HollowMod:VesselMask","PreservedInsect","Blood Vial","Blue Candle","Odd Mushroom","Orichalcum","HandDrill","Cursed Key","HollowMod:GreatKnightMask","Mercury Hourglass","Singing Bowl","Bronze Scales","Juzu Bracelet","Pantograph","Philosopher\u0027s Stone","Mango","Peace Pipe","Lantern","White Beast Statue","Girya"],"acts_visited":["Exordium","TheCity","TheBeyond"],"potions_floor_usage":[6,10,12,16,16,16,29,31,33,46,46,48,50],"damage_taken":[{"damage":2,"enemies":"2 Louse","floor":1,"turns":3},{"damage":0,"enemies":"Cultist","floor":3,"turns":3},{"damage":0,"enemies":"Small Slimes","floor":4,"turns":3},{"damage":6,"enemies":"3 Sentries","floor":6,"turns":5},{"damage":5,"enemies":"Looter","floor":7,"turns":4},{"damage":3,"enemies":"Lagavulin","floor":8,"turns":6},{"damage":14,"enemies":"3 Sentries","floor":10,"turns":6},{"damage":8,"enemies":"The Mushroom Lair","floor":11,"turns":4},{"damage":8,"enemies":"Lagavulin","floor":12,"turns":6},{"damage":7,"enemies":"Blue Slaver","floor":14,"turns":3},{"damage":24,"enemies":"HollowMod:FalseKnight","floor":16,"turns":8},{"damage":4,"enemies":"Shell Parasite","floor":18,"turns":4},{"damage":0,"enemies":"HollowMod:Zote","floor":19,"turns":2},{"damage":25,"enemies":"2 Thieves","floor":22,"turns":4},{"damage":28,"enemies":"Slavers","floor":24,"turns":4},{"damage":30,"enemies":"Book of Stabbing","floor":27,"turns":5},{"damage":14,"enemies":"Snake Plant","floor":29,"turns":3},{"damage":17,"enemies":"Slavers","floor":31,"turns":2},{"damage":68,"enemies":"Collector","floor":33,"turns":9},{"damage":10,"enemies":"Orb Walker","floor":35,"turns":3},{"damage":33,"enemies":"Mind Bloom Boss Battle","floor":37,"turns":6},{"damage":5,"enemies":"3 Shapes","floor":38,"turns":2},{"damage":52,"enemies":"2 Orb Walkers","floor":39,"turns":4},{"damage":36,"enemies":"Giant Head","floor":40,"turns":7},{"damage":29,"enemies":"Sphere and 2 Shapes","floor":44,"turns":4},{"damage":46,"enemies":"Reptomancer","floor":46,"turns":5},{"damage":3,"enemies":"4 Shapes","floor":48,"turns":2},{"damage":94,"enemies":"Donu and Deca","floor":50,"turns":6}],"seed_played":"5605357476035610987","potions_obtained":[{"floor":4,"key":"ColorlessPotion"},{"floor":6,"key":"PowerPotion"},{"floor":8,"key":"BlessingOfTheForge"},{"floor":10,"key":"champ:CounterPotion"},{"floor":11,"key":"PowerPotion"},{"floor":12,"key":"DuplicationPotion"},{"floor":27,"key":"Strength Potion"},{"floor":29,"key":"Swift Potion"},{"floor":31,"key":"champ:CounterPotion"},{"floor":40,"key":"Energy Potion"},{"floor":44,"key":"Energy Potion"},{"floor":46,"key":"Explosive Potion"},{"floor":48,"key":"Fire Potion"}],"is_trial":false,"path_per_floor":["M","?","M","M","$","E","M","E","T","E","?","E","$","M","R","B",null,"M","?","?","T","M","R","E","R","T","E","$","M","R","E","R","B",null,"M","?","?","M","?","E","R","?","T","M","?","E","?","M","R","B"],"character_chosen":"THE_BUGKNIGHT","items_purchased":["Panache","HandDrill"],"campfire_rested":4,"item_purchase_floors":[5,13],"current_hp_per_floor":[82,82,82,82,82,82,82,79,79,73,67,61,61,56,56,34,82,82,82,82,82,57,57,39,64,64,44,44,40,66,53,80,30,92,82,82,79,78,36,14,47,98,98,71,71,33,58,59,59,0,0],"gold":381,"neow_bonus":"TEN_PERCENT_HP_BONUS","is_daily":false,"chose_seed":false,"campfire_upgraded":1,"win_rate":0.0,"timestamp":1608090924,"path_taken":["M","?","M","M","?","E","M","E","T","E","?","E","$","M","R","BOSS","M","?","?","?","?","R","E","R","T","E","?","M","R","E","R","BOSS","M","?","?","M","?","E","R","?","T","M","?","E","?","M","R","BOSS"],"items_purchased_type":["Card","Relic"],"build_version":"2020-12-13","purchased_purges":1,"victory":false,"max_hp_per_floor":[82,82,82,82,82,82,82,82,82,82,82,82,82,82,82,82,82,82,82,82,82,82,82,84,84,84,86,86,88,88,90,90,92,92,92,92,106,108,110,112,112,98,98,100,100,100,100,102,102,102,102],"relic_stats":{"Singing Bowl":20,"counters":[28,122],"Blue Candle":[4],"PreservedInsect":391,"Juzu Bracelet":2,"Orichalcum":[30],"Cursed Key":3,"Mercury Hourglass":[286],"Blood Vial":30,"Peace Pipe":1,"Bronze Scales":[175],"Pantograph":45,"HandDrill":[26],"obtain_stats":[{"Girya":46,"Lantern":40,"Singing Bowl":24,"Blue Candle":10,"HollowMod:VesselMask":0,"HollowMod:GreatKnightMask":19,"Mango":37,"PreservedInsect":6,"Juzu Bracelet":27,"Odd Mushroom":11,"Orichalcum":12,"Cursed Key":17,"White Beast Statue":43,"Mercury Hourglass":21,"Blood Vial":8,"Peace Pipe":39,"Bronze Scales":26,"Pantograph":31,"Philosopher\u0027s Stone":34,"HandDrill":13},{"Girya":26,"Lantern":24,"Singing Bowl":15,"Blue Candle":7,"HollowMod:VesselMask":0,"HollowMod:GreatKnightMask":13,"Mango":21,"PreservedInsect":4,"Juzu Bracelet":16,"Odd Mushroom":8,"Orichalcum":9,"Cursed Key":11,"White Beast Statue":24,"Mercury Hourglass":13,"Blood Vial":6,"Peace Pipe":23,"Bronze Scales":15,"Pantograph":18,"Philosopher\u0027s Stone":19,"HandDrill":9},{"Girya":114,"Lantern":105,"Singing Bowl":65,"Blue Candle":30,"HollowMod:VesselMask":0,"HollowMod:GreatKnightMask":57,"Mango":92,"PreservedInsect":14,"Juzu Bracelet":70,"Odd Mushroom":34,"Orichalcum":40,"Cursed Key":51,"White Beast Statue":105,"Mercury Hourglass":57,"Blood Vial":24,"Peace Pipe":98,"Bronze Scales":65,"Pantograph":75,"Philosopher\u0027s Stone":84,"HandDrill":40}]},"card_choices":[{"not_picked":["HollowMod:TaintedHusks","HollowMod:DescendingDark"],"picked":"HollowMod:CloakDash","floor":1},{"not_picked":["HollowMod:LifebloodCocoon","HollowMod:InfectedAttack"],"picked":"HollowMod:CycloneSlash","floor":3},{"not_picked":["HollowMod:ChannelNail","HollowMod:NewJinnsSoul"],"picked":"HollowMod:SlysStrikes","floor":4},{"not_picked":["HollowMod:TaintedHusks","HollowMod:PureVessel"],"picked":"HollowMod:RecoilStrike","floor":6},{"not_picked":["HollowMod:Grubsong","HollowMod:LuriensSpire"],"picked":"HollowMod:DoubleDash","floor":7},{"not_picked":["HollowMod:InfectedAttack","HollowMod:PerfectDash"],"picked":"HollowMod:GoodIntentions","floor":8},{"not_picked":["HollowMod:LifebloodCocoon","HollowMod:CoiledNail"],"picked":"HollowMod:MantisMark","floor":10},{"not_picked":["HollowMod:VengefulVoid","HollowMod:RecoilStrike"],"picked":"HollowMod:CloakDash","floor":11},{"not_picked":["HollowMod:HeavyBlow","HollowMod:VengefulVoid"],"picked":"HollowMod:DashSlash","floor":12},{"not_picked":["HollowMod:VengefulVoid","HollowMod:WraithStrike"],"picked":"HollowMod:CycloneSlash","floor":14},{"not_picked":["HollowMod:HerrahsAnger","HollowMod:ElderbugsWisdom"],"picked":"HollowMod:AwokenDreamNail","floor":16},{"not_picked":["HollowMod:BlackTendrils","HollowMod:CycloneSlash+1"],"picked":"HollowMod:VengefulSpirit","floor":18},{"not_picked":["HollowMod:HeavyBlow+1","HollowMod:InfectedCysts"],"picked":"HollowMod:VengefulSpirit+1","floor":19},{"not_picked":["HollowMod:BaldurShell","HollowMod:CycloneSlash"],"picked":"HollowMod:HowlingWraiths","floor":22},{"not_picked":["HollowMod:CloakDash+1","HollowMod:SiblingsShadow+1","HollowMod:TaintedHusks"],"picked":"Singing Bowl","floor":24},{"not_picked":["HollowMod:MothsMistake","HollowMod:SharpenedNail","HollowMod:MawleksShell+1"],"picked":"Singing Bowl","floor":27},{"not_picked":["HollowMod:DescendingDark+1","HollowMod:LifebloodCocoon","HollowMod:InfectionAssault+1"],"picked":"Singing Bowl","floor":29},{"not_picked":["HollowMod:HowlingWraiths","HollowMod:SoulVessel","HollowMod:TaintedHusks+1"],"picked":"Singing Bowl","floor":31},{"not_picked":["HollowMod:VoidDash","HollowMod:NewInfectedGuardian","HollowMod:ZotesMagnificence"],"picked":"Singing Bowl","floor":33},{"not_picked":["HollowMod:LifebloodCocoon","HollowMod:SoulShaman"],"picked":"HollowMod:DashSlash+1","floor":35},{"not_picked":["HollowMod:CrystalDash+1","HollowMod:BrokenVessel"],"picked":"HollowMod:SoulSplash+1","floor":37},{"not_picked":["HollowMod:NewLittleFool","HollowMod:GoodIntentions","HollowMod:NewGlowingWomb+1"],"picked":"Singing Bowl","floor":38},{"not_picked":["HollowMod:GrimmsGift","HollowMod:VengefulVoid+1","HollowMod:CornifersMapStart+1"],"picked":"Singing Bowl","floor":39},{"not_picked":["HollowMod:LifebloodCocoon+1","HollowMod:NewLittleFool","HollowMod:PerfectDash"],"picked":"Singing Bowl","floor":40},{"not_picked":["HollowMod:SoulSplash","HollowMod:CloakDash+1","HollowMod:MantisMark"],"picked":"Singing Bowl","floor":44},{"not_picked":["HollowMod:theNailsmith","HollowMod:GoodIntentions+1"],"picked":"HollowMod:MantisMark+1","floor":46},{"not_picked":["HollowMod:HeavyBlow","HollowMod:InfectionAssault+1","HollowMod:InfectedAttack"],"picked":"Singing Bowl","floor":48}],"player_experience":591896,"relics_obtained":[{"floor":6,"key":"PreservedInsect"},{"floor":8,"key":"Blood Vial"},{"floor":10,"key":"Blue Candle"},{"floor":11,"key":"Odd Mushroom"},{"floor":12,"key":"Orichalcum"},{"floor":19,"key":"HollowMod:GreatKnightMask"},{"floor":21,"key":"Mercury Hourglass"},{"floor":24,"key":"Singing Bowl"},{"floor":26,"key":"Bronze Scales"},{"floor":27,"key":"Juzu Bracelet"},{"floor":31,"key":"Pantograph"},{"floor":37,"key":"Mango"},{"floor":39,"key":"Peace Pipe"},{"floor":40,"key":"Lantern"},{"floor":43,"key":"White Beast Statue"},{"floor":46,"key":"Girya"}],"event_choices":[{"damage_healed":0,"gold_gain":100,"player_choice":"Gold","damage_taken":0,"max_hp_gain":0,"max_hp_loss":0,"event_name":"Wheel of Change","floor":2,"gold_loss":0},{"damage_healed":0,"gold_gain":0,"player_choice":"Fought Mushrooms","damage_taken":0,"max_hp_gain":0,"max_hp_loss":0,"event_name":"Mushrooms","floor":11,"gold_loss":0},{"cards_removed":["HollowMod:NailStrikeStart"],"damage_healed":0,"gold_gain":0,"player_choice":"Removed Attack","damage_taken":0,"max_hp_gain":0,"max_hp_loss":0,"event_name":"Falling","floor":36,"gold_loss":0},{"damage_healed":0,"gold_gain":0,"player_choice":"Fight","damage_taken":0,"max_hp_gain":0,"max_hp_loss":0,"event_name":"MindBloom","floor":37,"gold_loss":0},{"damage_healed":0,"gold_gain":0,"player_choice":"Fight","damage_taken":0,"max_hp_gain":0,"max_hp_loss":0,"event_name":"Mysterious Sphere","floor":39,"gold_loss":0},{"damage_healed":98,"gold_gain":0,"player_choice":"Heal","damage_taken":0,"max_hp_gain":0,"max_hp_loss":14,"event_name":"The Moai Head","floor":42,"gold_loss":0},{"damage_healed":0,"gold_gain":0,"cards_transformed":["Normality"],"player_choice":"Transformed","damage_taken":0,"max_hp_gain":0,"max_hp_loss":0,"event_name":"Transmorgrifier","floor":45,"gold_loss":0,"cards_obtained":["sneckomod:Bewildered"]},{"damage_healed":25,"gold_gain":0,"player_choice":"Writhe","damage_taken":0,"max_hp_gain":0,"max_hp_loss":0,"event_name":"Winding Halls","floor":47,"gold_loss":0,"cards_obtained":["Writhe"]}],"is_beta":false,"boss_relics":[{"not_picked":["HollowMod:KingsSoulRelic","SacredBark"],"picked":"Cursed Key"},{"not_picked":["Runic Dome","expansioncontent:StudyCardRelic"],"picked":"Philosopher\u0027s Stone"}],"items_purged_floors":[28],"is_endless":false,"potions_floor_spawned":[4,6,8,10,11,12,27,29,31,40,44,46,48],"killed_by":"Donu and Deca","ascension_level":1}}