{"host":"og6lam4kt3nibbw0","time":1608135966,"event":{"mods":["AchievementEnabler","BaseMod","Colored Map","DeckTracker","Highlight Path","Keyboard Shortcuts","Minty Spire (QoL Compilation)","Permanent Neow","Quick Restart","StSLib","SuperFastMode"],"gold_per_floor":[369,17,37,37,51,51,126,126,126,126,145,64,82,82,82,153,153,167,180,180,150,168,168,168,168],"floor_reached":24,"playtime":1136,"items_purged":["Strike_B"],"score":372,"play_id":"c46862c6-b21c-4cec-bb20-6edd048297fd","local_time":"20201217012606","is_ascension_mode":true,"campfire_choices":[{"data":"Zap","floor":6,"key":"SMITH"},{"data":"Dualcast","floor":8,"key":"SMITH"},{"data":"Coolheaded","floor":15,"key":"SMITH"},{"data":"Defragment","floor":23,"key":"SMITH"}],"circlet_count":0,"master_deck":["AscendersBane","Strike_B","Strike_B","Strike_B","Defend_B","Defend_B","Defend_B","Defend_B","Zap+1","Dualcast+1","Defragment+1","Ball Lightning","Cold Snap","Coolheaded+1","Biased Cognition","Undo","Seek","Leap","Redo+1","Defragment","Hologram"],"relics":["Cracked Core","Meat on the Bone","Potion Belt","Torii","Letter Opener","Inserter"],"acts_visited":["Exordium","TheCity"],"potions_floor_usage":[16,22,24,24],"damage_taken":[{"damage":2,"enemies":"Cultist","floor":1,"turns":4},{"damage":10,"enemies":"2 Louse","floor":3,"turns":3},{"damage":7,"enemies":"Jaw Worm","floor":5,"turns":2},{"damage":1,"enemies":"Red Slaver","floor":11,"turns":3},{"damage":0,"enemies":"3 Louse","floor":13,"turns":3},{"damage":7,"enemies":"The Guardian","floor":16,"turns":9},{"damage":10,"enemies":"3 Byrds","floor":18,"turns":5},{"damage":1,"enemies":"Spheric Guardian","floor":19,"turns":4},{"damage":0,"enemies":"Snecko","floor":22,"turns":4},{"damage":49,"enemies":"Gremlin Leader","floor":24,"turns":6}],"seed_played":"-1606901363811772694","potions_obtained":[{"floor":1,"key":"Fire Potion"},{"floor":11,"key":"Weak Potion"},{"floor":19,"key":"DistilledChaos"},{"floor":21,"key":"Block Potion"},{"floor":21,"key":"EntropicBrew"},{"floor":22,"key":"LiquidMemories"}],"is_trial":false,"path_per_floor":["M","$","M","?","M","R","?","R","T","?","M","$","M","T","R","B",null,"M","M","?","?","M","R","E"],"character_chosen":"DEFECT","items_purchased":["Meat on the Bone","Biased Cognition"],"campfire_rested":0,"item_purchase_floors":[2,12],"current_hp_per_floor":[62,62,52,26,31,31,20,20,20,20,31,31,43,43,43,36,57,47,46,46,46,46,46,0,0],"gold":168,"neow_bonus":"TWO_FIFTY_GOLD","is_daily":false,"chose_seed":false,"campfire_upgraded":4,"win_rate":0.0,"timestamp":1608135966,"path_taken":["M","$","?","?","M","R","?","R","T","?","M","$","M","?","R","BOSS","M","M","?","?","M","R","E"],"items_purchased_type":["Relic","Card"],"build_version":"2020-12-13","purchased_purges":1,"victory":false,"max_hp_per_floor":[64,64,64,64,64,64,64,64,64,64,64,64,64,64,64,64,64,64,64,64,64,64,64,64,64],"card_choices":[{"not_picked":["Loop","Steam"],"picked":"Defragment","floor":1},{"not_picked":["Compile Driver","Melter"],"picked":"Ball Lightning","floor":3},{"not_picked":["Compile Driver","Undo"],"picked":"Cold Snap","floor":5},{"not_picked":["Go for the Eyes","Ball Lightning"],"picked":"Coolheaded","floor":11},{"not_picked":["Lockon","Turbo"],"picked":"Undo","floor":13},{"not_picked":["Hyperbeam","Buffer"],"picked":"Seek","floor":16},{"not_picked":["Cold Snap","Steam"],"picked":"Leap","floor":18},{"not_picked":["Rebound","Leap"],"picked":"Redo+1","floor":19},{"not_picked":["Sunder","Streamline"],"picked":"Hologram","floor":22}],"player_experience":769586,"relics_obtained":[{"floor":9,"key":"Torii"},{"floor":14,"key":"Letter Opener"}],"event_choices":[{"damage_healed":0,"gold_gain":0,"player_choice":"Success","damage_taken":26,"relics_obtained":["Potion Belt"],"max_hp_gain":0,"max_hp_loss":0,"event_name":"Scrap Ooze","floor":4,"gold_loss":0},{"damage_healed":0,"gold_gain":75,"player_choice":"Gather Gold","damage_taken":11,"max_hp_gain":0,"max_hp_loss":0,"event_name":"World of Goop","floor":7,"gold_loss":0},{"damage_healed":0,"gold_gain":0,"player_choice":"Ignored","damage_taken":0,"max_hp_gain":0,"max_hp_loss":0,"event_name":"Shining Light","floor":10,"gold_loss":0},{"damage_healed":0,"gold_gain":0,"player_choice":"Read","damage_taken":0,"max_hp_gain":0,"max_hp_loss":0,"event_name":"The Library","floor":20,"gold_loss":0,"cards_obtained":["Defragment"]},{"damage_healed":0,"gold_gain":0,"player_choice":"Bought 2 Potions","damage_taken":0,"max_hp_gain":0,"max_hp_loss":0,"event_name":"The Woman in Blue","floor":21,"gold_loss":0}],"is_beta":false,"boss_relics":[{"not_picked":["Nuclear Battery","Runic Dome"],"picked":"Inserter"}],"items_purged_floors":[2],"is_endless":false,"potions_floor_spawned":[1,11,19,22],"killed_by":"Gremlin Leader","ascension_level":20}}