{"host":"cccop0r9ue4xv1s4","time":1608149137,"event":{"mods":["AchievementEnabler","BaseMod","Downfall","Minty Spire (QoL Compilation)","Quick Restart","Shop Mod","StSLib","SuperFastMode","The Servant 0.9.4"],"gold_per_floor":[99,99,21,6,38,38,38,38,56,72,72,172,183,183,183,285,285,304,317,317,317,333,333,333,347,367,467,496,421,455,471,471,571,571,586,601,616,633,483,494,494,510,510,24,43,43,61,78,78,78],"floor_reached":51,"playtime":3255,"items_purged":[],"score":716,"play_id":"86639055-8a91-4648-b430-6721b7c7009a","local_time":"20201217040537","is_ascension_mode":false,"campfire_choices":[{"floor":6.0,"key":"RECALL"},{"floor":15.0,"key":"REST"},{"data":"hexamod:SearingWound","floor":29.0,"key":"SMITH"},{"data":"hexamod:Sear","floor":32.0,"key":"SMITH"},{"floor":43.0,"key":"REST"},{"floor":49,"key":"REST"}],"circlet_count":0,"master_deck":["hexamod:Defend","hexamod:Defend+1","hexamod:Defend+1","hexamod:Defend","hexamod:Sear+1","hexamod:Float+1","hexamod:Hexaguard","hexamod:Firestarter","hexamod:CrushingStance+1","hexamod:ParanormalForm","hexamod:TimeWarp","hexamod:DynamicBlow+1","hexamod:PowerFromBeyond+1","hexamod:SearingWound+1","hexamod:SpectersWail+1","Bite+1","Bite","Bite","Bite","Bite+1","hexamod:SkipABeat+1","hexamod:SixthSeal","hexamod:Hexaguard+1","hexamod:NecessarySacrifice+1","Parasite","hexamod:StepThrough+1"],"relics":["hexamod:SpiritBrand","downfall:HeartsMalice","Gremlin Horn","Letter Opener","Regal Pillow","hexamod:IceCube","Enchiridion","Torii","Potion Belt","Bird Faced Urn","downfall:HeartBlessingRed","hexamod:InflammatoryLetter","Fusion Hammer","Mercury Hourglass","Lantern","Shuriken"],"acts_visited":["Exordium","TheCity","TheBeyond"],"potions_floor_usage":[44],"damage_taken":[{"damage":0.0,"enemies":"Jaw Worm","floor":1.0,"turns":1.0},{"damage":0.0,"enemies":"Small Slimes","floor":2.0,"turns":1.0},{"damage":0.0,"enemies":"downfall:FleeingMerchant","floor":3.0,"turns":1.0},{"damage":0.0,"enemies":"downfall:FleeingMerchant","floor":4.0,"turns":4.0},{"damage":38.0,"enemies":"Gremlin Nob","floor":5.0,"turns":5.0},{"damage":0.0,"enemies":"2 Louse","floor":9.0,"turns":2.0},{"damage":1.0,"enemies":"Exordium Wildlife","floor":10.0,"turns":3.0},{"damage":0.0,"enemies":"3 Louse","floor":13.0,"turns":3.0},{"damage":47.0,"enemies":"downfall:Defect","floor":16.0,"turns":6.0},{"damage":11.0,"enemies":"Shell Parasite","floor":18.0,"turns":5.0},{"damage":7.0,"enemies":"Shelled Parasite and Fungi","floor":19.0,"turns":4.0},{"damage":12.0,"enemies":"Centurion and Healer","floor":22.0,"turns":5.0},{"damage":6.0,"enemies":"3 Cultists","floor":25.0,"turns":3.0},{"damage":9.0,"enemies":"Snecko","floor":26.0,"turns":4.0},{"damage":14.0,"enemies":"downfall:LadyInBlue","floor":27.0,"turns":4.0},{"damage":1.0,"enemies":"Slavers","floor":28.0,"turns":4.0},{"damage":11.0,"enemies":"Book of Stabbing","floor":30.0,"turns":4.0},{"damage":2.0,"enemies":"Centurion and Healer","floor":31.0,"turns":4.0},{"damage":14.0,"enemies":"downfall:Silent","floor":33.0,"turns":6.0},{"damage":24.0,"enemies":"3 Darklings","floor":35.0,"turns":4.0},{"damage":3.0,"enemies":"3 Shapes","floor":36.0,"turns":3.0},{"damage":37.0,"enemies":"Writhing Mass","floor":37.0,"turns":7.0},{"damage":32.0,"enemies":"Transient","floor":38.0,"turns":5.0},{"damage":10.0,"enemies":"3 Darklings","floor":40.0,"turns":4.0},{"damage":26.0,"enemies":"Jaw Worm Horde","floor":42.0,"turns":3.0},{"damage":0,"enemies":"downfall:FleeingMerchant","floor":44,"turns":4},{"damage":6,"enemies":"4 Shapes","floor":45,"turns":3},{"damage":21,"enemies":"Writhing Mass","floor":47,"turns":4},{"damage":32,"enemies":"Spire Growth","floor":48,"turns":4},{"damage":2,"enemies":"downfall:Watcher","floor":50,"turns":7}],"seed_played":"-5069861045180447513","potions_obtained":[{"floor":5.0,"key":"Fire Potion"},{"floor":9.0,"key":"FearPotion"},{"floor":13.0,"key":"DuplicationPotion"},{"floor":25.0,"key":"Fire Potion"},{"floor":27.0,"key":"Strength Potion"},{"floor":27.0,"key":"SkillPotion"},{"floor":27.0,"key":"Fire Potion"},{"floor":28.0,"key":"EssenceOfSteel"},{"floor":30.0,"key":"hexamod:EctoCoolerPotion"},{"floor":33.0,"key":"Regen Potion"},{"floor":35.0,"key":"PowerPotion"},{"floor":37.0,"key":"SteroidPotion"},{"floor":40.0,"key":"Swift Potion"}],"is_trial":false,"path_per_floor":["M","M","$","$","E","R","T","?","M","M","?","?","M","?","R","B",null,"M","M","?","?","M","?","T","M","M","?","E","R","E","M","R","B",null,"M","M","M","M","?","M","T","M","R","$","M","?","M","M","R","B",null],"character_chosen":"THE_SPIRIT","items_purchased":["hexamod:CrushingStance","Lantern","Shuriken","DuplicationPotion"],"campfire_rested":3,"item_purchase_floors":[3,44,44,44],"current_hp_per_floor":[70,70,70,70,32,32,32,32,32,31,19,19,19,19,55,8,70,59,52,36,36,24,24,24,26,29,25,36,36,39,47,47,42,49,31,40,22,26,59,53,53,39,59,59,59,59,40,21,53,59],"gold":78,"neow_bonus":"THREE_ENEMY_KILL","is_daily":false,"chose_seed":false,"campfire_upgraded":2,"win_rate":0.0,"timestamp":1608149137,"path_taken":["M","M","$","$","E","R","T","?","M","M","?","?","?","?","R","BOSS","M","M","?","?","M","?","T","?","M","?","E","R","E","M","R","BOSS","M","M","?","M","?","?","T","M","R","$","M","?","?","M","R","BOSS"],"items_purchased_type":["Card","Relic","Relic","Potion"],"build_version":"2020-12-13","purchased_purges":0,"victory":true,"max_hp_per_floor":[70,70,70,70,70,70,70,70,70,70,70,70,70,70,70,70,70,70,70,70,70,70,49,49,49,49,49,49,49,49,49,49,49,49,49,49,49,49,59,59,59,59,59,59,59,59,59,59,59,59],"card_choices":[{"not_picked":["hexamod:SwordOfDarkness","hexamod:BurningTouch"],"picked":"hexamod:Hexaguard","floor":1.0},{"not_picked":["hexamod:Hexaguard","hexamod:BacktrackSmack","hexamod:ShieldOfDarkness"],"picked":"SKIP","floor":2.0},{"not_picked":["hexamod:CatchUp","hexamod:Hexaguard"],"picked":"hexamod:Firestarter","floor":3.0},{"not_picked":["hexamod:SwordOfDarkness","hexamod:HauntingEcho"],"picked":"hexamod:ParanormalForm","floor":4.0},{"not_picked":["hexamod:ShieldOfDarkness","hexamod:ThermalTransfer"],"picked":"hexamod:TimeWarp","floor":5.0},{"not_picked":["hexamod:GhostShield","hexamod:BurningTouch"],"picked":"hexamod:DynamicBlow","floor":9.0},{"not_picked":["hexamod:HauntingEcho","hexamod:ShieldOfDarkness","hexamod:RainOfEmbers"],"picked":"SKIP","floor":10.0},{"not_picked":["hexamod:SpectralAdrenaline","hexamod:SwordOfDarkness"],"picked":"hexamod:PowerFromBeyond","floor":13.0},{"not_picked":["hexamod:VolcanoVisage","hexamod:EmpoweringStance"],"picked":"hexamod:SearingWound","floor":16.0},{"not_picked":["hexamod:NightmareGuise","hexamod:CatchUp"],"picked":"hexamod:SpectersWail","floor":18.0},{"not_picked":["hexamod:InspiringFlames+1","hexamod:SwordOfDarkness","hexamod:CatchUp"],"picked":"SKIP","floor":19.0},{"not_picked":["hexamod:FastForward+1","hexamod:GhostOfSpireFuture","hexamod:Hexaguard"],"picked":"SKIP","floor":22.0},{"not_picked":["hexamod:ChargedBarrage","hexamod:FastForward","hexamod:GhostLash"],"picked":"SKIP","floor":25.0},{"not_picked":["hexamod:DynamicBlow+1","hexamod:ThermalTransfer"],"picked":"hexamod:SkipABeat+1","floor":26.0},{"not_picked":["hexamod:SearingWound","hexamod:SuperheatedStrike","hexamod:FourthSeal"],"picked":"SKIP","floor":28.0},{"not_picked":["hexamod:FifthSeal","hexamod:SwordOfDarkness","hexamod:NightmareStrike+1"],"picked":"SKIP","floor":30.0},{"not_picked":["hexamod:Hexaguard","hexamod:HauntingEcho+1","hexamod:Again"],"picked":"SKIP","floor":31.0},{"not_picked":["hexamod:UnleashSpirits","hexamod:GiftsFromTheDead"],"picked":"hexamod:SixthSeal","floor":33.0},{"not_picked":["hexamod:GhostShield","hexamod:AdvancingGuard"],"picked":"hexamod:Hexaguard+1","floor":35.0},{"not_picked":["hexamod:Firestarter","hexamod:RainOfEmbers+1","hexamod:RetreatToShadows"],"picked":"SKIP","floor":36.0},{"not_picked":["hexamod:ParanormalForm","hexamod:Again+1","hexamod:ThermalTransfer+1"],"picked":"SKIP","floor":37.0},{"not_picked":["hexamod:HeatCrush+1","hexamod:GhostOfSpirePast+1","hexamod:Hexaguard"],"picked":"SKIP","floor":38.0},{"not_picked":["hexamod:StepThrough","hexamod:ThirdSeal"],"picked":"hexamod:NecessarySacrifice+1","floor":40.0},{"not_picked":["hexamod:ThermalTransfer","hexamod:SkipABeat","hexamod:RainOfEmbers+1"],"picked":"SKIP","floor":42.0},{"not_picked":["hexamod:SpectersWail","hexamod:GhostOfSpireFuture","hexamod:FastForward+1"],"picked":"SKIP","floor":44},{"not_picked":["hexamod:InspiringFlames+1","hexamod:Hexaguard+1","hexamod:SwordOfDarkness+1"],"picked":"SKIP","floor":45},{"not_picked":["hexamod:InspiringFlames+1","hexamod:Hexaguard+1","hexamod:SwordOfDarkness+1"],"picked":"SKIP","floor":45},{"not_picked":["hexamod:FastForward+1","hexamod:HeatMetal+1","hexamod:Haunt"],"picked":"SKIP","floor":47},{"not_picked":["hexamod:SpectersWail","hexamod:CatchUp"],"picked":"hexamod:StepThrough+1","floor":48}],"player_experience":278136,"relics_obtained":[{"floor":5.0,"key":"Gremlin Horn"},{"floor":7.0,"key":"Letter Opener"},{"floor":20.0,"key":"Enchiridion"},{"floor":24.0,"key":"Torii"},{"floor":27.0,"key":"Potion Belt"},{"floor":28.0,"key":"Bird Faced Urn"},{"floor":30.0,"key":"hexamod:InflammatoryLetter"},{"floor":41.0,"key":"Mercury Hourglass"}],"event_choices":[{"damage_healed":0.0,"max_hp_gain":0.0,"max_hp_loss":0.0,"gold_gain":0.0,"event_name":"Scrap Ooze","player_choice":"Success","floor":11.0,"gold_loss":0.0,"damage_taken":12.0,"relics_obtained":["Regal Pillow"]},{"damage_healed":0.0,"max_hp_gain":0.0,"max_hp_loss":21.0,"gold_gain":0.0,"event_name":"Vampires","player_choice":"Became a vampire","floor":23.0,"gold_loss":0.0,"damage_taken":0.0,"cards_obtained":["Bite","Bite","Bite","Bite","Bite"]},{"damage_healed":0,"gold_gain":0,"player_choice":"Ignored","damage_taken":0,"max_hp_gain":0,"max_hp_loss":0,"event_name":"Transmorgrifier","floor":46,"gold_loss":0}],"is_beta":false,"boss_relics":[{"not_picked":["Runic Pyramid","SacredBark"],"picked":"hexamod:IceCube"},{"not_picked":["Pandora\u0027s Box","Empty Cage"],"picked":"Fusion Hammer"}],"items_purged_floors":[],"is_endless":false,"potions_floor_spawned":[5,9,13,25,28,30,33,35,37,40],"ascension_level":0}}