{"host":"z9grmtg2w0nmz8n1","time":1608080235,"event":{"mods":["Aspiration","Bard","BaseMod","Beaked The Cultist","Better Altar","Better Match","Better Third Choice","BetterRewards","CCEM","Colored Map","Conspire","GifTheSpireLib","Googly Eyes","Highlight Path","Hubris","Infinite Spire","Jedi Mod","Jorbs\u0027s Wanderer Trilogy","Minty Spire (QoL Compilation)","Permanent Neow","Replay The Spire","Spicy Shops","StSLib","Stuff the Spire","The Bug Knight"],"gold_per_floor":[215,228,16,30,42,68,68,68,95,109,135,153,153,187,187,283,283,294,294,294,369,384,384,410,430,430,462,479,356,356,381,381,381,381],"floor_reached":33,"playtime":1677,"items_purged":["Defend_R","Injury","Strike_R"],"score":341,"play_id":"bf1615c1-d460-4611-b494-bdf9e762b9ac","local_time":"20201215225715","is_ascension_mode":true,"campfire_choices":[{"floor":7,"key":"RECALL"},{"floor":13,"key":"REST"},{"data":"Armaments","floor":15,"key":"SMITH"},{"data":"Flex","floor":23,"key":"SMITH"},{"floor":32,"key":"REST"}],"circlet_count":0,"master_deck":["Strike_R","Strike_R","Strike_R","Strike_R","Defend_R","Defend_R","Defend_R","Bash","Armaments+1","Shrug It Off","Twin Strike+1","Iron Wave","Flex+1","Cleave+1","Twin Strike+1","Armaments+1","Iron Wave+1"],"relics":["Burning Blood","Membership Card","infinitespire:Joker Card","Molten Egg 2","aspiration:ChemicalBlood","Replay:Baseball","hubris:Backtick","Vajra","Potion Belt","hubris:Towel","Singing Bowl","conspire:Boomerang","hubris:MobiusCoin","StuffTheSpire:Mouthbags","ReplayTheSpireMod:Spearhead","infinitespire:Lychee Nut"],"acts_visited":["Exordium","TheCity"],"potions_floor_usage":[5,16,16,22,22,24,24,24,27,28,31,31],"damage_taken":[{"damage":1,"enemies":"Cultist","floor":1,"turns":4},{"damage":2,"enemies":"Small Slimes","floor":2,"turns":3},{"damage":2,"enemies":"2 Louse","floor":4,"turns":3},{"damage":7,"enemies":"Red Slaver","floor":5,"turns":4},{"damage":33,"enemies":"Lagavulin","floor":6,"turns":6},{"damage":22,"enemies":"Gremlin Gang","floor":10,"turns":5},{"damage":13,"enemies":"Gremlin Nob","floor":11,"turns":4},{"damage":3,"enemies":"Large Slime","floor":12,"turns":6},{"damage":17,"enemies":"3 Sentries","floor":14,"turns":6},{"damage":15,"enemies":"Slime Boss","floor":16,"turns":8},{"damage":0,"enemies":"Chosen","floor":18,"turns":4},{"damage":3,"enemies":"2 Thieves","floor":22,"turns":3},{"damage":21,"enemies":"Book of Stabbing","floor":24,"turns":4},{"damage":7,"enemies":"Cultist and Chosen","floor":25,"turns":5},{"damage":29,"enemies":"HollowMod:Nosk","floor":27,"turns":7},{"damage":16,"enemies":"Snake Plant","floor":28,"turns":3},{"damage":20,"enemies":"Slavers","floor":31,"turns":4},{"damage":61,"enemies":"Collector","floor":33,"turns":6}],"seed_played":"-7871261019039443401","potions_obtained":[{"floor":1,"key":"BlessingOfTheForge"},{"floor":10,"key":"CultistPotion"},{"floor":11,"key":"Strength Potion"},{"floor":16,"key":"jedi:wingpotion"},{"floor":18,"key":"Explosive Potion"},{"floor":22,"key":"AttackPotion"},{"floor":27,"key":"ColorlessPotion"}],"is_trial":false,"path_per_floor":["M","M","$","M","M","E","R","?","T","M","E","M","R","E","R","B",null,"M","AVR","?","?","M","R","E","M","T","E","M","$","?","E","R","B"],"character_chosen":"IRONCLAD","items_purchased":["Membership Card","Twin Strike+1","StuffTheSpire:Mouthbags"],"campfire_rested":2,"item_purchase_floors":[3,3,29],"current_hp_per_floor":[80,80,80,80,79,52,52,52,52,36,29,32,56,45,45,36,80,80,80,80,72,75,75,62,61,61,40,32,32,32,20,39,0,0],"gold":381,"neow_bonus":"HUNDRED_GOLD","is_daily":false,"chose_seed":false,"campfire_upgraded":2,"win_rate":0.0,"timestamp":1608080235,"path_taken":["M","M","$","M","M","E","R","?","T","M","E","M","R","E","R","BOSS","M","AVR","?","?","?","R","E","M","T","E","?","$","?","E","R","BOSS"],"items_purchased_type":["Relic","Card","Relic"],"build_version":"2020-12-13","purchased_purges":3,"victory":false,"max_hp_per_floor":[80,80,80,80,80,80,80,80,80,80,80,80,80,80,80,80,80,80,80,80,80,80,80,82,82,82,84,86,86,86,66,66,66,66],"card_choices":[{"not_picked":["hubris:ReadiedAction","ReplayTheSpireMod:LeadingStrike"],"picked":"Armaments","floor":1},{"not_picked":["jedi:hate","ReplayTheSpireMod:Limb From Limb"],"picked":"Shrug It Off","floor":2},{"not_picked":["Run Through","Bloodletting"],"picked":"Iron Wave","floor":4},{"not_picked":["Double Tap","Warcry"],"picked":"Flex","floor":5},{"not_picked":["hubris:CleavingFinish","Run Through","Body Slam"],"picked":"SKIP","floor":6},{"not_picked":["Sentinel","StuffTheSpire:Resist","Rage"],"picked":"SKIP","floor":10},{"not_picked":["Immolate+1","Warcry","Perfected Strike+1"],"picked":"SKIP","floor":11},{"not_picked":["jedi:hate+1","Replay:Undeath\u0027s Touch+1"],"picked":"Cleave+1","floor":12},{"not_picked":["Corruption","Pommel Strike+1"],"picked":"Twin Strike+1","floor":14},{"not_picked":["StuffTheSpire:Slingshot+1","jedi:controlledanger+1"],"picked":"Iron Wave+1","floor":18},{"not_picked":["Body Slam+1","StuffTheSpire:Slingshot+1","Clash+1"],"picked":"SKIP","floor":22},{"not_picked":["Shockwave","Corruption","Uppercut+1"],"picked":"Singing Bowl","floor":24},{"not_picked":["StuffTheSpire:Incineration+1","Seeing Red"],"picked":"Armaments+1","floor":25},{"not_picked":["Shrug It Off","Wild Strike+1","Pummel+1"],"picked":"Singing Bowl","floor":27},{"not_picked":["Sword Boomerang+1","StuffTheSpire:RockThrow+1","Wild Strike+1"],"picked":"Singing Bowl","floor":28},{"not_picked":["Clothesline+1","Eclipse","StuffTheSpire:RockThrow+1"],"picked":"Singing Bowl","floor":31}],"player_experience":560880,"relics_obtained":[{"floor":6,"key":"infinitespire:Joker Card"},{"floor":11,"key":"aspiration:ChemicalBlood"},{"floor":14,"key":"Replay:Baseball"},{"floor":24,"key":"Singing Bowl"},{"floor":26,"key":"conspire:Boomerang"},{"floor":27,"key":"hubris:MobiusCoin"},{"floor":30,"key":"ReplayTheSpireMod:Spearhead"},{"floor":31,"key":"infinitespire:Lychee Nut"}],"event_choices":[{"damage_healed":0,"gold_gain":75,"player_choice":"Touch","damage_taken":8,"max_hp_gain":0,"max_hp_loss":0,"event_name":"FaceTrader","floor":21,"gold_loss":0},{"damage_healed":0,"gold_gain":0,"player_choice":"Relic","damage_taken":0,"max_hp_gain":0,"max_hp_loss":0,"event_name":"Wheel of Change","floor":30,"gold_loss":0}],"is_beta":false,"boss_relics":[{"not_picked":["conspire:SeveredTorchhead","Runic Dome"],"picked":"hubris:Backtick"}],"items_purged_floors":[3,19,29],"is_endless":false,"potions_floor_spawned":[1,10,11,14,16,18,22,27],"killed_by":"Collector","ascension_level":1}}