{"host":"5mo0809oo9tcrmpl","time":1608078638,"event":{"mods":["BaseMod","Highlight Path","Minty Spire (QoL Compilation)","Relic Stats","Slay the Relics Exporter"],"gold_per_floor":[119,134,153,153,172,201,201,215,240,7,23,23,23,58,58,58,58],"floor_reached":16,"playtime":938,"items_purged":["Strike_R"],"score":224,"play_id":"c8bf0f02-43e5-4841-8b04-ba5646546270","local_time":"20201215183038","is_ascension_mode":true,"campfire_choices":[{"data":"Searing Blow+1","floor":7,"key":"SMITH"},{"data":"Searing Blow+2","floor":13,"key":"SMITH"},{"data":"Searing Blow+3","floor":15,"key":"SMITH"}],"circlet_count":0,"master_deck":["AscendersBane","Strike_R","Strike_R","Strike_R","Defend_R","Defend_R","Defend_R","Defend_R","Bash","Havoc","Spot Weakness","Searing Blow+4","Battle Trance","Burning Pact+1"],"relics":["Burning Blood","Toxic Egg 2","Potion Belt","Lee\u0027s Waffle","Vajra","Art of War"],"acts_visited":["Exordium"],"potions_floor_usage":[5,6,14,16,16],"damage_taken":[{"damage":2.0,"enemies":"2 Louse","floor":1.0,"turns":4.0},{"damage":6.0,"enemies":"Cultist","floor":2.0,"turns":3.0},{"damage":4.0,"enemies":"Small Slimes","floor":3.0,"turns":4.0},{"damage":24,"enemies":"Exordium Thugs","floor":5,"turns":3},{"damage":45,"enemies":"3 Sentries","floor":6,"turns":8},{"damage":12,"enemies":"3 Louse","floor":8,"turns":3},{"damage":15,"enemies":"2 Fungi Beasts","floor":11,"turns":3},{"damage":30,"enemies":"Lagavulin","floor":14,"turns":7},{"damage":68,"enemies":"Hexaghost","floor":16,"turns":9}],"seed_played":"8042536424863224255","potions_obtained":[{"floor":1.0,"key":"LiquidMemories"},{"floor":3.0,"key":"Explosive Potion"},{"floor":8,"key":"BloodPotion"},{"floor":11,"key":"LiquidMemories"},{"floor":14,"key":"Fire Potion"}],"is_trial":false,"path_per_floor":["M","M","M","?","M","E","R","M","T","$","M","?","R","E","R","B"],"character_chosen":"IRONCLAD","items_purchased":["Lee\u0027s Waffle"],"campfire_rested":0,"item_purchase_floors":[10],"current_hp_per_floor":[72,72,74,74,56,17,17,11,11,82,73,73,73,49,49,0,0],"gold":58,"neow_bonus":"TRANSFORM_CARD","is_daily":false,"chose_seed":false,"campfire_upgraded":3,"win_rate":0.0,"timestamp":1608078638,"path_taken":["M","M","M","?","M","E","R","?","T","$","M","?","R","E","R","BOSS"],"items_purchased_type":["Relic"],"build_version":"2020-12-13","purchased_purges":1,"victory":false,"max_hp_per_floor":[75,75,75,75,75,75,75,75,75,82,82,82,82,82,82,82,82],"relic_stats":{"Lee\u0027s Waffle":71,"counters":[9,44],"Art of War":[2],"obtain_stats":[{"Potion Belt":9,"Lee\u0027s Waffle":10,"Vajra":12,"Art of War":14,"Toxic Egg 2":6,"Burning Blood":0},{"Potion Belt":6,"Lee\u0027s Waffle":6,"Vajra":7,"Art of War":8,"Toxic Egg 2":5,"Burning Blood":0},{"Potion Belt":25,"Lee\u0027s Waffle":25,"Vajra":28,"Art of War":35,"Toxic Egg 2":22,"Burning Blood":0}],"Burning Blood":48},"card_choices":[{"not_picked":["Havoc","Warcry"],"picked":"Spot Weakness","floor":1.0},{"not_picked":["Perfected Strike","Power Through"],"picked":"Searing Blow","floor":2.0},{"not_picked":["Sword Boomerang","Intimidate","Iron Wave"],"picked":"SKIP","floor":3.0},{"not_picked":["Havoc","Headbutt"],"picked":"Battle Trance","floor":5},{"not_picked":["Cleave","Blood for Blood"],"picked":"Burning Pact+1","floor":6},{"not_picked":["Twin Strike","Combust","Infernal Blade+1"],"picked":"SKIP","floor":8},{"not_picked":["Iron Wave","Sword Boomerang","Twin Strike"],"picked":"SKIP","floor":11},{"not_picked":["Rage+1","Inflame","Flex+1"],"picked":"SKIP","floor":14}],"player_experience":1265553,"relics_obtained":[{"floor":6,"key":"Toxic Egg 2"},{"floor":9,"key":"Potion Belt"},{"floor":14,"key":"Art of War"}],"event_choices":[{"damage_healed":0.0,"max_hp_gain":0.0,"max_hp_loss":0.0,"gold_gain":0.0,"event_name":"Accursed Blacksmith","player_choice":"Forge","floor":4.0,"gold_loss":0.0,"damage_taken":0.0,"cards_upgraded":["Searing Blow"]},{"damage_healed":0,"gold_gain":0,"player_choice":"Searched \u00271\u0027 times","damage_taken":0,"relics_obtained":["Vajra"],"max_hp_gain":0,"max_hp_loss":0,"event_name":"Dead Adventurer","floor":12,"gold_loss":0}],"is_beta":false,"boss_relics":[],"items_purged_floors":[10],"is_endless":false,"potions_floor_spawned":[1,3,8,11,14],"killed_by":"Hexaghost","ascension_level":20}}