{"host":"bpszg8uald72z2zd","time":1608135921,"event":{"mods":["AchievementEnabler","BaseMod","Colored Map","DeckTracker","Keyboard Shortcuts","Minty Spire (QoL Compilation)","Relic Stats","SuperFastMode"],"gold_per_floor":[114,189,189,204,214,214,226,80,80,93,93,111,191,211,211,211,211],"floor_reached":16,"playtime":310,"items_purged":["Strike_G"],"score":150,"play_id":"28a670d2-4953-4953-9327-25a1bf0e6b47","local_time":"20201217012521","is_ascension_mode":true,"campfire_choices":[{"data":"Cloak And Dagger","floor":6,"key":"SMITH"},{"data":"Well Laid Plans","floor":11,"key":"SMITH"},{"floor":15,"key":"REST"}],"circlet_count":0,"master_deck":["AscendersBane","Strike_G","Strike_G","Strike_G","Strike_G","Defend_G","Defend_G","Defend_G","Defend_G","Defend_G","Survivor","Neutralize+1","Cloak And Dagger+1","Well Laid Plans+1","Masterful Stab","Calculated Gamble","Tactician","Backflip","Flying Knee","Underhanded Strike"],"relics":["Ring of the Snake","Omamori","Pantograph"],"acts_visited":["Exordium"],"potions_floor_usage":[12],"damage_taken":[{"damage":1,"enemies":"Small Slimes","floor":1,"turns":4},{"damage":2,"enemies":"Jaw Worm","floor":4,"turns":6},{"damage":0,"enemies":"Cultist","floor":5,"turns":5},{"damage":6,"enemies":"Blue Slaver","floor":7,"turns":4},{"damage":12,"enemies":"Exordium Thugs","floor":10,"turns":6},{"damage":11,"enemies":"Gremlin Gang","floor":12,"turns":5},{"damage":19,"enemies":"3 Louse","floor":14,"turns":5},{"damage":25,"enemies":"The Guardian","floor":16,"turns":3}],"seed_played":"-1709662931694399952","potions_obtained":[{"floor":10,"key":"Fire Potion"}],"is_trial":false,"path_per_floor":["M","?","?","M","M","R","M","$","T","M","R","M","T","M","R","B"],"character_chosen":"THE_SILENT","items_purchased":["Tactician"],"campfire_rested":1,"item_purchase_floors":[8],"current_hp_per_floor":[62,51,56,54,54,54,48,48,48,36,36,25,25,6,28,28,28],"gold":211,"neow_bonus":"UPGRADE_CARD","is_daily":false,"chose_seed":false,"campfire_upgraded":2,"win_rate":0.0,"timestamp":1608135921,"path_taken":["M","?","?","M","?","R","M","$","T","M","R","M","?","M","R","BOSS"],"items_purchased_type":["Card"],"build_version":"2020-12-13","purchased_purges":1,"victory":false,"max_hp_per_floor":[70,70,75,75,75,75,75,75,75,75,75,75,75,75,75,75,75],"relic_stats":{"counters":[8,38],"Pantograph":25,"obtain_stats":[{"Pantograph":13,"Omamori":9,"Ring of the Snake":0},{"Pantograph":6,"Omamori":4,"Ring of the Snake":0},{"Pantograph":30,"Omamori":19,"Ring of the Snake":0}],"Ring of the Snake":[16]},"card_choices":[{"not_picked":["Poisoned Stab","Masterful Stab"],"picked":"Cloak And Dagger","floor":1},{"not_picked":["Concentrate","Deflect"],"picked":"Well Laid Plans","floor":4},{"not_picked":["Sucker Punch","Deadly Poison"],"picked":"Masterful Stab","floor":5},{"not_picked":["Poisoned Stab","Outmaneuver"],"picked":"Calculated Gamble","floor":7},{"not_picked":["Dodge and Roll","Cloak And Dagger"],"picked":"Backflip","floor":10},{"not_picked":["Catalyst","Deflect"],"picked":"Flying Knee","floor":12},{"not_picked":["Acrobatics","Bouncing Flask"],"picked":"Underhanded Strike","floor":14}],"player_experience":431766,"relics_obtained":[{"floor":9,"key":"Omamori"},{"floor":13,"key":"Pantograph"}],"event_choices":[{"damage_healed":0,"gold_gain":75,"player_choice":"Gather Gold","damage_taken":11,"max_hp_gain":0,"max_hp_loss":0,"event_name":"World of Goop","floor":2,"gold_loss":0},{"damage_healed":0,"gold_gain":0,"player_choice":"Donut","damage_taken":0,"max_hp_gain":5,"max_hp_loss":0,"event_name":"Big Fish","floor":3,"gold_loss":0}],"is_beta":false,"boss_relics":[],"items_purged_floors":[8],"is_endless":false,"potions_floor_spawned":[10],"killed_by":"The Guardian","ascension_level":12}}