{"host":"1hv1kueuvc4r3rdp","time":1608135049,"event":{"mods":["AchievementEnabler","BaseMod","DeckTracker","Highlight Path","Minty Spire (QoL Compilation)","Permanent Neow","StSLib"],"gold_per_floor":[111,126,139,151,163,163,195,195,195,6,17,17,29,59,59,163,163,180,199,216,91,107,107,138,150,212,243,274,286,327,350,362,374,374],"floor_reached":33,"playtime":2515,"items_purged":["Accuracy"],"score":409,"play_id":"39aa6274-055e-47bd-9ea8-66536afcb228","local_time":"20201216101049","is_ascension_mode":true,"campfire_choices":[{"data":"Underhanded Strike","floor":6,"key":"SMITH"},{"floor":8,"key":"REST"},{"data":"Neutralize","floor":12,"key":"SMITH"},{"data":"Riddle With Holes","floor":15,"key":"SMITH"},{"data":"Distraction","floor":23,"key":"SMITH"},{"floor":25,"key":"REST"},{"data":"Concentrate","floor":29,"key":"SMITH"},{"floor":32,"key":"REST"}],"circlet_count":0,"master_deck":["Survivor","Neutralize+1","Dagger Throw","Terror","Poisoned Stab","Underhanded Strike+1","Deadly Poison","Riddle With Holes+1","PiercingWail","Dagger Spray","Corpse Explosion","Die Die Die","Finisher","Deadly Poison","Distraction+1","Dodge and Roll","Crippling Poison","Bane","Reflex","All Out Attack","Prepared+1","PiercingWail","Concentrate+1","Venomology","Catalyst","Acrobatics","Well Laid Plans","Leg Sweep"],"relics":["Ring of the Snake","Ginger","Matryoshka","Ornamental Fan","Bag of Marbles","TwistedFunnel","Question Card","Pandora\u0027s Box","MawBank","Toy Ornithopter","Anchor","CaptainsWheel"],"acts_visited":["Exordium","TheCity"],"potions_floor_usage":[18,20,22,24,24,28,30,33,33],"damage_taken":[{"damage":1,"enemies":"Cultist","floor":1,"turns":5},{"damage":0,"enemies":"Jaw Worm","floor":2,"turns":4},{"damage":0,"enemies":"Small Slimes","floor":3,"turns":3},{"damage":0,"enemies":"Looter","floor":4,"turns":4},{"damage":10,"enemies":"Large Slime","floor":5,"turns":8},{"damage":25,"enemies":"Lagavulin","floor":7,"turns":5},{"damage":1,"enemies":"Blue Slaver","floor":11,"turns":2},{"damage":0,"enemies":"3 Louse","floor":13,"turns":2},{"damage":5,"enemies":"3 Sentries","floor":14,"turns":6},{"damage":9,"enemies":"Hexaghost","floor":16,"turns":7},{"damage":0,"enemies":"2 Thieves","floor":18,"turns":1},{"damage":0,"enemies":"Shell Parasite","floor":19,"turns":2},{"damage":0,"enemies":"Centurion and Healer","floor":20,"turns":1},{"damage":3,"enemies":"Shelled Parasite and Fungi","floor":22,"turns":3},{"damage":27,"enemies":"Slavers","floor":24,"turns":3},{"damage":8,"enemies":"Snake Plant","floor":27,"turns":3},{"damage":0,"enemies":"Centurion and Healer","floor":28,"turns":1},{"damage":11,"enemies":"Gremlin Leader","floor":30,"turns":4},{"damage":4,"enemies":"3 Cultists","floor":31,"turns":4},{"damage":84,"enemies":"Champ","floor":33,"turns":8}],"seed_played":"-6381478660347654218","potions_obtained":[{"floor":2,"key":"BlessingOfTheForge"},{"floor":5,"key":"SteroidPotion"},{"floor":11,"key":"SneckoOil"},{"floor":20,"key":"GamblersBrew"},{"floor":24,"key":"Dexterity Potion"},{"floor":27,"key":"Dexterity Potion"},{"floor":28,"key":"Energy Potion"}],"is_trial":false,"path_per_floor":["M","M","M","M","M","R","E","R","T","$","M","R","M","E","R","B",null,"M","M","M","$","M","R","E","R","T","M","M","R","E","M","R","B"],"character_chosen":"THE_SILENT","items_purchased":["TwistedFunnel","Riddle With Holes","ColorlessPotion"],"campfire_rested":3,"item_purchase_floors":[10,10,21],"current_hp_per_floor":[62,62,62,62,52,52,27,45,45,45,44,44,44,39,39,30,55,55,55,55,55,52,52,25,43,43,35,40,40,34,30,48,0,0],"gold":374,"neow_bonus":"ONE_RARE_RELIC","is_daily":false,"chose_seed":false,"campfire_upgraded":5,"win_rate":0.0,"timestamp":1608135049,"path_taken":["M","M","M","M","M","R","E","R","T","$","M","R","M","E","R","BOSS","M","M","M","?","M","R","E","R","T","M","M","R","E","M","R","BOSS"],"items_purchased_type":["Relic","Card","Potion"],"build_version":"2020-12-13","purchased_purges":1,"victory":false,"max_hp_per_floor":[63,63,63,63,63,63,63,63,63,63,63,63,63,63,63,63,63,63,63,63,63,63,63,63,63,63,63,63,63,63,63,63,63,63],"card_choices":[{"not_picked":["Catalyst","PiercingWail"],"picked":"Dagger Throw","floor":1},{"not_picked":["Flying Knee","Cloak And Dagger"],"picked":"Terror","floor":2},{"not_picked":["Reflex","Expertise","Sucker Punch"],"picked":"SKIP","floor":3},{"not_picked":["Deflect","Sucker Punch"],"picked":"Poisoned Stab","floor":4},{"not_picked":["Sucker Punch","Dagger Throw"],"picked":"Underhanded Strike","floor":5},{"not_picked":["Quick Slash","Backstab"],"picked":"Deadly Poison","floor":7},{"not_picked":["Choke","Outmaneuver"],"picked":"PiercingWail","floor":11},{"not_picked":["Slice","Concentrate","Outmaneuver"],"picked":"SKIP","floor":13},{"not_picked":["Slice","Leg Sweep"],"picked":"Dagger Spray","floor":14},{"not_picked":["Bullet Time","Envenom","Wraith Form v2"],"picked":"Corpse Explosion","floor":16},{"not_picked":["Escape Plan+1","Dagger Throw","Sucker Punch"],"picked":"Prepared+1","floor":18},{"not_picked":["Flying Knee","Deflect","Underhanded Strike+1"],"picked":"PiercingWail","floor":19},{"not_picked":["Deadly Poison","Sucker Punch","Dagger Throw"],"picked":"Concentrate","floor":20},{"not_picked":["Flying Knee+1","Poisoned Stab+1","Blur","Quick Slash+1"],"picked":"SKIP","floor":22},{"not_picked":["Poisoned Stab","Dagger Throw+1","Setup"],"picked":"Venomology","floor":24},{"not_picked":["Accuracy","Setup","Riddle With Holes"],"picked":"Catalyst","floor":27},{"not_picked":["Outmaneuver","Underhanded Strike","Dagger Spray"],"picked":"Acrobatics","floor":28},{"not_picked":["Cloak And Dagger","Noxious Fumes","Heel Hook"],"picked":"Well Laid Plans","floor":30},{"not_picked":["Backflip","Accuracy+1","PiercingWail"],"picked":"Leg Sweep","floor":31}],"player_experience":1020928,"relics_obtained":[{"floor":7,"key":"Matryoshka"},{"floor":9,"key":"Ornamental Fan"},{"floor":9,"key":"Bag of Marbles"},{"floor":14,"key":"Question Card"},{"floor":24,"key":"MawBank"},{"floor":26,"key":"Toy Ornithopter"},{"floor":26,"key":"Anchor"},{"floor":30,"key":"CaptainsWheel"}],"event_choices":[],"is_beta":false,"boss_relics":[{"not_picked":["Astrolabe","Ectoplasm"],"picked":"Pandora\u0027s Box"}],"items_purged_floors":[21],"is_endless":false,"potions_floor_spawned":[2,5,11,20,24,27,28],"killed_by":"Champ","ascension_level":7}}