{"host":"7pe9xwx78c6nlay8","time":1608138973,"event":{"mods":["BaseMod","Minty Spire (QoL Compilation)"],"gold_per_floor":[112,112,127,146,146,171,211,211,211,224,249,283,302,2,2,2,2],"floor_reached":16,"playtime":540,"items_purged":["Strike_P"],"score":176,"play_id":"145788aa-da02-4a3b-af29-73cc9528fe23","local_time":"20201217011613","is_ascension_mode":true,"campfire_choices":[{"floor":8,"key":"REST"},{"data":"DevaForm","floor":15,"key":"SMITH"}],"circlet_count":0,"master_deck":["AscendersBane","Strike_P","Strike_P","Strike_P","Defend_P","Defend_P","Defend_P","Defend_P","Eruption","Vigilance","Alpha","Evaluate","ThirdEye","Wallop","DevaForm+1","Weave"],"relics":["PureWater","Golden Idol","Spirit Poop","Bag of Preparation","Darkstone Periapt","Lizard Tail","Anchor"],"acts_visited":["Exordium"],"potions_floor_usage":[10,12],"damage_taken":[{"damage":1,"enemies":"Small Slimes","floor":1,"turns":4},{"damage":10,"enemies":"2 Louse","floor":3,"turns":3},{"damage":5,"enemies":"Cultist","floor":4,"turns":4},{"damage":13,"enemies":"Large Slime","floor":6,"turns":5},{"damage":27,"enemies":"3 Sentries","floor":7,"turns":4},{"damage":0,"enemies":"Blue Slaver","floor":10,"turns":4},{"damage":9,"enemies":"Looter","floor":11,"turns":4},{"damage":39,"enemies":"Gremlin Nob","floor":12,"turns":5},{"damage":23,"enemies":"Large Slime","floor":13,"turns":7},{"damage":29,"enemies":"The Guardian","floor":16,"turns":2}],"seed_played":"1346489062485278189","potions_obtained":[{"floor":4,"key":"LiquidMemories"},{"floor":7,"key":"Energy Potion"},{"floor":10,"key":"FairyPotion"},{"floor":12,"key":"StancePotion"}],"is_trial":false,"path_per_floor":["M","?","M","M","?","M","E","R","T","M","M","E","M","$","R","B"],"character_chosen":"WATCHER","items_purchased":["Weave","Anchor"],"campfire_rested":1,"item_purchase_floors":[14,14],"current_hp_per_floor":[64,64,54,49,49,36,9,29,29,29,20,4,18,18,18,0,0],"gold":2,"neow_bonus":"THREE_RARE_CARDS","is_daily":false,"chose_seed":false,"campfire_upgraded":1,"win_rate":0.0,"timestamp":1608138973,"path_taken":["M","?","M","M","?","M","E","R","T","?","M","E","M","$","R","BOSS"],"items_purchased_type":["Card","Relic"],"build_version":"2020-12-13","purchased_purges":1,"victory":false,"max_hp_per_floor":[72,67,67,67,67,67,67,67,67,67,67,67,67,67,67,67,67],"card_choices":[{"not_picked":["Blasphemy","Wish"],"picked":"Alpha","floor":0},{"not_picked":["CrushJoints","FearNoEvil"],"picked":"Evaluate","floor":1},{"not_picked":["EmptyBody","EmptyFist"],"picked":"ThirdEye","floor":3},{"not_picked":["FlurryOfBlows","Tantrum","BowlingBash"],"picked":"SKIP","floor":4},{"not_picked":["FollowUp","Crescendo"],"picked":"Wallop","floor":6},{"not_picked":["Meditate","Fasting2"],"picked":"DevaForm","floor":7},{"not_picked":["MentalFortress","Pray","BattleHymn"],"picked":"SKIP","floor":10},{"not_picked":["EmptyFist","Crescendo","Indignation"],"picked":"SKIP","floor":11},{"not_picked":["PathToVictory","SandsOfTime","WreathOfFlame"],"picked":"SKIP","floor":12},{"not_picked":["BowlingBash","Collect","Protect"],"picked":"SKIP","floor":13}],"player_experience":1530250,"relics_obtained":[{"floor":7,"key":"Bag of Preparation"},{"floor":9,"key":"Darkstone Periapt"},{"floor":12,"key":"Lizard Tail"}],"event_choices":[{"damage_healed":0,"gold_gain":0,"player_choice":"Lose Max HP","damage_taken":0,"relics_obtained":["Golden Idol"],"max_hp_gain":0,"max_hp_loss":5,"event_name":"Golden Idol","floor":2,"gold_loss":0},{"cards_removed":["Normality"],"damage_healed":0,"gold_gain":0,"player_choice":"Offered Curse","damage_taken":0,"relics_obtained":["Spirit Poop"],"max_hp_gain":0,"max_hp_loss":0,"event_name":"Bonfire Elementals","floor":5,"gold_loss":0}],"is_beta":false,"boss_relics":[],"items_purged_floors":[14],"is_endless":false,"potions_floor_spawned":[4,7,10,12],"killed_by":"The Guardian","ascension_level":11}}