{"host":"ipcfr4ajj2jkxvg7","time":1608125575,"event":{"mods":["BaseMod","Colored Powertips","GifTheSpireLib","Marisa（F雨　魔理沙）","Minty Spire (QoL Compilation)","Quick Restart","Remilia（蕾米莉亚）","Replay The Spire","RumiaBox-露米娅的神秘盒子","StSLib"],"gold_per_floor":[115,134,134,151,168,202,202,231,231,246,246,278,290,290,290,290,290],"floor_reached":16,"playtime":357,"items_purged":[],"score":159,"play_id":"01a5cac4-ee5e-4390-9bdd-7c3c03a60639","local_time":"20201216213255","is_ascension_mode":true,"campfire_choices":[{"floor":7.0,"key":"REST"},{"floor":11.0,"key":"REST"},{"floor":15.0,"key":"REST"}],"circlet_count":0,"master_deck":["Strike_MRS","Strike_MRS","Strike_MRS","Defend_MRS","Defend_MRS","Defend_MRS","Defend_MRS","MasterSpark","UpSweep","ManaConvection","PropBag","PowerUp","SuperNova","WitchLeyline","PropBag"],"relics":["MiniHakkero","NeowsBlessing","AddBug","SecretRecord","SecretRecord","SecretRecord"],"acts_visited":["Exordium"],"potions_floor_usage":[],"damage_taken":[{"damage":0.0,"enemies":"Cultist","floor":1.0,"turns":1.0},{"damage":0.0,"enemies":"Small Slimes","floor":2.0,"turns":1.0},{"damage":0.0,"enemies":"2 Louse","floor":4.0,"turns":2.0},{"damage":6.0,"enemies":"2 Fungi Beasts","floor":5.0,"turns":2.0},{"damage":36.0,"enemies":"Gremlin Nob","floor":6.0,"turns":4.0},{"damage":40.0,"enemies":"Lagavulin","floor":8.0,"turns":5.0},{"damage":9.0,"enemies":"3 Louse","floor":10.0,"turns":4.0},{"damage":26.0,"enemies":"3 Sentries","floor":12.0,"turns":7.0},{"damage":0.0,"enemies":"Large Slime","floor":13.0,"turns":2.0},{"damage":0,"enemies":"Slime Boss","floor":16,"turns":3}],"seed_played":"-8497494390903834534","potions_obtained":[{"floor":2.0,"key":"Dexterity Potion"},{"floor":5.0,"key":"SneckoOil"},{"floor":6.0,"key":"DistilledChaos"},{"floor":10.0,"key":"Venom Potion"}],"is_trial":false,"path_per_floor":["M","M","?","M","M","E","R","E","T","M","R","E","M","?","R","B"],"character_chosen":"MARISA","items_purchased":[],"campfire_rested":3,"item_purchase_floors":[],"current_hp_per_floor":[68,68,73,73,67,31,55,15,15,6,30,4,4,4,28,28,28],"gold":290,"neow_bonus":"THREE_ENEMY_KILL","is_daily":false,"chose_seed":false,"campfire_upgraded":0,"win_rate":0.0,"timestamp":1608125575,"path_taken":["M","?","?","M","M","E","R","E","T","M","R","E","M","?","R","BOSS"],"items_purchased_type":[],"build_version":"2020-12-13","purchased_purges":0,"victory":false,"max_hp_per_floor":[75,75,80,80,80,80,80,80,80,80,80,80,80,80,80,80,80],"card_choices":[{"not_picked":["DC","GravityBeat"],"picked":"ManaConvection","floor":1.0},{"not_picked":["EventHorizon","LuminesStrike"],"picked":"PropBag","floor":2.0},{"not_picked":["ShootingEcho","AlicesGift"],"picked":"PowerUp","floor":4.0},{"not_picked":["SprinkleStarSeal","ShootingEcho","Robbery"],"picked":"SKIP","floor":5.0},{"not_picked":["MysteriousBeam","DoubleSpark","ShootingEcho"],"picked":"SKIP","floor":6.0},{"not_picked":["ShootingEcho","WitchLeyline"],"picked":"SuperNova","floor":8.0},{"not_picked":["GrandCross","MysteriousBeam"],"picked":"WitchLeyline","floor":10.0},{"not_picked":["ManaConvection","MysteriousBeam","AsteroidBelt"],"picked":"SKIP","floor":12.0},{"not_picked":["6A","MysteriousBeam"],"picked":"PropBag","floor":13.0}],"player_experience":375810,"relics_obtained":[{"floor":1.0,"key":"AddBug"},{"floor":6.0,"key":"SecretRecord"},{"floor":6.0,"key":"Lantern"},{"floor":8.0,"key":"Old Coin"},{"floor":9.0,"key":"CaptainsWheel"},{"floor":12.0,"key":"SecretRecord"},{"floor":12.0,"key":"Incense Burner"}],"event_choices":[{"damage_healed":0.0,"max_hp_gain":5.0,"max_hp_loss":0.0,"gold_gain":0.0,"event_name":"Big Fish","player_choice":"Donut","floor":3.0,"gold_loss":0.0,"damage_taken":0.0}],"is_beta":false,"boss_relics":[],"items_purged_floors":[],"is_endless":false,"potions_floor_spawned":[2,5,6,10],"killed_by":"Slime Boss","ascension_level":6}}