{"host":"lgs","time":1608152122,"event":{"mods":["Act Like it!","BaseMod","CapriCore","Chen","Colored Powertips","Downfall","Gensokyo","Hermit","HololiveMod","Koishi","KomeijiMod","Lobotomy","LobotomyExtend","Minty Spire (QoL Compilation)","MostiFishMod","Replay The Spire","Robot Space Explorer","Shop Mod","Spicy Shops","StSLib","The Alterego","The Dragon Tamer","The Immortal","TheWitcher","Uncapped","WarShipGirlsR/’ΩΩ¢…Ÿ≈ÆR mod","Yuri Mod","Yuyuko","noobMod"],"gold_per_floor":[99,112,134,144,169,169],"floor_reached":5,"playtime":513,"items_purged":[],"score":41,"play_id":"e6341ec3-3e99-4ef9-9689-e6bb34bbbc6a","local_time":"20201217045522","is_ascension_mode":false,"campfire_choices":[{"floor":1,"key":"RECALL"}],"circlet_count":0,"master_deck":["SnafuTest:DefaultCommonAttack","SnafuTest:DefaultCommonAttack","SnafuTest:DefaultCommonAttack","SnafuTest:BountyHunt","SnafuTest:DefaultCommonSkill","SnafuTest:DefaultCommonSkill","SnafuTest:DefaultCommonSkill","SnafuTest:SignAxii","SnafuTest:Siege","SnafuTest:MercilessReaper"],"relics":["SnafuTest:PlaceholderRelic","DaveBox","ice","FeatherPendant","LetterFromLob","Lizard Tail"],"acts_visited":["Exordium"],"potions_floor_usage":[],"damage_taken":[{"damage":11,"enemies":"Jaw Worm","floor":2,"turns":3},{"damage":6,"enemies":"Cultist","floor":3,"turns":3},{"damage":0,"enemies":"Small Slimes","floor":4,"turns":4},{"damage":15,"enemies":"Replay:BlueRogue","floor":5,"turns":3}],"seed_played":"-2875682135358554866","potions_obtained":[{"floor":2,"key":"SkillPotion"},{"floor":4,"key":"Regen Potion"}],"is_trial":false,"path_per_floor":["R","M","M","M","E"],"character_chosen":"THE_WITCHER","items_purchased":[],"campfire_rested":0,"item_purchase_floors":[],"current_hp_per_floor":[82,71,65,65,50,50],"gold":169,"neow_bonus":"TEN_PERCENT_HP_BONUS","is_daily":false,"chose_seed":false,"campfire_upgraded":0,"win_rate":0.0,"timestamp":1608152122,"path_taken":["R","M","M","M","E"],"items_purchased_type":[],"build_version":"2020-12-07","purchased_purges":0,"victory":false,"max_hp_per_floor":[82,82,82,82,82,82],"card_choices":[{"not_picked":["SnafuTest:ScholarsIntrigue","SnafuTest:PaySmithWorkshop"],"picked":"SnafuTest:GetPaid","floor":2},{"not_picked":["SnafuTest:FeignDeath","SnafuTest:PayHappyHour"],"picked":"SnafuTest:Siege","floor":3},{"not_picked":["SnafuTest:PayHappyHour","SnafuTest:BombDevilsPuffball"],"picked":"SnafuTest:MercilessReaper","floor":4},{"not_picked":["SnafuTest:SpellTelekinesis","SnafuTest:Oriole","SnafuTest:UndefeatedNarcissism"],"picked":"SKIP","floor":5},{"not_picked":["SnafuTest:SpellTelekinesis","SnafuTest:Oriole","SnafuTest:UndefeatedNarcissism"],"picked":"SKIP","floor":5}],"player_experience":328263,"relics_obtained":[{"floor":2,"key":"LetterFromLob"},{"floor":5,"key":"Lizard Tail"}],"event_choices":[],"is_beta":true,"boss_relics":[],"items_purged_floors":[],"is_endless":false,"potions_floor_spawned":[2,4],"killed_by":"Replay:BlueRogue","ascension_level":0}}