{"host":"c9m2z2wmcavfgdp8","time":1608143366,"event":{"mods":["2.2 Compatiblity","Act Like it!","Aspiration","BaseMod","Better Third Choice","Conspire","Downfall","Ekko","Elementarium","Energized Spire","Friendly Minions","GifTheSpireLib","Hallownest","Hermit","Hubris","Infinite Spire","Jorbs\u0027s Wanderer Trilogy","Koishi","Luminous","Marisa????????","Menagerie","Minty Spire (QoL Compilation)","Pale of the Ancients","Permanent Neow","Potionbrewer","Prisma Mod","READ ME - Guardian Mod","Remilia??????","Replay The Spire","SCP261 Mod","Shop Mod","StSLib","The Animator","The Blackbeard","The Bug Knight","The Cursed","The Death Knight","The Disciple","The Exalted","The Hierophant","The Necromancer","The Servant 0.9.4","TheBandit","TheFirefly"],"gold_per_floor":[99,111,145,159,257,277,277,277,304,304,320,320,13,26,38,38,38],"floor_reached":16,"playtime":1124,"items_purged":[],"score":112,"play_id":"9fe03b53-cf14-4a2e-9d49-5e6a258fb3a7","local_time":"20201216192926","is_ascension_mode":false,"campfire_choices":[{"floor":1,"key":"RECALL"},{"data":"Cloudkill","floor":8,"key":"SMITH"},{"data":"Bone_Prison","floor":10,"key":"SMITH"}],"circlet_count":0,"master_deck":["Strike_W","Strike_W","Strike_W","Strike_W","Defend_W","Defend_W","Defend_W","Defend_W","Negative_Energy_Arrows","Bone_Wall","Bone_Bullets","Cloudkill+1","Bone_Armory","Negative_Energy_Burst","Consume_Illness","Bone_Prison+1","Necrotic_Claws","Pot Of Greed","Pot Of Greed","Vampiric_Strike","Summon_Death_Knight","Bone_Prison","Life_Drain"],"relics":["Vampire_Amulet","MealTicket","Mango","Gremlin Horn","Grinning Jar","Omamori","Matryoshka"],"acts_visited":["Exordium"],"potions_floor_usage":[11,16,16],"damage_taken":[{"damage":0,"enemies":"Cultist","floor":2,"turns":4},{"damage":23,"enemies":"Gremlin Nob","floor":3,"turns":5},{"damage":0,"enemies":"Small Slimes","floor":4,"turns":4},{"damage":9,"enemies":"2 Louse","floor":6,"turns":2},{"damage":23,"enemies":"3 Sentries","floor":9,"turns":5},{"damage":0,"enemies":"Exordium Wildlife","floor":11,"turns":4},{"damage":0,"enemies":"downfall:FleeingMerchant","floor":13,"turns":4},{"damage":7,"enemies":"Lots of Slimes","floor":14,"turns":4},{"damage":0,"enemies":"Blue Slaver","floor":15,"turns":4},{"damage":58,"enemies":"downfall:Defect","floor":16,"turns":7}],"seed_played":"2973372773731685352","potions_obtained":[{"floor":2,"key":"SCP261:BlastolaColaPotion"},{"floor":15,"key":"Guardian:BlockOnCardUsePotion"}],"is_trial":false,"path_per_floor":["R","M","E","M","?","M","T","R","E","R","M","?","$","M","M","B"],"character_chosen":"NECROMANCER","items_purchased":["Matryoshka","SpeedPotion"],"campfire_rested":0,"item_purchase_floors":[13,13],"current_hp_per_floor":[75,75,68,72,50,45,45,45,28,28,32,25,42,47,51,0,0],"gold":38,"neow_bonus":"RANDOM_COMMON_RELIC","is_daily":false,"chose_seed":false,"campfire_upgraded":2,"win_rate":0.0,"timestamp":1608143366,"path_taken":["R","M","E","?","?","M","T","R","E","R","M","?","$","?","M","BOSS"],"items_purchased_type":["Relic","Potion"],"build_version":"2020-12-13","purchased_purges":0,"victory":false,"max_hp_per_floor":[75,75,89,89,89,89,89,89,89,89,89,89,89,89,89,89,89],"card_choices":[{"not_picked":["Death_Coil","Negative_Energy_Mist"],"picked":"Bone_Bullets","floor":2},{"not_picked":["Necromantic_Selection","Bone_Spikes"],"picked":"Cloudkill","floor":3},{"not_picked":["Vampiric_Strike","Consume_Illness"],"picked":"Bone_Armory","floor":4},{"not_picked":["Pandemic","Finger_Of_Death"],"picked":"Negative_Energy_Burst","floor":5},{"not_picked":["Bone_Bullets","Blood_for_Blood"],"picked":"Consume_Illness","floor":5},{"not_picked":["Epidemic","Blood_for_Blood"],"picked":"Bone_Prison","floor":5},{"not_picked":["Vampiric_Strike","Negative_Energy_Shield"],"picked":"Necrotic_Claws","floor":6},{"not_picked":["Bone_Armor","Chill_Blood"],"picked":"Vampiric_Strike","floor":9},{"not_picked":["Toxic_Smoke_Screen","Scare"],"picked":"Summon_Death_Knight","floor":11},{"not_picked":["Vampiric_Strike","Toxic_Smoke_Screen"],"picked":"Bone_Prison","floor":13},{"not_picked":["Chill_Blood","Death_Coil","Blood_Curse"],"picked":"SKIP","floor":14},{"not_picked":["Requiem","Blood_Curse"],"picked":"Life_Drain","floor":15}],"player_experience":1636168,"relics_obtained":[{"floor":3,"key":"Mango"},{"floor":7,"key":"Gremlin Horn"},{"floor":9,"key":"Grinning Jar"}],"event_choices":[{"damage_healed":0,"gold_gain":0,"player_choice":"Relic ","damage_taken":7,"max_hp_gain":0,"max_hp_loss":0,"event_name":"betterThird:BetterScrap","floor":12,"gold_loss":0,"cards_obtained":["Sentinel"]}],"is_beta":false,"boss_relics":[],"items_purged_floors":[],"is_endless":false,"potions_floor_spawned":[2,15],"killed_by":"downfall:Defect","ascension_level":0}}