{"host":"ad1lywlk73qplbjq","time":1608157761,"event":{"mods":["AchievementEnabler","BaseMod","Curses Come First","Downfall","Minty Spire (QoL Compilation)","StSLib","The Necromancer"],"gold_per_floor":[99,134,134,134,151,161,187,187,219,144,144,164,183,198,214,312,312,162,178,278,278,288,14,14,44,344,344,354,373,386,399,414,512,512,512,532,582,582,628,628,628,653,653,681,681,222,52,65,80,80,80,111,28,28,28],"floor_reached":56,"playtime":7086,"items_purged":["sneckomod:Strike","sneckomod:Defend","sneckomod:Defend"],"score":1760,"play_id":"658eacb8-5aaa-49b8-b357-1fbc3de4be5c","local_time":"20201216232921","is_ascension_mode":false,"campfire_choices":[{"data":"sneckomod:SnekBite","floor":1.0,"key":"SMITH"},{"data":"sneckomod:SerpentMind","floor":8.0,"key":"SMITH"},{"floor":10.0,"key":"RECALL"},{"data":"sneckomod:Restock","floor":18.0,"key":"SMITH"},{"data":"sneckomod:UnknownRareAttack","floor":21.0,"key":"SMITH"},{"data":"expansioncontent:StudyTheSpire","floor":27.0,"key":"SMITH"},{"data":"sneckomod:WideSting","floor":35.0,"key":"SMITH"},{"data":"sneckomod:DangerNoodle","floor":38.0,"key":"SMITH"},{"data":"sneckomod:CheapStock","floor":40,"key":"SMITH"},{"floor":43,"key":"REST"},{"floor":54,"key":"REST"}],"circlet_count":0,"master_deck":["sneckomod:Defend","sneckomod:TailWhip","sneckomod:SnekBite+1","sneckomod:Unknown+2","sneckomod:Unknown+1","sneckomod:TrashToTreasure","sneckomod:TrashToTreasure","sneckomod:SerpentMind+1","sneckomod:Restock+1","sneckomod:UnknownClassHEXA_GHOST_PURPLE","sneckomod:DefensiveFlair+1","sneckomod:UnknownClassGREEN+2","sneckomod:UnknownCommonAttack","sneckomod:UnknownRareAttack+1","sneckomod:UnknownEthereal+2","J.A.X.","sneckomod:UnknownClassSLIMEBOUND","sneckomod:IronFang+1","sneckomod:UnknownClassHEXA_GHOST_PURPLE+1","sneckomod:UnknownClassGREEN+1","sneckomod:UnknownCommonAttack+2","expansioncontent:StudyTheSpire+1","hexamod:SixthSeal","sneckomod:Unknown0Cost+1","sneckomod:SlitherStrike+1","sneckomod:CheapStock+1","sneckomod:WideSting+1","sneckomod:TrashToTreasure","sneckomod:UnknownRareSkill","sneckomod:DangerNoodle+1","sneckomod:MorePower","sneckomod:UnknownExhaust+1","sneckomod:UnknownRareAttack+1","sneckomod:UnknownRarePower+1","expansioncontent:StudyTheSpire","sneckomod:SerpentMind+1","Master of Strategy+1","sneckomod:UnknownRareSkill+1","sneckomod:UnknownClassWHITE+1","expansioncontent:LastStand"],"relics":["sneckomod:SneckoSoul","downfall:HeartsMalice","MealTicket","Oddly Smooth Stone","Vajra","downfall:HeartBlessingGreen","Sozu","downfall:HeartBlessingRed","downfall:HeartBlessingBlue","MutagenicStrength","Mummified Hand","White Beast Statue","Old Coin","Bag of Preparation","Black Star","sneckomod:UnknownEgg","Incense Burner","FossilizedHelix","Gremlin Horn","Torii","Ginger","War Paint","DollysMirror","Blood Vial","Ornamental Fan"],"acts_visited":["Exordium","TheCity","TheBeyond","TheEnding"],"potions_floor_usage":[],"damage_taken":[{"damage":0.0,"enemies":"Gremlin Nob","floor":2.0,"turns":1.0},{"damage":0.0,"enemies":"Cultist","floor":3.0,"turns":1.0},{"damage":0.0,"enemies":"2 Louse","floor":4.0,"turns":1.0},{"damage":3.0,"enemies":"Jaw Worm","floor":5.0,"turns":2.0},{"damage":9.0,"enemies":"Large Slime","floor":6.0,"turns":7.0},{"damage":27.0,"enemies":"Lagavulin","floor":9.0,"turns":9.0},{"damage":12.0,"enemies":"Gremlin Gang","floor":12.0,"turns":5.0},{"damage":10.0,"enemies":"3 Louse","floor":13.0,"turns":2.0},{"damage":0.0,"enemies":"Red Slaver","floor":14.0,"turns":4.0},{"damage":0.0,"enemies":"Large Slime","floor":15.0,"turns":5.0},{"damage":0.0,"enemies":"downfall:Watcher","floor":16.0,"turns":4.0},{"damage":3.0,"enemies":"Shell Parasite","floor":19.0,"turns":4.0},{"damage":12.0,"enemies":"downfall:Augmenter","floor":20.0,"turns":5.0},{"damage":9.0,"enemies":"Shelled Parasite and Fungi","floor":22.0,"turns":2.0},{"damage":7.0,"enemies":"downfall:FleeingMerchant","floor":23.0,"turns":4.0},{"damage":30.0,"enemies":"Slavers","floor":25.0,"turns":3.0},{"damage":9.0,"enemies":"Chosen and Byrds","floor":28.0,"turns":5.0},{"damage":6.0,"enemies":"downfall:FleeingMerchant","floor":29.0,"turns":2.0},{"damage":5.0,"enemies":"Snake Plant","floor":30.0,"turns":2.0},{"damage":3.0,"enemies":"Shelled Parasite and Fungi","floor":31.0,"turns":2.0},{"damage":3.0,"enemies":"Centurion and Healer","floor":32.0,"turns":2.0},{"damage":32.0,"enemies":"downfall:Ironclad","floor":33.0,"turns":5.0},{"damage":14.0,"enemies":"3 Shapes","floor":36.0,"turns":2.0},{"damage":32.0,"enemies":"Mind Bloom Boss Battle","floor":37.0,"turns":4.0},{"damage":45,"enemies":"2 Orb Walkers","floor":39,"turns":5},{"damage":0,"enemies":"Giant Head","floor":42,"turns":5},{"damage":0,"enemies":"Reptomancer","floor":44,"turns":3},{"damage":0,"enemies":"Orb Walker","floor":48,"turns":2},{"damage":15,"enemies":"Sphere and 2 Shapes","floor":49,"turns":3},{"damage":28,"enemies":"downfall:Silent","floor":50,"turns":4},{"damage":82,"enemies":"downfall:CharBossMerchant","floor":52,"turns":9},{"damage":21,"enemies":"downfall:NeowBoss","floor":55,"turns":9}],"seed_played":"1651629117106961237","potions_obtained":[{"floor":5.0,"key":"BlessingOfTheForge"},{"floor":6.0,"key":"Dexterity Potion"},{"floor":13.0,"key":"Explosive Potion"},{"floor":16.0,"key":"FearPotion"}],"is_trial":false,"path_per_floor":["R","E","M","M","M","M","T","R","E","R","T","M","M","M","M","B",null,"R","M","?","R","M","$","T","E","?","R","M","$","M","M","M","B",null,"R","M","?","R","?","R","T","E","R","E","?","$","$","M","M","B",null,"E","$","R","B",null],"character_chosen":"THE_SNECKO","items_purchased":["expansioncontent:StudyTheSpire","Bag of Preparation","sneckomod:WideSting","expansioncontent:StudyTheSpire","DollysMirror","Master of Strategy","expansioncontent:LastStand"],"campfire_rested":2,"item_purchase_floors":[23,29,29,46,46,47,53],"current_hp_per_floor":[90,90,90,90,87,78,78,78,51,51,51,40,30,31,32,33,94,104,105,95,95,87,100,100,75,75,75,89,98,93,90,88,71,115,115,101,69,69,24,24,24,25,59,61,61,76,91,91,77,51,119,38,53,89,70],"gold":28,"neow_bonus":"THREE_ENEMY_KILL","is_daily":false,"chose_seed":false,"campfire_upgraded":8,"win_rate":0.0,"timestamp":1608157761,"path_taken":["R","E","M","M","M","M","T","R","E","R","?","M","M","M","M","BOSS","R","M","?","R","M","$","T","E","?","R","M","$","M","M","M","BOSS","R","M","?","R","?","R","T","E","R","E","?","$","$","M","M","BOSS","E","$","R","BOSS"],"items_purchased_type":["Card","Relic","Card","Card","Relic","Card","Card"],"build_version":"2020-12-13","purchased_purges":3,"victory":true,"max_hp_per_floor":[90,90,90,90,90,90,90,90,90,90,90,91,91,92,93,94,94,104,105,107,107,108,109,109,114,114,114,114,114,114,114,115,115,115,115,115,115,115,115,115,115,116,116,118,118,118,118,118,119,119,119,120,120,120,120],"card_choices":[{"not_picked":["sneckomod:UnknownUncommonSkill","sneckomod:SoulRoll"],"picked":"sneckomod:TrashToTreasure","floor":2.0},{"not_picked":["sneckomod:UnknownCommonSkill","sneckomod:WideSting"],"picked":"sneckomod:TrashToTreasure","floor":3.0},{"not_picked":["sneckomod:DiceCrush","sneckomod:Nope","sneckomod:RainOfDice"],"picked":"SKIP","floor":4.0},{"not_picked":["sneckomod:UnknownClassRED","sneckomod:Unknown1Cost"],"picked":"sneckomod:SerpentMind","floor":5.0},{"not_picked":["sneckomod:SoulRoll","sneckomod:RainOfDice","sneckomod:SnakeSap"],"picked":"SKIP","floor":6.0},{"not_picked":["sneckomod:UnknownExhaust","sneckomod:Nope"],"picked":"sneckomod:Restock","floor":9.0},{"not_picked":["sneckomod:UnknownBlock","sneckomod:SnakeSap"],"picked":"sneckomod:UnknownClassHEXA_GHOST_PURPLE","floor":12.0},{"not_picked":["sneckomod:DiceCrush","sneckomod:Unknown1Cost"],"picked":"sneckomod:DefensiveFlair","floor":13.0},{"not_picked":["sneckomod:UnknownWeak","sneckomod:UnknownBlock"],"picked":"sneckomod:UnknownClassGREEN","floor":14.0},{"not_picked":["sneckomod:QuickBite","sneckomod:QuickMove"],"picked":"sneckomod:UnknownCommonAttack","floor":15.0},{"not_picked":["sneckomod:UnlimitedRolls","sneckomod:DangerNoodle"],"picked":"sneckomod:UnknownRareAttack","floor":16.0},{"not_picked":["sneckomod:MasterEye","sneckomod:Nope"],"picked":"sneckomod:UnknownEthereal","floor":19.0},{"not_picked":[],"picked":"J.A.X.","floor":20.0},{"not_picked":["sneckomod:Unknown1Cost","sneckomod:UnknownStrike+1"],"picked":"sneckomod:UnknownClassSLIMEBOUND","floor":20.0},{"not_picked":["sneckomod:SoulCleanse+1","sneckomod:UnknownEthereal"],"picked":"sneckomod:UnknownClassGREEN+1","floor":22.0},{"not_picked":["sneckomod:RainOfDice","sneckomod:SoulRoll+1"],"picked":"sneckomod:UnknownCommonAttack","floor":23.0},{"not_picked":["hexamod:FourthSeal","hexamod:SecondSeal"],"picked":"hexamod:SixthSeal","floor":25.0},{"not_picked":["sneckomod:UnknownEthereal","sneckomod:UnknownStrike"],"picked":"sneckomod:Unknown0Cost+1","floor":25.0},{"not_picked":["sneckomod:RainOfDice","sneckomod:UnknownCommonAttack+1"],"picked":"sneckomod:SlitherStrike+1","floor":28.0},{"not_picked":["sneckomod:UnknownEthereal+1","sneckomod:RainOfDice"],"picked":"sneckomod:CheapStock","floor":29.0},{"not_picked":["sneckomod:IronFang+1","sneckomod:DiceCrush"],"picked":"sneckomod:TrashToTreasure","floor":30.0},{"not_picked":["sneckomod:UnknownX","sneckomod:SlitherStrike","sneckomod:WideSting"],"picked":"SKIP","floor":31.0},{"not_picked":["sneckomod:SnakeSap","sneckomod:UnknownUncommonSkill"],"picked":"sneckomod:UnknownRareSkill","floor":32.0},{"not_picked":["sneckomod:SerpentMind","sneckomod:MorePower"],"picked":"sneckomod:DangerNoodle","floor":33.0},{"not_picked":["sneckomod:Nope+1","sneckomod:TrashToTreasure+1","sneckomod:ImprovisedGuard+1"],"picked":"SKIP","floor":36.0},{"not_picked":["sneckomod:WideSting","sneckomod:DiceCrush+1"],"picked":"sneckomod:MorePower","floor":39},{"not_picked":["sneckomod:UnknownCommonSkill+1","sneckomod:UnknownVulnerable+1"],"picked":"sneckomod:UnknownExhaust+1","floor":42},{"not_picked":["sneckomod:IronFang+1","sneckomod:QuickMove+1","sneckomod:UnknownWeak+1"],"picked":"SKIP","floor":42},{"not_picked":["sneckomod:UnknownCommonAttack+1","sneckomod:UnknownStrike+1"],"picked":"sneckomod:UnknownRareAttack+1","floor":44},{"not_picked":["sneckomod:Nope","sneckomod:UnknownClassBLUE+1"],"picked":"sneckomod:UnknownRarePower+1","floor":44},{"not_picked":["sneckomod:IronFang+1","sneckomod:DiceBoulder","sneckomod:Unknown1Cost+1"],"picked":"SKIP","floor":48},{"not_picked":["sneckomod:UnknownVulnerable+1","sneckomod:Unknown2Cost+1"],"picked":"sneckomod:UnknownRareSkill+1","floor":49},{"not_picked":["sneckomod:UnknownUncommonSkill+1","sneckomod:Unknown2Cost+1"],"picked":"sneckomod:UnknownClassWHITE+1","floor":52},{"not_picked":["sneckomod:Mudshield","sneckomod:SnakeSap","sneckomod:UnknownClassBLUE+1"],"picked":"SKIP","floor":52}],"player_experience":179206,"relics_obtained":[{"floor":2.0,"key":"MealTicket"},{"floor":7.0,"key":"Oddly Smooth Stone"},{"floor":9.0,"key":"Vajra"},{"floor":20.0,"key":"MutagenicStrength"},{"floor":24.0,"key":"Mummified Hand"},{"floor":25.0,"key":"White Beast Statue"},{"floor":37.0,"key":"sneckomod:UnknownEgg"},{"floor":39,"key":"Incense Burner"},{"floor":41,"key":"FossilizedHelix"},{"floor":42,"key":"Gremlin Horn"},{"floor":42,"key":"Torii"},{"floor":44,"key":"Ginger"},{"floor":44,"key":"War Paint"},{"floor":52,"key":"Blood Vial"},{"floor":52,"key":"Ornamental Fan"}],"event_choices":[{"damage_healed":0,"gold_gain":0,"player_choice":"Fight","damage_taken":0,"max_hp_gain":0,"max_hp_loss":0,"event_name":"Mysterious Sphere","floor":39,"gold_loss":0}],"is_beta":false,"boss_relics":[{"not_picked":["Empty Cage","Calling Bell"],"picked":"Sozu"},{"not_picked":["Philosopher\u0027s Stone","Busted Crown"],"picked":"Black Star"}],"items_purged_floors":[23,29,46],"is_endless":false,"potions_floor_spawned":[5,6,13,16,19,22,25,28,29,30,31,32,33,36,39,48,49],"ascension_level":0}}