{"host":"faxec7zdkweurczj","time":1608126588,"event":{"mods":["Ascension Reborn","BaseMod","Colored Powertips","Conspire","Highlight Path","Minty Spire (QoL Compilation)","Replay The Spire","Shop Mod","StSLib","TestMod","[IsaacMod]以撒尖塔","vexMod","篝火指南"],"gold_per_floor":[122,145,32,52,64,95,95,114,114,138,169,379,379,402,402,520,520,538,538,562,562,622,663,454,454,454,325,325,343,380,209,209,331,331,345,345,368,180,202,238,238,311,311,311,100,132,151,188,188,188,188,188,2,44,44,44],"floor_reached":55,"playtime":1897,"items_purged":["Strike_B+1","Strike_B+1","Strike_B+1","Strike_B+1","Doubt","Defend_B+1","Dualcast+1"],"score":175,"play_id":"dfee6dd4-988d-46a5-8d35-d36d999bfeec","local_time":"20201216214948","is_ascension_mode":true,"campfire_choices":[{"data":"Beam Cell","floor":7,"key":"SMITH"},{"data":"All For One","floor":13,"key":"SMITH"},{"floor":15,"key":"RECALL"},{"data":"Hologram","floor":25,"key":"SMITH"},{"data":"Streamline","floor":32,"key":"SMITH"},{"data":"Echo Form","floor":44,"key":"SMITH"},{"data":"All For One","floor":49,"key":"SMITH"},{"data":"Conserve Battery","floor":52,"key":"SMITH"}],"circlet_count":0,"master_deck":["Defend_B+1","Defend_B+1","Defend_B+1","Zap+1","Sweeping Beam+1","Go for the Eyes+1","All For One+1","Beam Cell+1","Conserve Battery+1","Streamline+1","Beam Cell","FTL","Hologram+1","Necronomicurse","Beam Cell+1","Steam","Go for the Eyes","Defragment+1","Streamline+1","Steam+1","Capacitor","Capacitor","Echo Form+1","Beam Cell+1","Steam+1","Gash+1","Conserve Battery+1","Beam Cell+1","Reprogram+1","Loop","Pot Of Greed+1","Pot Of Greed+1","Pot Of Greed+1","Redo+1","All For One+1","Coolheaded+1","Coolheaded+1","Heatsinks","Pot Of Greed+1","Go for the Eyes+1"],"relics":["Cracked Core","testmod-TestBox","HushsDoor","testmod-Brilliant","BookofShadows","NeowsBlessing","DeathBook","Pet Ghost","Bottled Flame","MoneyPower","testmod-BatchProcessingSystem","Necronomicon","Bronze Scales","Replay:Accelerometer","Membership Card","Toxic Egg 2","BelialBook","Gambling Chip","conspire:SpecialSausage","Replay:Wax Seal","Runic Capacitor","Garlic","Ginger","Mirror","MerchantsRug","Grinning Jar","DataDisk","Pen Nib","Pear","SalivaCoin"],"acts_visited":["Exordium","TheCity","TheBeyond","TheEnding"],"potions_floor_usage":[16,18,45,55,55,55,55,55,55,55,55,55,55,55,55],"damage_taken":[{"damage":0,"enemies":"Small Slimes","floor":1,"turns":1},{"damage":0,"enemies":"2 Louse","floor":2,"turns":1},{"damage":0,"enemies":"Cultist","floor":4,"turns":1},{"damage":0,"enemies":"Blue Slaver","floor":5,"turns":1},{"damage":0,"enemies":"3 Sentries","floor":6,"turns":2},{"damage":0,"enemies":"Large Slime","floor":8,"turns":2},{"damage":0,"enemies":"Looter","floor":10,"turns":1},{"damage":0,"enemies":"Lagavulin","floor":11,"turns":2},{"damage":0,"enemies":"Red Slaver","floor":14,"turns":1},{"damage":0,"enemies":"The Guardian","floor":16,"turns":5},{"damage":0,"enemies":"conspire:FuzzyDice","floor":18,"turns":1},{"damage":0,"enemies":"Spheric Guardian","floor":20,"turns":1},{"damage":0,"enemies":"Hiden Room Battle","floor":22,"turns":1},{"damage":12,"enemies":"Replay:Snechameleon","floor":23,"turns":2},{"damage":0,"enemies":"Shelled Parasite and Fungi","floor":29,"turns":1},{"damage":0,"enemies":"Slavers","floor":30,"turns":1},{"damage":3,"enemies":"Champ","floor":33,"turns":4},{"damage":0,"enemies":"3 Shapes","floor":35,"turns":1},{"damage":0,"enemies":"Orb Walker","floor":37,"turns":1},{"damage":0,"enemies":"Sphere and 2 Shapes","floor":39,"turns":1},{"damage":0,"enemies":"Giant Head","floor":40,"turns":1},{"damage":0,"enemies":"R_Hoarder","floor":46,"turns":2},{"damage":0,"enemies":"Transient","floor":47,"turns":5},{"damage":0,"enemies":"conspire:MimicChest","floor":48,"turns":1},{"damage":0,"enemies":"conspire:OrnateMirror","floor":50,"turns":2},{"damage":0,"enemies":"Shield and Spear","floor":54,"turns":4},{"damage":0,"enemies":"Delirium","floor":55,"turns":2}],"seed_played":"-131197036427046043","potions_obtained":[{"floor":1,"key":"FairyPotion"},{"floor":4,"key":"AttackPotion"},{"floor":5,"key":"Block Potion"},{"floor":16,"key":"Ancient Potion"},{"floor":16,"key":"DuplicationPotion"},{"floor":18,"key":"testmod-SpacePotion"},{"floor":22,"key":"CultistPotion"},{"floor":23,"key":"Dexterity Potion"},{"floor":30,"key":"Adrenaline Potion"},{"floor":33,"key":"Dexterity Potion"},{"floor":46,"key":"SteroidPotion"},{"floor":47,"key":"Strength Potion"},{"floor":54,"key":"Strength Potion"}],"is_trial":false,"path_per_floor":["M","M","$","M","M","E","R","M","T","M","E","?","R","M","R","B",null,"M","?","M","?","?","E","$","R","T","$","?","M","E","$","R","B",null,"M","?","M","$","M","E","?","?","T","R","$","E","M","?","R","B",null,"R","$","E","B"],"character_chosen":"DEFECT","items_purchased":["All For One","FTL","Membership Card","Steam","Go for the Eyes","Defragment+1","BelialBook","EntropicBrew","Steam+1","Capacitor","Replay:Wax Seal","Runic Capacitor","MerchantsRug","testmod-SpacePotion","Dexterity Potion","Beam Cell+1","Reprogram+1","Loop","Grinning Jar","Pen Nib","Pear","Coolheaded+1","Heatsinks"],"campfire_rested":0,"item_purchase_floors":[3,17,24,24,24,24,27,31,31,31,38,38,45,45,45,45,45,45,45,53,53,53,53],"current_hp_per_floor":[79,79,79,79,79,79,79,79,79,79,79,79,79,79,79,83,75,75,75,75,59,59,47,47,47,47,47,47,47,47,47,47,50,79,79,79,79,79,79,79,79,64,64,64,71,71,71,71,71,77,83,83,93,93,93,93],"gold":44,"neow_bonus":"THREE_ENEMY_KILL","is_daily":false,"chose_seed":false,"campfire_upgraded":7,"win_rate":0.0,"timestamp":1608126588,"path_taken":["M","M","$","M","M","E","R","M","T","M","E","?","R","M","R","BOSS","M","?","?","?","?","E","$","R","T","$","?","?","E","$","R","BOSS","M","?","M","$","M","E","?","?","T","R","?","E","M","?","R","BOSS","R","$","E","BOSS"],"items_purchased_type":["Card","Card","Relic","Card","Card","Card","Relic","Potion","Card","Card","Relic","Relic","Relic","Potion","Potion","Card","Card","Card","Relic","Relic","Relic","Card","Card"],"build_version":"2020-12-13","purchased_purges":7,"victory":false,"max_hp_per_floor":[79,79,79,79,79,79,79,79,79,79,79,79,79,79,79,83,75,75,75,75,75,75,75,75,75,75,75,75,75,75,75,75,79,79,79,79,79,79,79,79,79,79,79,79,79,79,79,79,79,83,83,83,93,93,93,93],"card_choices":[{"not_picked":["Steam","Stack"],"picked":"Sweeping Beam+1","floor":1},{"not_picked":["Rebound","Barrage"],"picked":"Go for the Eyes+1","floor":2},{"not_picked":["Redo","Reboot"],"picked":"Beam Cell","floor":4},{"not_picked":["ReplayGash","Heatsinks","Stack"],"picked":"SKIP","floor":5},{"not_picked":["Panic Button","Aggregate"],"picked":"Conserve Battery","floor":6},{"not_picked":["Storm","Lockon"],"picked":"Streamline+1","floor":6},{"not_picked":["Self Repair+1","Biased Cognition"],"picked":"Capacitor","floor":8},{"not_picked":["Undo","Panic Button","conspire:SharedLibrary"],"picked":"SKIP","floor":10},{"not_picked":["Coolheaded","Consume"],"picked":"Beam Cell","floor":11},{"not_picked":["Panic Button+1","Cold Snap","Aggregate+1"],"picked":"SKIP","floor":11},{"not_picked":["Heatsinks","BasicCrystalCard"],"picked":"Bomb","floor":14},{"not_picked":["Lockon+1","Melter+1","Leap"],"picked":"SKIP","floor":18},{"not_picked":["Conserve Battery","Barrage"],"picked":"Hologram","floor":20},{"not_picked":["Amplify","Barrage"],"picked":"Beam Cell+1","floor":23},{"not_picked":["Panic Button+1","Hologram+1"],"picked":"Streamline","floor":29},{"not_picked":["Barrage+1","Turbo+1","Compile Driver"],"picked":"SKIP","floor":30},{"not_picked":["Hyperbeam","Rainbow+1"],"picked":"Echo Form","floor":33},{"not_picked":["Skim+1","Redo+1"],"picked":"Beam Cell+1","floor":35},{"not_picked":["Leap+1","Hello World"],"picked":"Steam+1","floor":37},{"not_picked":["Leap+1","Streamline+1"],"picked":"Gash+1","floor":39},{"not_picked":["Heatsinks","Meteor Strike"],"picked":"Conserve Battery+1","floor":40},{"not_picked":["BootSequence+1","Leap+1","ReplaySolidLightProjector+1"],"picked":"SKIP","floor":46},{"not_picked":["Steam+1","Stack+1"],"picked":"Redo+1","floor":47},{"not_picked":["BasicCrystalCard+1","Ball Lightning"],"picked":"All For One","floor":48},{"not_picked":["Redo+1","Time Bomb+1"],"picked":"Go for the Eyes+1","floor":54}],"player_experience":1226972,"relics_obtained":[{"floor":6,"key":"DeathBook"},{"floor":8,"key":"Pet Ghost"},{"floor":9,"key":"Bottled Flame"},{"floor":11,"key":"GnawedLeaf"},{"floor":16,"key":"MoneyPower"},{"floor":21,"key":"Necronomicon"},{"floor":22,"key":"White Beast Statue"},{"floor":22,"key":"Bronze Scales"},{"floor":23,"key":"Replay:Accelerometer"},{"floor":26,"key":"Toy Ornithopter"},{"floor":26,"key":"Toxic Egg 2"},{"floor":30,"key":"Potion Belt"},{"floor":33,"key":"Gambling Chip"},{"floor":40,"key":"Garlic"},{"floor":43,"key":"Ginger"},{"floor":43,"key":"Mirror"},{"floor":46,"key":"DataDisk"},{"floor":48,"key":"SharpPlug"},{"floor":54,"key":"SalivaCoin"}],"event_choices":[{"damage_healed":0,"gold_gain":175,"player_choice":"AGREE","damage_taken":0,"max_hp_gain":0,"max_hp_loss":0,"event_name":"Liars Game","floor":12,"gold_loss":0,"cards_obtained":["Doubt"]},{"damage_healed":0,"gold_gain":0,"player_choice":"Obtained Book","damage_taken":16,"max_hp_gain":0,"max_hp_loss":0,"event_name":"Cursed Tome","floor":21,"gold_loss":0},{"damage_healed":0,"gold_gain":0,"player_choice":"Fight","damage_taken":0,"max_hp_gain":0,"max_hp_loss":0,"event_name":"HidenRoomEvent","floor":22,"gold_loss":0},{"damage_healed":0,"gold_gain":0,"player_choice":"Got Potions","damage_taken":0,"max_hp_gain":0,"max_hp_loss":0,"event_name":"Lab","floor":28,"gold_loss":0},{"damage_healed":0,"gold_gain":0,"player_choice":"Ignored","damage_taken":0,"max_hp_gain":0,"max_hp_loss":0,"event_name":"给自己的盒子","floor":36,"gold_loss":0},{"cards_removed":["Capacitor"],"damage_healed":0,"gold_gain":0,"player_choice":"Removed Power","damage_taken":0,"max_hp_gain":0,"max_hp_loss":0,"event_name":"Falling","floor":41,"gold_loss":0}],"is_beta":false,"boss_relics":[{"not_picked":["Runic Dome","Replay:Drink Me"],"picked":"testmod-BatchProcessingSystem"},{"not_picked":[]},{"not_picked":["testmod-Prudence","Inserter"],"picked":"conspire:SpecialSausage"},{"not_picked":[]}],"items_purged_floors":[17,24,27,31,38,45,53],"is_endless":false,"potions_floor_spawned":[8,10,14,16,18,20,23,29,30,33,35,37,39,46,47,48,54],"killed_by":"Delirium","ascension_level":-20}}