{"host":"8oad2sh1i7kph5eo","time":1608113109,"event":{"mods":["AchievementEnabler","Astrologer","BaseMod","Minty Spire (QoL Compilation)","Shade Mod","Spicy Shops","StSLib","The Hierophant","The Wild Card"],"gold_per_floor":[364,378,398,63,76,76,87,87,87,163,163,188,28,48,48,167,167,167,167],"floor_reached":18,"playtime":1395,"items_purged":["Regret","theWildCard:BasicStrike"],"score":162,"play_id":"bf17e5e1-4286-4628-b2af-09221f082a4c","local_time":"20201216020509","is_ascension_mode":true,"campfire_choices":[{"floor":6.0,"key":"REST"},{"data":"theWildCard:Metatron","floor":15.0,"key":"SMITH"}],"circlet_count":0,"master_deck":["theWildCard:BasicDefend","theWildCard:BasicDefend","theWildCard:BasicDefend","theWildCard:BasicDefend","theWildCard:CallToAdventure","theWildCard:Arsene","theWildCard:ArcaneArts","theWildCard:Polydeuces","theWildCard:SacrificialStroke","theWildCard:Providence","theWildCard:Metatron+1","theWildCard:EnergizedStroke","Injury","theWildCard:ArcaneArts","theWildCard:ArchaicAssault","theWildCard:UnendingRitual","theWildCard:TheArcanaUnleashed","theWildCard:TheUniverse+1","theWildCard:SeveringSlash+1","theWildCard:FinalHour+1"],"relics":["theWildCard:VelvetContract","MealTicket","Torii","Golden Idol","Vajra","Eternal Feather","Astrolabe"],"acts_visited":["TheCity"],"potions_floor_usage":[],"damage_taken":[{"damage":10.0,"enemies":"Jaw Worm","floor":1.0,"turns":3.0},{"damage":2.0,"enemies":"2 Louse","floor":2.0,"turns":2.0},{"damage":3.0,"enemies":"Cultist","floor":3.0,"turns":4.0},{"damage":0.0,"enemies":"Looter","floor":5.0,"turns":2.0},{"damage":0.0,"enemies":"Exordium Wildlife","floor":7.0,"turns":4.0},{"damage":2.0,"enemies":"Large Slime","floor":12.0,"turns":6.0},{"damage":1.0,"enemies":"2 Fungi Beasts","floor":14.0,"turns":3.0},{"damage":57.0,"enemies":"Slime Boss","floor":16.0,"turns":15.0},{"damage":0,"enemies":"Spheric Guardian","floor":18,"turns":1}],"seed_played":"-3352879621519687538","potions_obtained":[{"floor":1.0,"key":"LiquidMemories"},{"floor":12.0,"key":"BlessingOfTheForge"},{"floor":16.0,"key":"SpeedPotion"}],"is_trial":false,"path_per_floor":["M","M","M","$","M","R","M","?","T","?","T","M","$","M","R","B",null,"M"],"character_chosen":"THE_WILD_CARD","items_purchased":["MealTicket","Torii","theWildCard:Providence","theWildCard:ArchaicAssault"],"campfire_rested":1,"item_purchase_floors":[4,4,4,13],"current_hp_per_floor":[32,30,27,27,28,46,47,47,47,47,47,47,60,59,60,5,60,60,60],"gold":167,"neow_bonus":"TWO_FIFTY_GOLD","is_daily":false,"chose_seed":false,"campfire_upgraded":1,"win_rate":0.0,"timestamp":1608113109,"path_taken":["M","M","M","$","M","R","M","?","T","?","?","?","$","M","R","BOSS","M"],"items_purchased_type":["Relic","Relic","Card","Card"],"build_version":"2020-12-13","purchased_purges":2,"victory":false,"max_hp_per_floor":[60,60,60,60,60,60,60,60,60,60,60,60,60,60,60,60,60,60,60],"card_choices":[{"not_picked":["theWildCard:Abstinence","theWildCard:SeveringSlash"],"picked":"theWildCard:ArcaneArts","floor":1.0},{"not_picked":["theWildCard:BladeOfGenerations","theWildCard:Loki"],"picked":"theWildCard:Polydeuces","floor":2.0},{"not_picked":["theWildCard:MagicMettle","theWildCard:StingingStrike"],"picked":"theWildCard:SacrificialStroke","floor":3.0},{"not_picked":["theWildCard:TheGreatSeal","theWildCard:Patience"],"picked":"theWildCard:Metatron","floor":5.0},{"not_picked":["theWildCard:UnendingRitual","theWildCard:Proficiency"],"picked":"theWildCard:EnergizedStroke","floor":7.0},{"not_picked":["theWildCard:IdentityTheft","theWildCard:SacrificialStroke"],"picked":"theWildCard:ArcaneArts","floor":12.0},{"not_picked":["theWildCard:Loki","theWildCard:ArchaicAssault"],"picked":"theWildCard:UnendingRitual","floor":14.0},{"not_picked":["theWildCard:FinalHour","theWildCard:Thanatos"],"picked":"theWildCard:TheArcanaUnleashed","floor":16.0}],"player_experience":220141,"relics_obtained":[{"floor":9.0,"key":"Vajra"},{"floor":11.0,"key":"Eternal Feather"}],"event_choices":[{"damage_healed":0.0,"max_hp_gain":0.0,"max_hp_loss":0.0,"gold_gain":0.0,"event_name":"Golden Idol","player_choice":"Take Wound","floor":8.0,"gold_loss":0.0,"damage_taken":0.0,"relics_obtained":["Golden Idol"],"cards_obtained":["Injury"]},{"damage_healed":0.0,"max_hp_gain":0.0,"max_hp_loss":0.0,"gold_gain":76.0,"event_name":"Golden Wing","player_choice":"Gained Gold","floor":10.0,"gold_loss":0.0,"damage_taken":0.0}],"is_beta":false,"boss_relics":[{"not_picked":["Sozu","Runic Pyramid"],"picked":"Astrolabe"}],"items_purged_floors":[4,13],"is_endless":false,"potions_floor_spawned":[1,12,14,16],"killed_by":"Spheric Guardian","ascension_level":1}}