{"host":"br1k745010e75u9o","time":1608087235,"event":{"mods":["BaseMod","CCEM","Conspire","Downfall","Friendly Minions","Hermit","Hubris","Infinite Spire","Mari Mod (Legacy)","Mari\u0027s V1 Patch","Minty Spire (QoL Compilation)","Rare Cards Sparkle","Replay The Spire","StSLib","The Cursed","Yohane!"],"gold_per_floor":[110,110,130,55,55,55,74,84,84,84,97,97,23,43,43,158,158,179,204,204,104,133,133,178,199,199,226,226,226,226,246,246,359,359,381,381,381,411,432,432,467,467,546,168,198,41,41,63,63,63],"floor_reached":51,"playtime":2706,"items_purged":["TheCursedMod:Strike_TheCursed","TheCursedMod:Strike_TheCursed","TheCursedMod:Strike_TheCursed+1"],"score":789,"play_id":"5b46b4a7-38e3-4169-8e20-92eb4be851fc","local_time":"20201216025355","is_ascension_mode":false,"campfire_choices":[{"data":"TheCursedMod:LuckyCharm","floor":6,"key":"SMITH"},{"data":"TheCursedMod:CursedAmulet","floor":10,"key":"SMITH"},{"data":"TheCursedMod:CursedWand","floor":12,"key":"SMITH"},{"data":"TheCursedMod:HellsGateOpen","floor":15,"key":"SMITH"},{"data":"TheCursedMod:VoidForm","floor":23,"key":"SMITH"},{"data":"TheCursedMod:HellsGateOpen","floor":32,"key":"SMITH"},{"floor":49,"key":"REST"}],"circlet_count":0,"master_deck":["TheCursedMod:Strike_TheCursed+1","TheCursedMod:Defend_TheCursed+1","TheCursedMod:Defend_TheCursed+1","TheCursedMod:Defend_TheCursed+1","TheCursedMod:CursedWand+1","TheCursedMod:CleanUpWorkshop","TheCursedMod:Dregs","TheCursedMod:HellfireBreathing+1","TheCursedMod:LuckyCharm+1","TheCursedMod:CursedAmulet+1","TheCursedMod:CursedAmulet","TheCursedMod:HellsGateOpen+1","TheCursedMod:WearCloak+1","hubris:Greed","hubris:Greed","TheCursedMod:VoidForm+1","CurseOfTheBell","TheCursedMod:Wield+1","TheCursedMod:WearCloak+1","TheCursedMod:AbyssShockwave+1","TheCursedMod:SpitefulPlan+1","Writhe","Pot Of Greed","Pot Of Greed","Pot Of Greed+1","TheCursedMod:HellsGateOpen+1","TheCursedMod:CollectTribute","Replay:Hysterical Blindness","Amnesia","infinitespire:Gouge","TheCursedMod:HellfireBreathing+1"],"relics":["TheCursedMod:BlackMagic101","hubris:Icosahedron","Nunchaku","Calling Bell","hubris:ToyBattleship","Pantograph","hubris:Spice","Replay:Multitool","Grinning Jar","Dream Catcher","Bottled Tornado","Replay:WaspNest","Juzu Bracelet"],"acts_visited":["Exordium","TheCity","TheBeyond"],"potions_floor_usage":[16,18,25,33,41,50],"damage_taken":[{"damage":0,"enemies":"Small Slimes","floor":1,"turns":3},{"damage":0,"enemies":"2 Louse","floor":3,"turns":4},{"damage":0,"enemies":"Jaw Worm","floor":7,"turns":4},{"damage":0,"enemies":"Looter","floor":8,"turns":5},{"damage":13,"enemies":"3 Louse","floor":11,"turns":3},{"damage":8,"enemies":"Large Slime","floor":14,"turns":5},{"damage":1,"enemies":"The Guardian","floor":16,"turns":13},{"damage":2,"enemies":"3 Byrds","floor":18,"turns":4},{"damage":5,"enemies":"Chosen","floor":19,"turns":5},{"damage":2,"enemies":"Centurion and Healer","floor":22,"turns":7},{"damage":0,"enemies":"conspire:SneckoGhost","floor":24,"turns":7},{"damage":11,"enemies":"Shelled Parasite and Fungi","floor":25,"turns":6},{"damage":20,"enemies":"Snake Plant","floor":27,"turns":5},{"damage":0,"enemies":"Snecko","floor":31,"turns":4},{"damage":20,"enemies":"Automaton","floor":33,"turns":11},{"damage":0,"enemies":"Orb Walker","floor":35,"turns":4},{"damage":16,"enemies":"3 Shapes","floor":38,"turns":4},{"damage":0,"enemies":"3 Darklings","floor":39,"turns":6},{"damage":63,"enemies":"Reptomancer","floor":41,"turns":6},{"damage":0,"enemies":"Transient","floor":45,"turns":5},{"damage":14,"enemies":"Jaw Worm Horde","floor":48,"turns":5},{"damage":33,"enemies":"infinitespire:MassOfShapes","floor":50,"turns":7}],"seed_played":"-2255166175272890396","potions_obtained":[{"floor":3,"key":"SteroidPotion"},{"floor":14,"key":"SkillPotion"},{"floor":16,"key":"Fire Potion"},{"floor":24,"key":"BlessingOfTheForge"},{"floor":25,"key":"BlessingOfTheForge"},{"floor":35,"key":"Dexterity Potion"},{"floor":39,"key":"SpeedPotion"},{"floor":41,"key":"SteroidPotion"}],"is_trial":false,"path_per_floor":["M","?","M","$","?","R","M","M","T","R","M","R","$","M","R","B",null,"M","M","?","$","M","R","E","M","T","M","?","R","?","M","R","B",null,"M","?","?","M","M","R","E","R","T","$","M","$","?","M","R","B",null],"character_chosen":"THE_CURSED","items_purchased":["TheCursedMod:HellsGateOpen","Replay:WaspNest","Juzu Bracelet"],"campfire_rested":1,"item_purchase_floors":[13,44,46],"current_hp_per_floor":[82,82,82,82,82,82,82,82,82,82,69,69,69,61,61,60,90,88,83,83,83,81,81,81,70,78,58,58,85,85,85,85,70,82,74,74,74,58,58,74,11,33,33,33,33,33,33,19,41,33],"gold":63,"neow_bonus":"TEN_PERCENT_HP_BONUS","is_daily":false,"chose_seed":false,"campfire_upgraded":6,"win_rate":0.0,"timestamp":1608087235,"path_taken":["M","?","M","$","?","R","M","M","T","R","M","R","$","M","R","BOSS","M","M","?","$","M","R","E","M","T","M","?","R","?","M","R","BOSS","M","?","?","M","M","R","E","R","T","$","M","?","?","M","R","BOSS"],"items_purchased_type":["Card","Relic","Relic"],"build_version":"2020-12-13","purchased_purges":3,"victory":true,"max_hp_per_floor":[82,82,82,82,82,82,82,82,82,82,82,82,82,82,82,82,90,90,90,90,90,90,90,90,90,98,90,90,90,90,90,90,90,82,74,74,74,74,74,74,74,74,74,74,74,74,74,74,74,74],"card_choices":[{"not_picked":["TheCursedMod:FuryStrike","TheCursedMod:SpitefulPlan"],"picked":"TheCursedMod:HellfireBreathing","floor":1},{"not_picked":["TheCursedMod:SoulReap","TheCursedMod:RapidMovement"],"picked":"TheCursedMod:LuckyCharm","floor":3},{"not_picked":["TheCursedMod:AshesToAshes","TheCursedMod:CircleOfCorruption"],"picked":"TheCursedMod:CursedAmulet","floor":7},{"not_picked":["TheCursedMod:RapidMovement","TheCursedMod:Grudge"],"picked":"TheCursedMod:CursedAmulet","floor":8},{"not_picked":["TheCursedMod:BlessingInDisguise","TheCursedMod:Stigma","TheCursedMod:StingEye"],"picked":"SKIP","floor":11},{"not_picked":["TheCursedMod:CursedBlade","TheCursedMod:Evocation"],"picked":"TheCursedMod:WearCloak","floor":14},{"not_picked":["TheCursedMod:CursedRelics","TheCursedMod:Neurasthenia"],"picked":"TheCursedMod:VoidForm","floor":16},{"not_picked":["TheCursedMod:CursedShiv+1","TheCursedMod:FuryStrike+1"],"picked":"TheCursedMod:Wield","floor":18},{"not_picked":["TheCursedMod:SurpriseAttack","TheCursedMod:Obscuration"],"picked":"TheCursedMod:WearCloak+1","floor":19},{"not_picked":["TheCursedMod:CursedShiv","TheCursedMod:Wield+1"],"picked":"TheCursedMod:AbyssShockwave+1","floor":22},{"not_picked":["TheCursedMod:PrepareRite","TheCursedMod:StingEye","TheCursedMod:CircleOfFocus+1"],"picked":"SKIP","floor":24},{"not_picked":["TheCursedMod:AshesToAshes","TheCursedMod:CollectTribute"],"picked":"TheCursedMod:SpitefulPlan+1","floor":25},{"not_picked":["TheCursedMod:PrepareRite","TheCursedMod:CursedAmulet"],"picked":"hubris:SpiceAddiction","floor":27},{"not_picked":["hubris:SpiceAddiction","TheCursedMod:CircleOfBlood+1"],"picked":"TheCursedMod:HellsGateOpen","floor":31},{"not_picked":["TheCursedMod:UltimatePain","TheCursedMod:Neurasthenia"],"picked":"TheCursedMod:CollectTribute","floor":33},{"not_picked":["TheCursedMod:CursedAmulet+1","TheCursedMod:RavingStaff+1"],"picked":"hubris:SpiceAddiction","floor":35},{"not_picked":["infinitespire:Fortify","infinitespire:SevenWalls"],"picked":"infinitespire:Gouge","floor":36},{"not_picked":["TheCursedMod:SurpriseAttack","TheCursedMod:EmpowerCircles","TheCursedMod:FuryStrike+1"],"picked":"SKIP","floor":38},{"not_picked":["TheCursedMod:TacticalStrike+1","TheCursedMod:DemonicPact","TheCursedMod:Wield"],"picked":"SKIP","floor":39},{"not_picked":["TheCursedMod:VitalStrike+1","TheCursedMod:Evocation","hubris:SpiceAddiction"],"picked":"SKIP","floor":41},{"not_picked":["TheCursedMod:StingEye+1","TheCursedMod:CursedBoomerang+1"],"picked":"TheCursedMod:HellfireBreathing+1","floor":45},{"not_picked":["hubris:SpiceAddiction","TheCursedMod:CursedMace","TheCursedMod:FleshFromBone"],"picked":"SKIP","floor":48}],"player_experience":46459,"relics_obtained":[{"floor":9,"key":"Nunchaku"},{"floor":17,"key":"hubris:ToyBattleship"},{"floor":17,"key":"Pantograph"},{"floor":17,"key":"hubris:Spice"},{"floor":24,"key":"Replay:Multitool"},{"floor":26,"key":"hubris:Spice"},{"floor":41,"key":"Dream Catcher"},{"floor":43,"key":"Bottled Tornado"}],"event_choices":[{"damage_healed":0,"gold_gain":0,"player_choice":"Grow","damage_taken":0,"max_hp_gain":0,"max_hp_loss":0,"event_name":"Living Wall","floor":5,"gold_loss":0,"cards_upgraded":["TheCursedMod:HellfireBreathing"]},{"damage_healed":0,"gold_gain":0,"player_choice":"Simplicity","damage_taken":0,"max_hp_gain":0,"max_hp_loss":0,"event_name":"Back to Basics","floor":30,"gold_loss":0,"cards_upgraded":["TheCursedMod:Strike_TheCursed","TheCursedMod:Strike_TheCursed","TheCursedMod:Defend_TheCursed","TheCursedMod:Defend_TheCursed","TheCursedMod:Defend_TheCursed","TheCursedMod:Defend_TheCursed"]},{"cards_removed":["TheCursedMod:Defend_TheCursed"],"damage_healed":0,"gold_gain":0,"player_choice":"Removed Skill","damage_taken":0,"max_hp_gain":0,"max_hp_loss":0,"event_name":"Falling","floor":37,"gold_loss":0}],"is_beta":false,"boss_relics":[{"not_picked":["CCEMRelics:GreenEgg","Philosopher\u0027s Stone"],"picked":"Calling Bell"},{"not_picked":["hubris:Spice","ReplayTheSpireMod:DimensionalGlitch"],"picked":"hubris:Spice"}],"items_purged_floors":[4,21,44],"is_endless":false,"potions_floor_spawned":[3,14,16,24,25,35,39,41],"ascension_level":0}}