{"host":"e4wnmsyty9uvvtwf","time":1608129606,"event":{"mods":["Aspiration","BaseMod","Colored Map","Colored Powertips","Marisa£®ÏF”Í°°ƒß¿Ì…≥£©","Minty Spire (QoL Compilation)","Rare Cards Sparkle","Replay The Spire","StSLib"],"gold_per_floor":[316,316,342,416,426,426,445,456,456,3,25,25,300,325,325,399,399,415,71,87,100,111,111,140,140,140,140,174,357,377,391,391,391,391],"floor_reached":33,"playtime":1292,"items_purged":[],"score":568,"play_id":"04e736f1-9676-4130-8340-757f8cc0bbfb","local_time":"20201216224006","is_ascension_mode":true,"campfire_choices":[{"floor":15,"key":"REST"},{"floor":23,"key":"REST"},{"floor":25,"key":"REST"},{"data":"Perseverance","floor":27,"key":"SMITH"},{"data":"Catalyst","floor":27,"key":"SMITH"}],"circlet_count":0,"master_deck":["AscendersBane","Strike_G","Strike_G","Strike_G","Strike_G","Defend_G","Defend_G","Defend_G","Defend_G","Defend_G","Survivor","Neutralize","Catalyst+1","Backstab+1","Caltrops","Slice","After Image","Footwork","Corpse Explosion","Bane","Dodge and Roll","Dodge and Roll","DeusExMachina","Perseverance+1","Deadly Poison","Burst+1","Die Die Die","Pray","SashWhip+1"],"relics":["Ring of the Snake","Old Coin","aspiration:ArtOfWarUpgrade","Ninja Scroll","aspiration:VileToxins","OrangePellets","Omamori","Odd Mushroom","Turnip","aspiration:WatcherSkillbook","Replay:Arrowhead","Nunchaku","Replay:Mystery Machine","aspiration:HiddenCompartment"],"acts_visited":["Exordium","TheCity"],"potions_floor_usage":[16,33],"damage_taken":[{"damage":0.0,"enemies":"Jaw Worm","floor":1.0,"turns":4.0},{"damage":0.0,"enemies":"2 Louse","floor":5.0,"turns":2.0},{"damage":0.0,"enemies":"Small Slimes","floor":7.0,"turns":4.0},{"damage":14,"enemies":"Gremlin Gang","floor":8,"turns":6},{"damage":14,"enemies":"The Mushroom Lair","floor":11,"turns":5},{"damage":15,"enemies":"3 Sentries","floor":14,"turns":10},{"damage":26,"enemies":"Hexaghost","floor":16,"turns":16},{"damage":14,"enemies":"2 Thieves","floor":18,"turns":2},{"damage":9,"enemies":"3 Byrds","floor":20,"turns":5},{"damage":11,"enemies":"Cultist and Chosen","floor":21,"turns":8},{"damage":8,"enemies":"Centurion and Healer","floor":22,"turns":8},{"damage":23,"enemies":"Replay:Snechameleon","floor":24,"turns":7},{"damage":0,"enemies":"Book of Stabbing","floor":28,"turns":5},{"damage":1,"enemies":"Snake Plant","floor":30,"turns":3},{"damage":0,"enemies":"Chosen and Byrds","floor":31,"turns":5},{"damage":59,"enemies":"Automaton","floor":33,"turns":12}],"seed_played":"-1825978954570087312","potions_obtained":[{"floor":5.0,"key":"SpeedPotion"},{"floor":14,"key":"SpeedPotion"},{"floor":16,"key":"Elixir"},{"floor":20,"key":"Toxic Potion"},{"floor":24,"key":"Adrenaline Potion"},{"floor":28,"key":"LifebloodPotion"}],"is_trial":false,"path_per_floor":["M","?","T","?","M","R","M","M","T","$","?","R","?","E","R","B",null,"M","$","M","M","M","R","E","R","T","R","E","?","M","M","R_BF","B"],"character_chosen":"THE_SILENT","items_purchased":["aspiration:VileToxins","OrangePellets","Omamori","Replay:Arrowhead","Dodge and Roll"],"campfire_rested":3,"item_purchase_floors":[10,10,10,19,19],"current_hp_per_floor":[59,59,59,59,59,59,59,45,45,45,31,31,31,16,35,9,52,38,38,29,18,10,29,6,25,25,25,25,25,24,24,43,0,0],"gold":391,"neow_bonus":"ONE_RARE_RELIC","is_daily":false,"chose_seed":false,"campfire_upgraded":2,"win_rate":0.0,"timestamp":1608129606,"path_taken":["M","?","?","?","M","R","M","M","T","$","?","R","?","E","R","BOSS","M","$","M","M","?","R","E","R","T","R","E","?","M","M","R_BF","BOSS"],"items_purchased_type":["Relic","Relic","Relic","Relic","Card"],"build_version":"2020-12-13","purchased_purges":0,"victory":false,"max_hp_per_floor":[66,66,66,66,66,66,66,66,66,66,66,66,66,66,66,66,66,66,66,66,66,66,66,66,66,66,66,66,66,66,66,66,66,66],"card_choices":[{"not_picked":["Backflip","Underhanded Strike"],"picked":"Catalyst","floor":1.0},{"not_picked":["All Out Attack","Blur","Sucker Punch"],"picked":"SKIP","floor":5.0},{"not_picked":["Flechettes","Fluid Movement"],"picked":"Caltrops","floor":7.0},{"not_picked":["Underhanded Strike","Poisoned Stab"],"picked":"Slice","floor":8},{"not_picked":["Blade Dance","Slice"],"picked":"After Image","floor":11},{"not_picked":["Deflect","PiercingWail"],"picked":"Footwork","floor":14},{"not_picked":["Phantasmal Killer","Doppelganger"],"picked":"Corpse Explosion","floor":16},{"not_picked":["CutThroughFate","PathToVictory","Replay:AtTheReady+1"],"picked":"Bane","floor":18},{"not_picked":["Replay:BluntJabs","EmptyBody","Meditate","FlyingSleeves+1"],"picked":"SKIP","floor":20},{"not_picked":["Acrobatics","ThirdEye","Dodge and Roll"],"picked":"DeusExMachina","floor":21},{"not_picked":["Cloak And Dagger","Replay:Hum","Replay:AtTheReady"],"picked":"Perseverance","floor":22},{"not_picked":["Replay:BluntJabs","Corpse Explosion","EmptyFist"],"picked":"Deadly Poison","floor":24},{"not_picked":["Acrobatics","Consecrate+1","Perseverance"],"picked":"Burst","floor":28},{"not_picked":["Blur","Consecrate","Cloak And Dagger"],"picked":"Die Die Die","floor":29},{"not_picked":["Well Laid Plans","Consecrate","Slice"],"picked":"Pray","floor":30},{"not_picked":["Dodge and Roll","PathToVictory","FlyingSleeves"],"picked":"SashWhip+1","floor":31}],"player_experience":617934,"relics_obtained":[{"floor":3.0,"key":"Art of War"},{"floor":9,"key":"Ninja Scroll"},{"floor":11,"key":"Odd Mushroom"},{"floor":14,"key":"Turnip"},{"floor":24,"key":"Nunchaku"},{"floor":26,"key":"Replay:Mystery Machine"},{"floor":28,"key":"aspiration:HiddenCompartment"}],"event_choices":[{"damage_healed":0.0,"max_hp_gain":0.0,"max_hp_loss":0.0,"gold_gain":74.0,"event_name":"Golden Wing","player_choice":"Gained Gold","floor":4.0,"gold_loss":0.0,"damage_taken":0.0},{"damage_healed":0,"gold_gain":0,"player_choice":"Fought Mushrooms","damage_taken":0,"max_hp_gain":0,"max_hp_loss":0,"event_name":"Mushrooms","floor":11,"gold_loss":0},{"damage_healed":0,"gold_gain":275,"player_choice":"Desecrate","damage_taken":0,"max_hp_gain":0,"max_hp_loss":0,"event_name":"Golden Shrine","floor":13,"gold_loss":0,"cards_obtained":["Regret"]}],"is_beta":false,"boss_relics":[{"not_picked":["Velvet Choker","SlaversCollar"],"picked":"aspiration:WatcherSkillbook"}],"items_purged_floors":[],"is_endless":false,"potions_floor_spawned":[5,14,16,20,24,28,30],"killed_by":"Automaton","ascension_level":15}}