{"host":"e87rn453naquue3h","time":1608088097,"event":{"mods":["AchievementEnabler","BaseMod","Minty Spire (QoL Compilation)","Relic Stats","StSLib"],"gold_per_floor":[19,36,36,61,61,61,61,99,150,190,190,225,250,302,302,397,397,422,438,451,8,8,8,43,43,43,43,43],"floor_reached":27,"playtime":1004,"items_purged":[],"score":473,"play_id":"179d28f3-2f04-477b-8610-8f07bfe67822","local_time":"20201215220817","is_ascension_mode":true,"campfire_choices":[{"data":"FollowUp","floor":6,"key":"SMITH"},{"floor":11,"key":"REST"},{"data":"WindmillStrike","floor":15,"key":"SMITH"},{"floor":23,"key":"REST"},{"floor":25,"key":"REST"}],"circlet_count":0,"master_deck":["AscendersBane","Strike_P","Strike_P","Strike_P","Strike_P","Defend_P","Defend_P","Defend_P","Defend_P","Eruption+1","Vigilance","FollowUp+1","ThirdEye","JustLucky","WindmillStrike+1","Crescendo","Protect","Vengeance","SpiritShield","Prostrate","Prostrate+1","Ragnarok"],"relics":["PureWater","Golden Idol","Omamori","Dream Catcher","Oddly Smooth Stone","StoneCalendar","Juzu Bracelet","Cursed Key","Membership Card","HornCleat","Pantograph","Nilry\u0027s Codex","Blue Candle","The Courier"],"acts_visited":["Exordium","TheCity"],"potions_floor_usage":[10,16,19,24],"damage_taken":[{"damage":2,"enemies":"Small Slimes","floor":1,"turns":3},{"damage":2,"enemies":"2 Louse","floor":2,"turns":3},{"damage":7,"enemies":"Cultist","floor":4,"turns":3},{"damage":33,"enemies":"Lagavulin","floor":8,"turns":6},{"damage":16,"enemies":"3 Sentries","floor":10,"turns":6},{"damage":5,"enemies":"Lagavulin","floor":12,"turns":6},{"damage":0,"enemies":"2 Fungi Beasts","floor":13,"turns":3},{"damage":35,"enemies":"The Guardian","floor":16,"turns":8},{"damage":4,"enemies":"Shell Parasite","floor":18,"turns":3},{"damage":0,"enemies":"Chosen","floor":19,"turns":2},{"damage":9,"enemies":"Snake Plant","floor":20,"turns":4},{"damage":31,"enemies":"Book of Stabbing","floor":24,"turns":5},{"damage":67,"enemies":"Chosen and Byrds","floor":27,"turns":5}],"seed_played":"7494194189286198848","potions_obtained":[{"floor":8,"key":"LiquidBronze"},{"floor":10,"key":"Block Potion"},{"floor":12,"key":"FairyPotion"},{"floor":13,"key":"Strength Potion"},{"floor":18,"key":"SteroidPotion"},{"floor":20,"key":"AttackPotion"}],"is_trial":false,"path_per_floor":["M","M","?","M","?","R","?","E","T","E","R","E","M","T","R","B",null,"M","M","M","$","?","R","E","R","T","M"],"character_chosen":"WATCHER","items_purchased":["Membership Card","HornCleat","Pantograph"],"campfire_rested":3,"item_purchase_floors":[21,21,21],"current_hp_per_floor":[71,69,69,62,62,62,67,34,34,18,41,36,36,36,36,1,58,54,54,45,45,24,47,16,39,39,0,0],"gold":43,"neow_bonus":"TWENTY_PERCENT_HP_BONUS","is_daily":false,"chose_seed":false,"campfire_upgraded":2,"win_rate":0.0,"timestamp":1608088097,"path_taken":["M","M","?","M","?","R","?","E","T","E","R","E","M","?","R","BOSS","M","M","M","$","?","R","E","R","T","M"],"items_purchased_type":["Relic","Relic","Relic"],"build_version":"2020-12-13","purchased_purges":0,"victory":false,"max_hp_per_floor":[80,80,72,72,72,72,77,77,77,77,77,77,77,77,77,77,77,77,77,77,77,77,77,77,77,77,77,77],"relic_stats":{"Dream Catcher":3,"counters":[13,57],"Golden Idol":70,"Pantograph":0,"Blue Candle":[0],"StoneCalendar":[52],"Juzu Bracelet":1,"Cursed Key":1,"obtain_stats":[{"Golden Idol":3,"Nilry\u0027s Codex":22,"Blue Candle":24,"Oddly Smooth Stone":10,"StoneCalendar":12,"The Courier":26,"Omamori":8,"Juzu Bracelet":14,"Cursed Key":17,"Dream Catcher":9,"HornCleat":21,"Pantograph":21,"Membership Card":21,"PureWater":0},{"Golden Idol":2,"Nilry\u0027s Codex":11,"Blue Candle":12,"Oddly Smooth Stone":5,"StoneCalendar":6,"The Courier":12,"Omamori":4,"Juzu Bracelet":7,"Cursed Key":8,"Dream Catcher":4,"HornCleat":11,"Pantograph":11,"Membership Card":11,"PureWater":0},{"Golden Idol":6,"Nilry\u0027s Codex":47,"Blue Candle":52,"Oddly Smooth Stone":21,"StoneCalendar":27,"The Courier":52,"Omamori":15,"Juzu Bracelet":30,"Cursed Key":38,"Dream Catcher":15,"HornCleat":47,"Pantograph":47,"Membership Card":47,"PureWater":0}]},"card_choices":[{"not_picked":["ClearTheMind","EmptyBody"],"picked":"FollowUp","floor":1},{"not_picked":["Perseverance","DeceiveReality"],"picked":"ThirdEye","floor":2},{"not_picked":["ForeignInfluence","Evaluate"],"picked":"JustLucky","floor":4},{"not_picked":["ClearTheMind","Pray"],"picked":"WindmillStrike","floor":8},{"not_picked":["ForeignInfluence","Swivel","LikeWater"],"picked":"SKIP","floor":10},{"not_picked":["ClearTheMind","BowlingBash"],"picked":"Crescendo","floor":11},{"not_picked":["FollowUp","MasterReality"],"picked":"Protect","floor":12},{"not_picked":["ThirdEye","Perseverance"],"picked":"Vengeance","floor":13},{"not_picked":["Wish","Brilliance"],"picked":"SpiritShield","floor":16},{"not_picked":["SashWhip","ClearTheMind"],"picked":"Prostrate","floor":18},{"not_picked":["Consecrate","Wireheading","JustLucky"],"picked":"SKIP","floor":19},{"not_picked":["Adaptation","EmptyFist"],"picked":"Prostrate+1","floor":20},{"not_picked":["Omniscience","InnerPeace"],"picked":"Ragnarok","floor":24}],"player_experience":2285613,"relics_obtained":[{"floor":8,"key":"Omamori"},{"floor":9,"key":"Dream Catcher"},{"floor":10,"key":"Oddly Smooth Stone"},{"floor":12,"key":"StoneCalendar"},{"floor":14,"key":"Juzu Bracelet"},{"floor":22,"key":"Nilry\u0027s Codex"},{"floor":24,"key":"Blue Candle"},{"floor":26,"key":"The Courier"}],"event_choices":[{"damage_healed":0,"gold_gain":0,"player_choice":"Lose Max HP","damage_taken":0,"relics_obtained":["Golden Idol"],"max_hp_gain":0,"max_hp_loss":8,"event_name":"Golden Idol","floor":3,"gold_loss":0},{"damage_healed":0,"gold_gain":0,"player_choice":"Grow","damage_taken":0,"max_hp_gain":0,"max_hp_loss":0,"event_name":"Living Wall","floor":5,"gold_loss":0,"cards_upgraded":["Eruption"]},{"damage_healed":0,"gold_gain":0,"player_choice":"Donut","damage_taken":0,"max_hp_gain":5,"max_hp_loss":0,"event_name":"Big Fish","floor":7,"gold_loss":0},{"damage_healed":0,"gold_gain":0,"player_choice":"Obtained Book","damage_taken":21,"max_hp_gain":0,"max_hp_loss":0,"event_name":"Cursed Tome","floor":22,"gold_loss":0}],"is_beta":false,"boss_relics":[{"not_picked":["Tiny House","Astrolabe"],"picked":"Cursed Key"}],"items_purged_floors":[],"is_endless":false,"potions_floor_spawned":[8,10,12,13,18,20],"killed_by":"Chosen and Byrds","ascension_level":18}}