{"host":"o5or1zybx7au40zl","time":1608154999,"event":{"mods":["2.2 Compatiblity","Act Like it!","BaseMod","Better Third Choice","Conspire","Dota2Spire","GifTheSpireLib","Hubris","Infinite Spire","Minty Spire (QoL Compilation)","Replay The Spire","StSLib","The Bug Knight"],"gold_per_floor":[116,130,144,164,164,164,184,216,239,239,259,259,269,283,283,388,388,400,15,32,48,48,48,79,79,79,79,79,104,115,115,115,217,217,242,242,273,303,338,338,370,370,396,450,530,530,298,337,337,367],"floor_reached":51,"playtime":1250,"items_purged":["Delirium"],"score":948,"play_id":"d348a19b-f743-4fdf-a56f-21346c450f58","local_time":"20201216224319","is_ascension_mode":false,"campfire_choices":[{"floor":6,"key":"RECALL"},{"floor":10,"key":"REST"},{"floor":12,"key":"REST"},{"floor":15,"key":"REST"},{"data":"infinitespire:OneForAll","floor":23,"key":"SMITH"},{"data":"Inflame","floor":25,"key":"SMITH"},{"data":"Double Tap","floor":27,"key":"SMITH"},{"floor":32,"key":"REST"},{"floor":40,"key":"REST"},{"data":"Demon Form","floor":42,"key":"SMITH"},{"data":"Metallicize","floor":46,"key":"SMITH"},{"data":"Double Tap","floor":49,"key":"SMITH"}],"circlet_count":0,"master_deck":["Strike_R","Strike_R","Strike_R","Strike_R","Strike_R","Defend_R","Defend_R","Defend_R","Defend_R","Bash","Double Tap+1","Pummel","infinitespire:OneForAll+1","Fire Breathing","Inflame+1","Intimidate","Metallicize+1","Shockwave+1","Life Link","Double Tap+1","Headbutt","Iron Wave+1","ReplayTheSpireMod:Stacked","Demon Form+1","Sword Boomerang+1","infinitespire:Punishment"],"relics":["Burning Blood","GremlinMask","hubris:TinFlute","hubris:TerracottaHorce","ReplayTheSpireMod:Shallot","hubris:HerbalPaste","Dota2Spire:Desolator","Singing Bowl","hubris:Towel","Dota2Spire:AghanimScepter","infinitespire:EvilPickle","Ooze Armor","Akabeko","Dota2Spire:ArcaneBoots","Dota2Spire:HandOfMidas","Dota2Spire:EchoSabre"],"acts_visited":["Exordium","TheCity","TheBeyond"],"potions_floor_usage":[8,16,16,29,29,33,50],"damage_taken":[{"damage":6,"enemies":"Small Slimes","floor":1,"turns":3},{"damage":6,"enemies":"Cultist","floor":2,"turns":3},{"damage":15,"enemies":"Jaw Worm","floor":3,"turns":4},{"damage":7,"enemies":"3 Louse","floor":4,"turns":4},{"damage":24,"enemies":"Blue Slaver","floor":7,"turns":3},{"damage":34,"enemies":"Gremlin Nob","floor":8,"turns":5},{"damage":24,"enemies":"Lots of Slimes","floor":11,"turns":5},{"damage":12,"enemies":"2 Fungi Beasts","floor":13,"turns":4},{"damage":38,"enemies":"Exordium Thugs","floor":14,"turns":5},{"damage":23,"enemies":"Slime Boss","floor":16,"turns":4},{"damage":11,"enemies":"3 Byrds","floor":18,"turns":6},{"damage":17,"enemies":"2 Thieves","floor":20,"turns":5},{"damage":14,"enemies":"Chosen and Byrds","floor":21,"turns":4},{"damage":15,"enemies":"Book of Stabbing","floor":24,"turns":5},{"damage":41,"enemies":"Slavers","floor":29,"turns":4},{"damage":7,"enemies":"Centurion and Healer","floor":30,"turns":5},{"damage":23,"enemies":"Pondfish","floor":33,"turns":7},{"damage":0,"enemies":"Orb Walker","floor":35,"turns":2},{"damage":18,"enemies":"3 Shapes","floor":37,"turns":2},{"damage":25,"enemies":"Transient","floor":38,"turns":5},{"damage":17,"enemies":"3 Darklings","floor":39,"turns":4},{"damage":23,"enemies":"Maw","floor":41,"turns":5},{"damage":5,"enemies":"Giant Head","floor":44,"turns":4},{"damage":0,"enemies":"Spire Growth","floor":45,"turns":2},{"damage":0,"enemies":"3 Darklings","floor":48,"turns":2},{"damage":72,"enemies":"Time Eater","floor":50,"turns":7}],"seed_played":"-8124392600593139823","potions_obtained":[{"floor":3,"key":"Strength Potion"},{"floor":4,"key":"Elixir"},{"floor":7,"key":"Milkshake"},{"floor":8,"key":"Swift Potion"},{"floor":18,"key":"Dota2Spire:Clarity"},{"floor":20,"key":"LiquidMemories"},{"floor":30,"key":"Explosive Potion"},{"floor":33,"key":"Energy Potion"},{"floor":35,"key":"Dota2Spire:HealingSalve"}],"is_trial":false,"path_per_floor":["M","M","M","M","?","R","M","E","T","R","M","R","M","M","R","B",null,"M","$","M","M","$","R","E","R","T","R","?","E","M","?","R","B",null,"M","AVR","M","M","M","R","M","R","T","E","M","R","$","M","R","B",null],"character_chosen":"IRONCLAD","items_purchased":["ReplayTheSpireMod:Shallot","hubris:HerbalPaste","Dota2Spire:EchoSabre"],"campfire_rested":5,"item_purchase_floors":[19,19,47],"current_hp_per_floor":[80,80,71,70,70,70,52,24,24,48,30,54,48,16,40,23,66,61,61,56,54,54,54,51,51,51,51,51,24,31,31,56,45,74,83,83,74,63,60,87,75,75,75,84,95,95,95,98,98,33],"gold":367,"neow_bonus":"THREE_RARE_CARDS","is_daily":false,"chose_seed":false,"campfire_upgraded":6,"win_rate":0.0,"timestamp":1608154999,"path_taken":["M","M","M","M","?","R","M","E","T","R","M","R","M","M","R","BOSS","M","$","M","M","?","R","E","R","T","R","?","E","M","?","R","BOSS","M","AVR","M","M","M","R","M","R","T","E","M","R","$","M","R","BOSS"],"items_purchased_type":["Relic","Relic","Relic"],"build_version":"2020-12-13","purchased_purges":1,"victory":true,"max_hp_per_floor":[80,80,80,80,80,80,80,80,80,80,80,80,80,80,80,80,80,80,80,80,80,80,80,80,80,80,80,80,82,84,84,84,84,84,84,84,86,88,90,90,92,92,92,94,96,96,96,98,98,98],"card_choices":[{"not_picked":["Barricade","conspire:Purge"],"picked":"Double Tap","floor":0},{"not_picked":["Iron Wave","Heavy Blade"],"picked":"Pummel","floor":1},{"not_picked":["Armaments","True Grit"],"picked":"infinitespire:OneForAll","floor":2},{"not_picked":["ReplayTheSpireMod:Strike From Hell","Havoc","True Grit"],"picked":"SKIP","floor":3},{"not_picked":["Entrench","conspire:Purge"],"picked":"Fire Breathing","floor":4},{"not_picked":["Battle Trance","Sentinel"],"picked":"Inflame","floor":7},{"not_picked":["True Grit","Pommel Strike"],"picked":"Intimidate","floor":8},{"not_picked":["Iron Wave","Body Slam"],"picked":"Metallicize","floor":11},{"not_picked":["Replay:Undeath\u0027s Touch","Reckless Charge"],"picked":"Shockwave","floor":13},{"not_picked":["Cleave","Run Through"],"picked":"Life Link","floor":14},{"not_picked":["Brutality","Feed"],"picked":"Double Tap","floor":16},{"not_picked":["Run Through","Wild Strike"],"picked":"Headbutt","floor":18},{"not_picked":["Life Link","Wild Strike"],"picked":"Iron Wave+1","floor":20},{"not_picked":["Massacre","Pommel Strike"],"picked":"ReplayTheSpireMod:Stacked","floor":21},{"not_picked":["conspire:ExplosiveBarrier","Clash","hubris:ReadiedAction+1"],"picked":"SKIP","floor":24},{"not_picked":["Carnage+1","Abandon","Clothesline"],"picked":"Singing Bowl","floor":29},{"not_picked":["Dual Wield","Anger+1","Headbutt"],"picked":"Singing Bowl","floor":30},{"not_picked":["Double Tap","Immolate"],"picked":"Demon Form","floor":33},{"not_picked":["Combust","Perfected Strike+1"],"picked":"Sword Boomerang+1","floor":35},{"not_picked":["Shrug It Off","Twin Strike+1","Body Slam"],"picked":"Singing Bowl","floor":37},{"not_picked":["True Grit+1","Run Through+1","Havoc"],"picked":"Singing Bowl","floor":38},{"not_picked":["Anger","Entrench+1","Thunderclap+1"],"picked":"Singing Bowl","floor":39},{"not_picked":["Anger","Burning Pact+1","Warcry+1"],"picked":"Singing Bowl","floor":41},{"not_picked":["Anger+1","Rage","Headbutt"],"picked":"Singing Bowl","floor":44},{"not_picked":["Cleave","Flex","Thunderclap+1"],"picked":"Singing Bowl","floor":45},{"not_picked":["Feel No Pain+1","Thunderclap","Armaments"],"picked":"Singing Bowl","floor":48}],"player_experience":967584,"relics_obtained":[{"floor":8,"key":"hubris:TinFlute"},{"floor":24,"key":"Dota2Spire:Desolator"},{"floor":26,"key":"Singing Bowl"},{"floor":29,"key":"Dota2Spire:AghanimScepter"},{"floor":43,"key":"Dota2Spire:ArcaneBoots"},{"floor":44,"key":"Dota2Spire:HandOfMidas"}],"event_choices":[{"damage_healed":0,"gold_gain":0,"player_choice":"Trade","damage_taken":0,"relics_obtained":["GremlinMask"],"max_hp_gain":0,"max_hp_loss":0,"event_name":"FaceTrader","floor":5,"gold_loss":0},{"damage_healed":0,"gold_gain":0,"player_choice":"Upgraded","damage_taken":0,"max_hp_gain":0,"max_hp_loss":0,"event_name":"Upgrade Shrine","floor":31,"gold_loss":0,"cards_upgraded":["Shockwave"]}],"is_beta":false,"boss_relics":[{"not_picked":["Replay:Wanted Poster","Replay:Ancient Bell"],"picked":"hubris:TerracottaHorce"},{"not_picked":["Snecko Eye","Astrolabe"],"picked":"Ooze Armor"}],"items_purged_floors":[47],"is_endless":false,"potions_floor_spawned":[3,4,7,8,18,20,30,33,35,37,45,48],"ascension_level":0}}