{"host":"m6aaltr68g9tvoay","time":1608096364,"event":{"mods":["AchievementEnabler","BaseMod","Colored Map","Minty Spire (QoL Compilation)","StSLib"],"gold_per_floor":[112,112,26,40,57,57,76,76,76,76,96,130,30,88,88,166,166,186,204,204,204,216,216,229,229,229,229,254,267,267,17,17,17,17],"floor_reached":33,"playtime":1387,"items_purged":[],"score":517,"play_id":"0a7f3861-fd31-407c-93a5-996a7e5f68f8","local_time":"20201215212604","is_ascension_mode":true,"campfire_choices":[{"data":"Dagger Spray","floor":6,"key":"SMITH"},{"data":"After Image","floor":8,"key":"SMITH"},{"data":"Blade Dance","floor":10,"key":"SMITH"},{"floor":15,"key":"REST"},{"floor":23,"key":"REST"},{"floor":25,"key":"REST"},{"floor":27,"key":"REST"},{"floor":32,"key":"REST"}],"circlet_count":0,"master_deck":["AscendersBane","Strike_G","Strike_G","Strike_G","Strike_G","Strike_G","Defend_G","Defend_G","Defend_G","Defend_G","Defend_G","Survivor","Neutralize","Blade Dance+1","Blade Dance","Dagger Spray+1","After Image+1","Dash","Accuracy","Dramatic Entrance","Slice","Malaise","Deadly Poison","Deadly Poison","Decay","Distraction","Storm of Steel","Panacea"],"relics":["Ring of the Serpent","Oddly Smooth Stone","The Specimen","White Beast Statue","Sundial","MutagenicStrength","Paper Crane","Dead Branch","Vajra"],"acts_visited":["Exordium","TheCity"],"potions_floor_usage":[7,12,12,16,19,28,28,33,33],"damage_taken":[{"damage":3,"enemies":"2 Louse","floor":1,"turns":3},{"damage":6,"enemies":"Jaw Worm","floor":4,"turns":4},{"damage":4,"enemies":"Small Slimes","floor":5,"turns":3},{"damage":1,"enemies":"Exordium Wildlife","floor":7,"turns":4},{"damage":0,"enemies":"Looter","floor":11,"turns":3},{"damage":11,"enemies":"Lagavulin","floor":12,"turns":7},{"damage":24,"enemies":"Gremlin Nob","floor":14,"turns":4},{"damage":25,"enemies":"Hexaghost","floor":16,"turns":12},{"damage":6,"enemies":"Shell Parasite","floor":18,"turns":4},{"damage":15,"enemies":"Chosen","floor":19,"turns":6},{"damage":17,"enemies":"3 Cultists","floor":22,"turns":4},{"damage":9,"enemies":"Centurion and Healer","floor":24,"turns":8},{"damage":11,"enemies":"Gremlin Leader","floor":28,"turns":6},{"damage":15,"enemies":"Snake Plant","floor":29,"turns":5},{"damage":59,"enemies":"Automaton","floor":33,"turns":10}],"seed_played":"7510742016268777018","potions_obtained":[{"floor":1,"key":"BlessingOfTheForge"},{"floor":4,"key":"AttackPotion"},{"floor":11,"key":"Block Potion"},{"floor":14,"key":"Poison Potion"},{"floor":16,"key":"LiquidBronze"},{"floor":18,"key":"Swift Potion"},{"floor":19,"key":"Ancient Potion"},{"floor":28,"key":"Explosive Potion"},{"floor":29,"key":"EssenceOfSteel"}],"is_trial":false,"path_per_floor":["M","?","$","M","M","R","M","R","T","R","M","E","$","?","R","B",null,"M","M","?","?","M","R","M","R","T","R","E","M","?","$","R","B"],"character_chosen":"THE_SILENT","items_purchased":["DuplicationPotion","Dramatic Entrance","Panacea","Vajra"],"campfire_rested":5,"item_purchase_floors":[3,13,31,31],"current_hp_per_floor":[56,56,56,50,46,46,45,45,45,45,45,34,34,10,29,4,51,45,30,30,30,13,32,23,42,42,61,50,35,35,35,54,0,0],"gold":17,"neow_bonus":"RANDOM_COMMON_RELIC","is_daily":false,"chose_seed":false,"campfire_upgraded":3,"win_rate":0.0,"timestamp":1608096364,"path_taken":["M","?","$","M","M","R","M","R","T","R","M","E","$","?","R","BOSS","M","M","?","?","M","R","M","R","T","R","E","M","?","$","R","BOSS"],"items_purchased_type":["Potion","Card","Card","Relic"],"build_version":"2020-12-13","purchased_purges":0,"victory":false,"max_hp_per_floor":[66,66,66,66,66,66,66,66,66,66,66,66,66,66,66,66,66,66,66,66,66,66,66,66,66,66,66,66,66,66,66,66,66,66],"card_choices":[{"not_picked":["Flechettes","Underhanded Strike"],"picked":"Blade Dance","floor":1},{"not_picked":["Slice","Well Laid Plans"],"picked":"Blade Dance","floor":4},{"not_picked":["Setup","Leg Sweep"],"picked":"Dagger Spray","floor":5},{"not_picked":["Prepared","Quick Slash"],"picked":"After Image","floor":7},{"not_picked":["Dagger Spray","Quick Slash"],"picked":"Dash","floor":11},{"not_picked":["Cloak And Dagger","Reflex"],"picked":"Accuracy","floor":12},{"not_picked":["Venomology","Masterful Stab"],"picked":"Slice","floor":14},{"not_picked":["Wraith Form v2","Doppelganger"],"picked":"Malaise","floor":16},{"not_picked":["Masterful Stab","Concentrate"],"picked":"Deadly Poison","floor":18},{"not_picked":["All Out Attack","Terror"],"picked":"Deadly Poison","floor":19},{"not_picked":["Catalyst+1","Sucker Punch"],"picked":"Distraction","floor":22},{"not_picked":["Calculated Gamble+1","Skewer+1","Flying Knee"],"picked":"SKIP","floor":24},{"not_picked":["Calculated Gamble","Distraction"],"picked":"Storm of Steel","floor":28},{"not_picked":["Escape Plan+1","Sucker Punch","Blade Dance"],"picked":"SKIP","floor":29}],"player_experience":1242987,"relics_obtained":[{"floor":9,"key":"The Specimen"},{"floor":12,"key":"White Beast Statue"},{"floor":14,"key":"Sundial"},{"floor":26,"key":"Paper Crane"},{"floor":28,"key":"Dead Branch"}],"event_choices":[{"damage_healed":0,"gold_gain":0,"player_choice":"Ignored","damage_taken":0,"max_hp_gain":0,"max_hp_loss":0,"event_name":"Golden Wing","floor":2,"gold_loss":0},{"damage_healed":0,"gold_gain":0,"player_choice":"Searched \u00271\u0027 times","damage_taken":0,"max_hp_gain":0,"max_hp_loss":0,"event_name":"Dead Adventurer","floor":14,"gold_loss":0},{"damage_healed":0,"gold_gain":0,"player_choice":"Smashed Altar","damage_taken":0,"max_hp_gain":0,"max_hp_loss":0,"event_name":"Forgotten Altar","floor":20,"gold_loss":0,"cards_obtained":["Decay"]},{"damage_healed":0,"gold_gain":0,"player_choice":"Inject Mutagens","damage_taken":0,"relics_obtained":["MutagenicStrength"],"max_hp_gain":0,"max_hp_loss":0,"event_name":"Drug Dealer","floor":21,"gold_loss":0},{"damage_healed":0,"gold_gain":0,"player_choice":"Ignored","damage_taken":0,"max_hp_gain":0,"max_hp_loss":0,"event_name":"Vampires","floor":30,"gold_loss":0}],"is_beta":false,"boss_relics":[{"not_picked":["Sozu","Cursed Key"],"picked":"Ring of the Serpent"}],"items_purged_floors":[],"is_endless":false,"potions_floor_spawned":[1,4,11,14,16,18,19,22,24,28,29],"killed_by":"Automaton","ascension_level":19}}