{"host":"ceopyqoizwrgii5g","time":1608090492,"event":{"mods":["Act Like it!","Aspiration","BaseMod","BetterRewards","CapriCore","Conspire","Dota2Spire","GungeonMod","Hallownest","Hermit","Infinite Spire","Luminous","Marisa（霧雨　魔理沙）","Minty Spire (QoL Compilation)","Permanent Neow","Quick Restart","Reimu（博???）","Remilia（蕾米莉?）","Replay The Spire","Robot Space Explorer","RumiaBox-露米?的神秘盒子","SOS（斯巴?之子）","Shop Mod","Spicy Shops","StSLib","SuperFastMode","The Bug Knight","Transform Curses","WarShipGirlsR/??少女R mod","Youmu（魂魄妖?）","【?方二次?作】八云紫mod","【功能Mod】混沌之?修复?丁"],"gold_per_floor":[109,109,122,140,154,154,188,199,199,217,230,240,240,240,240,335,335,350,290,290,304,304,323,339,368,368,470,484,484,361,373,373,474,474,487,487,487],"floor_reached":36,"playtime":859,"items_purged":["ReplayTheSpireMod:Splinters"],"score":474,"play_id":"a26a888e-0124-43b5-96c7-4110537af839","local_time":"20201216114812","is_ascension_mode":true,"campfire_choices":[{"data":"Riddle With Holes","floor":6,"key":"SMITH"},{"floor":15,"key":"REST"},{"floor":29,"key":"REST"},{"floor":32,"key":"REST"}],"circlet_count":0,"master_deck":["Strike_G","Strike_G","Strike_G","Strike_G","Strike_G","Defend_G","Defend_G","Defend_G","Defend_G","Defend_G","Survivor","Neutralize","Riddle With Holes+1","Deadly Poison","Poisoned Stab","Dagger Spray","Poisoned Stab","Deadly Poison+1","Deadly Poison","Deadly Poison","Dagger Spray+1","Bane","Bane","Poisoned Stab","Deadly Poison","Corpse Explosion","Bane+1"],"relics":["conspire:SpecialSausage","AddBug","SecretRecord","SecretRecord","SecretRecord","SecretRecord","SecretRecord"],"acts_visited":["Exordium","TheCity","TheBeyond"],"potions_floor_usage":[16,16,16,25,25,33,36],"damage_taken":[{"damage":0,"enemies":"Small Slimes","floor":1,"turns":3},{"damage":0,"enemies":"Cultist","floor":3,"turns":2},{"damage":3,"enemies":"2 Louse","floor":4,"turns":2},{"damage":7,"enemies":"Exordium Wildlife","floor":5,"turns":3},{"damage":10,"enemies":"Lagavulin","floor":7,"turns":5},{"damage":0,"enemies":"Large Slime","floor":8,"turns":4},{"damage":8,"enemies":"2 Fungi Beasts","floor":10,"turns":3},{"damage":7,"enemies":"3 Louse","floor":11,"turns":2},{"damage":0,"enemies":"Gremlin Gang","floor":12,"turns":1},{"damage":22,"enemies":"Hexaghost","floor":16,"turns":6},{"damage":24,"enemies":"2 Thieves","floor":18,"turns":3},{"damage":30,"enemies":"conspire:FuzzyDice","floor":21,"turns":4},{"damage":12,"enemies":"Chosen and Byrds","floor":23,"turns":4},{"damage":0,"enemies":"3 Cultists","floor":24,"turns":2},{"damage":20,"enemies":"Book of Stabbing","floor":25,"turns":3},{"damage":15,"enemies":"Shelled Parasite and Fungi","floor":28,"turns":2},{"damage":0,"enemies":"Snake Plant","floor":31,"turns":2},{"damage":35,"enemies":"Collector","floor":33,"turns":4},{"damage":6,"enemies":"3 Shapes","floor":35,"turns":2},{"damage":69,"enemies":"3 Shapes","floor":36,"turns":9}],"seed_played":"-8092790063716386973","potions_obtained":[{"floor":4,"key":"Weak Potion"},{"floor":10,"key":"Explosive Potion"},{"floor":12,"key":"AttackPotion"},{"floor":21,"key":"SkillPotion"},{"floor":23,"key":"Dota2Spire:Clarity"},{"floor":28,"key":"PowerPotion"},{"floor":35,"key":"Cursed Concoction"}],"is_trial":false,"path_per_floor":["M","?","M","M","M","R","E","M","T","M","M","M","?","$","R","B",null,"M","?","?","M","?","M","M","E","T","?","M","R","$","M","R","B",null,"M","?"],"character_chosen":"THE_SILENT","items_purchased":["Poisoned Stab"],"campfire_rested":3,"item_purchase_floors":[30],"current_hp_per_floor":[70,70,70,67,60,60,50,50,50,42,35,35,35,35,56,34,70,46,46,46,16,80,68,68,48,48,48,33,57,57,57,80,45,80,74,0,0],"gold":487,"neow_bonus":"BOSS_RELIC","is_daily":false,"chose_seed":false,"campfire_upgraded":1,"win_rate":0.0,"timestamp":1608090492,"path_taken":["M","?","M","M","M","R","E","?","T","M","M","M","?","?","R","BOSS","M","?","?","M","?","?","M","E","T","?","M","R","$","M","R","BOSS","M","?"],"items_purchased_type":["Card"],"build_version":"2020-12-13","purchased_purges":1,"victory":false,"max_hp_per_floor":[70,70,70,70,70,70,70,70,70,70,70,70,70,70,70,70,70,70,70,70,70,80,80,80,80,80,80,80,80,80,80,80,80,80,80,80,80],"card_choices":[{"not_picked":["Predator","ReplayTheSpireMod:Speed Training"],"picked":"Riddle With Holes","floor":1},{"not_picked":["Terror","Slice"],"picked":"Deadly Poison","floor":3},{"not_picked":["Quick Slash","Acrobatics"],"picked":"Poisoned Stab","floor":4},{"not_picked":["Backflip","Flying Knee","Hidden Blade"],"picked":"SKIP","floor":5},{"not_picked":["Acrobatics","Hidden Blade"],"picked":"Dagger Spray","floor":7},{"not_picked":["Deflect","Sucker Punch","Fluid Movement"],"picked":"SKIP","floor":8},{"not_picked":["PiercingWail","Sucker Punch"],"picked":"Poisoned Stab","floor":10},{"not_picked":["Sucker Punch","Terror","ReplayTheSpireMod:Exploit Weakness"],"picked":"SKIP","floor":11},{"not_picked":["Dodge and Roll","Backstab","Underhanded Strike"],"picked":"SKIP","floor":12},{"not_picked":["Tools of the Trade","Night Terror"],"picked":"ReplayTheSpireMod:From All Sides","floor":16},{"not_picked":["Underhanded Strike","ReplayTheSpireMod:Scrap Shanks+1"],"picked":"Deadly Poison+1","floor":18},{"not_picked":["Hidden Blade","Well Laid Plans"],"picked":"Deadly Poison","floor":21},{"not_picked":["Acrobatics","Prepared"],"picked":"Deadly Poison","floor":23},{"not_picked":["Hidden Blade","Replay:Poison Smokescreen","ReplayTheSpireMod:Exploit Weakness"],"picked":"SKIP","floor":24},{"not_picked":["Poisoned Stab","Escape Plan"],"picked":"Dagger Spray+1","floor":25},{"not_picked":["Cloak And Dagger","Dodge and Roll"],"picked":"Bane","floor":27},{"not_picked":["ReplayTheSpireMod:The Works+1","Cloak And Dagger"],"picked":"Bane","floor":28},{"not_picked":["Prepared+1","Flying Knee"],"picked":"Deadly Poison","floor":31},{"not_picked":["Replay:Bag of Tricks","Burst"],"picked":"Corpse Explosion","floor":33},{"not_picked":["Tactician+1","Escape Plan+1"],"picked":"Bane+1","floor":35}],"player_experience":302084,"relics_obtained":[{"floor":1,"key":"AddBug"},{"floor":7,"key":"Snake Skull"},{"floor":9,"key":"Bottled Flame"},{"floor":10,"key":"SecretRecord"},{"floor":16,"key":"SecretRecord"},{"floor":21,"key":"SecretRecord"},{"floor":25,"key":"Dota2Spire:PowerTreads"},{"floor":26,"key":"Dota2Spire:ArmletOfMordiggian"},{"floor":28,"key":"SecretRecord"}],"event_choices":[{"damage_healed":0,"gold_gain":0,"player_choice":"Trade","damage_taken":0,"relics_obtained":["NlothsMask"],"max_hp_gain":0,"max_hp_loss":0,"event_name":"FaceTrader","floor":2,"gold_loss":0},{"damage_healed":0,"gold_gain":0,"player_choice":"Ignored","damage_taken":0,"max_hp_gain":0,"max_hp_loss":0,"event_name":"Golden Wing","floor":13,"gold_loss":0},{"damage_healed":0,"gold_gain":0,"player_choice":"Leave","damage_taken":0,"max_hp_gain":0,"max_hp_loss":0,"event_name":"conspire:Investor","floor":20,"gold_loss":0},{"cards_removed":["ReplayTheSpireMod:From All Sides"],"damage_healed":54,"gold_gain":0,"player_choice":"Offered Rare","damage_taken":0,"max_hp_gain":10,"max_hp_loss":0,"event_name":"Bonfire Elementals","floor":22,"gold_loss":0}],"is_beta":false,"boss_relics":[{"not_picked":["Snecko Eye","RedLine:ReiMu"],"picked":"Dota2Spire:RefresherOrb"},{"not_picked":["EasyGame_NEW","Tiny House"],"picked":"Replay:Grab Bag"}],"items_purged_floors":[30],"is_endless":false,"potions_floor_spawned":[4,8,10,12,21,23,24,28,35],"killed_by":"3 Shapes","ascension_level":3}}