{"host":"utqe55yv0jihe4d6","time":1608088430,"event":{"mods":["2.2 Compatiblity","AchievementEnabler","BaseMod","Block Reminder","Colored Map","Colored Powertips","Minty Spire (QoL Compilation)","Quick Restart","Rare Cards Sparkle","Relic Stats","SuperFastMode"],"gold_per_floor":[109,159,176,195,207,207,219,219,246,275,29,29,29,62,62,133,133,144,144,144,13,33,33,58,58,58,76,76,90,90,110,110,184,184,196,196,243,293,293,327,58,58,104,104,126,167,201,245,245,245,245,245],"floor_reached":51,"playtime":2117,"items_purged":["Strike_B","Strike_B"],"score":1493,"play_id":"49ac0f50-140f-4ee1-9585-8b9ec3053b52","local_time":"20201215221350","is_ascension_mode":true,"campfire_choices":[{"data":"Consume","floor":6.0,"key":"SMITH"},{"data":"White Noise","floor":8.0,"key":"SMITH"},{"floor":15.0,"key":"REST"},{"data":"Creative AI","floor":23.0,"key":"SMITH"},{"data":"Seek","floor":25.0,"key":"SMITH"},{"data":"Self Repair","floor":30.0,"key":"SMITH"},{"floor":32.0,"key":"REST"},{"data":"Capacitor","floor":42.0,"key":"SMITH"},{"floor":44.0,"key":"RECALL"},{"floor":49.0,"key":"REST"}],"circlet_count":0,"master_deck":["AscendersBane","Strike_B+1","Strike_B","Defend_B","Defend_B","Defend_B","Defend_B","Zap","Dualcast","Cold Snap","Consume+1","White Noise+1","White Noise+1","Ball Lightning+1","Creative AI+1","Storm","Seek+1","Self Repair+1","Static Discharge","Coolheaded","Capacitor+1","Thinking Ahead","Master of Strategy","Glacier+1","Self Repair","Coolheaded","Defragment","Heatsinks","Barrage","Self Repair"],"relics":["FrozenCore","Potion Belt","Whetstone","Strawberry","Lantern","Nunchaku","Girya","Mummified Hand","CeramicFish","Mango","Anchor","Ancient Tea Set","PreservedInsect","CaptainsWheel","Vajra"],"acts_visited":["Exordium","TheCity","TheBeyond"],"potions_floor_usage":[51,51,51],"damage_taken":[{"damage":9.0,"enemies":"Jaw Worm","floor":1.0,"turns":4.0},{"damage":6.0,"enemies":"Cultist","floor":3.0,"turns":4.0},{"damage":0.0,"enemies":"Small Slimes","floor":4.0,"turns":3.0},{"damage":8.0,"enemies":"Blue Slaver","floor":5.0,"turns":4.0},{"damage":3.0,"enemies":"Looter","floor":7.0,"turns":4.0},{"damage":11.0,"enemies":"Gremlin Nob","floor":10.0,"turns":3.0},{"damage":10.0,"enemies":"3 Sentries","floor":14.0,"turns":4.0},{"damage":30.0,"enemies":"Slime Boss","floor":16.0,"turns":6.0},{"damage":26.0,"enemies":"Chosen","floor":18.0,"turns":4.0},{"damage":18.0,"enemies":"Shell Parasite","floor":22.0,"turns":8.0},{"damage":0.0,"enemies":"Gremlin Leader","floor":24.0,"turns":5.0},{"damage":15.0,"enemies":"3 Cultists","floor":27.0,"turns":4.0},{"damage":23.0,"enemies":"Shelled Parasite and Fungi","floor":29.0,"turns":4.0},{"damage":15.0,"enemies":"Snake Plant","floor":31.0,"turns":3.0},{"damage":24.0,"enemies":"Champ","floor":33.0,"turns":8.0},{"damage":1.0,"enemies":"Orb Walker","floor":35.0,"turns":4.0},{"damage":42.0,"enemies":"2 Orb Walkers","floor":38.0,"turns":4.0},{"damage":20.0,"enemies":"Giant Head","floor":40.0,"turns":8.0},{"damage":38.0,"enemies":"3 Darklings","floor":45.0,"turns":8.0},{"damage":19.0,"enemies":"Nemesis","floor":46.0,"turns":9.0},{"damage":0.0,"enemies":"Mind Bloom Boss Battle","floor":47.0,"turns":6.0},{"damage":38.0,"enemies":"Giant Head","floor":48.0,"turns":7.0},{"damage":15.0,"enemies":"Donu and Deca","floor":50.0,"turns":13.0},{"damage":94,"enemies":"Awakened One","floor":51,"turns":6}],"seed_played":"8026418297053629508","potions_obtained":[{"floor":3.0,"key":"SkillPotion"},{"floor":5.0,"key":"ColorlessPotion"},{"floor":7.0,"key":"FocusPotion"},{"floor":24.0,"key":"GamblersBrew"},{"floor":29.0,"key":"FocusPotion"},{"floor":31.0,"key":"LiquidBronze"},{"floor":35.0,"key":"SpeedPotion"},{"floor":45.0,"key":"Explosive Potion"},{"floor":48.0,"key":"Fire Potion"}],"is_trial":false,"path_per_floor":["M","?","M","M","M","R","M","R","T","E","$","?","?","E","R","B",null,"M","?","?","$","M","R","E","R","T","M","$","M","R","M","R","B",null,"M","?","T","?","?","E","$","R","T","R","M","E","?","E","R","B","B"],"character_chosen":"DEFECT","items_purchased":["Lantern","Self Repair","PowerPotion","Self Repair","PowerPotion","Coolheaded"],"campfire_rested":3,"item_purchase_floors":[11,21,21,41,41,41],"current_hp_per_floor":[55,55,49,49,41,41,38,38,38,34,34,34,29,19,42,12,62,36,52,52,52,41,41,48,48,48,47,47,31,31,26,49,35,67,76,66,66,58,58,58,58,58,58,58,44,42,59,38,65,81,0,0],"gold":245,"neow_bonus":"RANDOM_COMMON_RELIC","is_daily":false,"chose_seed":false,"campfire_upgraded":6,"win_rate":0.0,"timestamp":1608088430,"path_taken":["M","?","M","M","?","R","M","R","T","E","$","?","?","E","R","BOSS","M","?","?","?","M","R","E","R","T","M","$","M","R","M","R","BOSS","M","?","?","?","?","E","$","R","T","R","M","E","?","E","R","BOSS","BOSS"],"items_purchased_type":["Relic","Card","Potion","Card","Potion","Card"],"build_version":"2020-12-13","purchased_purges":2,"victory":false,"max_hp_per_floor":[71,71,71,71,71,71,71,71,71,78,78,78,78,78,78,78,78,78,78,78,78,78,78,78,78,78,78,78,78,78,78,78,78,78,78,78,78,92,92,92,92,92,92,92,92,92,92,92,92,92,92,92],"relic_stats":{"Nunchaku":[11],"counters":[24,133],"Mummified Hand":[169],"CeramicFish":63,"PreservedInsect":130,"Whetstone":["Ball Lightning","Strike_B"],"obtain_stats":[{"Potion Belt":0,"Girya":14,"Lantern":11,"CeramicFish":37,"Vajra":48,"Mango":38,"PreservedInsect":46,"Whetstone":9,"Ancient Tea Set":43,"FrozenCore":17,"Nunchaku":13,"Anchor":40,"CaptainsWheel":47,"Mummified Hand":24,"Strawberry":10,"Cracked Core":0},{"Potion Belt":0,"Girya":7,"Lantern":6,"CeramicFish":16,"Vajra":22,"Mango":17,"PreservedInsect":20,"Whetstone":5,"Ancient Tea Set":18,"FrozenCore":8,"Nunchaku":6,"Anchor":18,"CaptainsWheel":21,"Mummified Hand":11,"Strawberry":6,"Cracked Core":0},{"Potion Belt":0,"Girya":26,"Lantern":22,"CeramicFish":72,"Vajra":114,"Mango":76,"PreservedInsect":101,"Whetstone":19,"Ancient Tea Set":84,"FrozenCore":32,"Nunchaku":22,"Anchor":84,"CaptainsWheel":107,"Mummified Hand":49,"Strawberry":22,"Cracked Core":0}],"FrozenCore":[24]},"card_choices":[{"not_picked":["Stack","Hologram"],"picked":"Cold Snap","floor":1.0},{"not_picked":["Darkness","Conserve Battery"],"picked":"Consume","floor":3.0},{"not_picked":["Go for the Eyes","Barrage"],"picked":"White Noise","floor":4.0},{"not_picked":["Go for the Eyes","Barrage"],"picked":"White Noise","floor":5.0},{"not_picked":["Compile Driver","Rebound"],"picked":"Ball Lightning","floor":7.0},{"not_picked":["Auto Shields","Beam Cell"],"picked":"Creative AI","floor":10.0},{"not_picked":["Turbo","Conserve Battery"],"picked":"Storm","floor":14.0},{"not_picked":["All For One","Creative AI"],"picked":"Seek","floor":16.0},{"not_picked":["Cold Snap","Steam","Conserve Battery"],"picked":"SKIP","floor":18.0},{"not_picked":["Conserve Battery","Beam Cell","Lockon"],"picked":"SKIP","floor":22.0},{"not_picked":["All For One","Double Energy"],"picked":"Static Discharge","floor":24.0},{"not_picked":["Conserve Battery+1","Ball Lightning"],"picked":"Coolheaded","floor":27.0},{"not_picked":["Leap","Ball Lightning","Rebound"],"picked":"SKIP","floor":29.0},{"not_picked":["Storm","Conserve Battery"],"picked":"Capacitor","floor":31.0},{"not_picked":["Cold Snap","Hologram","Redo+1"],"picked":"SKIP","floor":35.0},{"not_picked":["Panacea","Blind"],"picked":"Thinking Ahead","floor":36.0},{"not_picked":["Impatience","Flash of Steel"],"picked":"Master of Strategy","floor":36.0},{"not_picked":["Stack","Sunder"],"picked":"Glacier+1","floor":40.0},{"not_picked":["Chaos+1","Sweeping Beam"],"picked":"Defragment","floor":45.0},{"not_picked":["Beam Cell","Redo"],"picked":"Heatsinks","floor":46.0},{"not_picked":["Go for the Eyes","Sweeping Beam"],"picked":"Barrage","floor":47.0},{"not_picked":["Chill","Cold Snap"],"picked":"Self Repair","floor":48.0}],"player_experience":2762050,"relics_obtained":[{"floor":9.0,"key":"Whetstone"},{"floor":10.0,"key":"Strawberry"},{"floor":14.0,"key":"Girya"},{"floor":24.0,"key":"Mummified Hand"},{"floor":37.0,"key":"CeramicFish"},{"floor":38.0,"key":"Mango"},{"floor":40.0,"key":"Anchor"},{"floor":43.0,"key":"Ancient Tea Set"},{"floor":46.0,"key":"PreservedInsect"},{"floor":47.0,"key":"CaptainsWheel"},{"floor":48.0,"key":"Vajra"}],"event_choices":[{"damage_healed":0.0,"max_hp_gain":0.0,"max_hp_loss":0.0,"gold_gain":50.0,"event_name":"Golden Shrine","player_choice":"Pray","floor":2.0,"gold_loss":0.0,"damage_taken":0.0},{"damage_healed":0.0,"max_hp_gain":0.0,"max_hp_loss":0.0,"gold_gain":0.0,"event_name":"Living Wall","player_choice":"Grow","floor":12.0,"gold_loss":0.0,"damage_taken":0.0,"cards_upgraded":["White Noise"]},{"damage_healed":0.0,"max_hp_gain":0.0,"max_hp_loss":0.0,"gold_gain":0.0,"event_name":"Scrap Ooze","player_choice":"Success","floor":13.0,"gold_loss":0.0,"damage_taken":5.0,"relics_obtained":["Nunchaku"]},{"damage_healed":16.0,"max_hp_gain":0.0,"max_hp_loss":0.0,"gold_gain":0.0,"event_name":"The Library","player_choice":"Heal","floor":19.0,"gold_loss":0.0,"damage_taken":0.0},{"damage_healed":0.0,"max_hp_gain":0.0,"max_hp_loss":0.0,"gold_gain":0.0,"event_name":"Vampires","player_choice":"Ignored","floor":20.0,"gold_loss":0.0,"damage_taken":0.0},{"damage_healed":0.0,"max_hp_gain":0.0,"max_hp_loss":0.0,"gold_gain":0.0,"event_name":"SensoryStone","player_choice":"Memory 3","floor":36.0,"gold_loss":0.0,"damage_taken":10.0},{"damage_healed":0.0,"max_hp_gain":0.0,"max_hp_loss":0.0,"gold_gain":0.0,"event_name":"Mysterious Sphere","player_choice":"Fight","floor":38.0,"gold_loss":0.0,"damage_taken":0.0},{"damage_healed":0.0,"max_hp_gain":0.0,"max_hp_loss":0.0,"gold_gain":0.0,"event_name":"Tomb of Lord Red Mask","player_choice":"Ignored","floor":39.0,"gold_loss":0.0,"damage_taken":0.0},{"damage_healed":0.0,"max_hp_gain":0.0,"max_hp_loss":0.0,"gold_gain":0.0,"event_name":"MindBloom","player_choice":"Fight","floor":47.0,"gold_loss":0.0,"damage_taken":0.0}],"is_beta":false,"boss_relics":[{"not_picked":["Black Star","SlaversCollar"],"picked":"FrozenCore"},{"not_picked":["Sozu","Velvet Choker","Coffee Dripper"]}],"items_purged_floors":[11,41],"is_endless":false,"potions_floor_spawned":[3,5,7,24,29,31,35,45,48],"killed_by":"Awakened One","ascension_level":20}}