{"host":"16je3t89sok2dgub","time":1608147000,"event":{"mods":["BaseMod","Better Altar","Better Match","Better Sensory Stone","Better Skull","Better Third Choice","Colored Map","Downfall","Hermit","Jorbs\u0027s Wanderer Trilogy","Minty Spire (QoL Compilation)","Permanent Neow","Relic Stats","StSLib","The Mystic","The Poker Player","The Runesmith","The Showman","The Spell Scribe","TheBandit","Trackpad"],"gold_per_floor":[110,56,56,156,176,210,210,237,237,249,249,29,29,44,44,142,142,157,170,48,66,66,66,66],"floor_reached":23,"playtime":1229,"items_purged":["Defend_P"],"score":246,"play_id":"f4d1dd0e-4161-46b6-b60a-4f4b40b135f0","local_time":"20201216133000","is_ascension_mode":true,"campfire_choices":[{"data":"Vigilance","floor":7,"key":"SMITH"},{"data":"ClearTheMind","floor":11,"key":"SMITH"},{"data":"Eruption","floor":15,"key":"SMITH"}],"circlet_count":0,"master_deck":["Strike_P","Strike_P+1","Strike_P+1","Strike_P+1","Defend_P","Defend_P","Defend_P","Eruption+1","Vigilance+1","BowlingBash","ClearTheMind+1","Evaluate","Wireheading","ThirdEye","Blasphemy","Nirvana","TalkToTheHand+1","LessonLearned"],"relics":["PureWater","NeowsBlessing","StrikeDummy","trackpad:Mousetrap","The Courier","MealTicket","Cursed Key"],"acts_visited":["Exordium","TheCity"],"potions_floor_usage":[23,23,23],"damage_taken":[{"damage":0,"enemies":"Small Slimes","floor":1,"turns":1},{"damage":0,"enemies":"Cultist","floor":5,"turns":1},{"damage":0,"enemies":"Lagavulin","floor":6,"turns":2},{"damage":17,"enemies":"3 Sentries","floor":8,"turns":7},{"damage":0,"enemies":"2 Louse","floor":10,"turns":2},{"damage":7,"enemies":"Exordium Wildlife","floor":14,"turns":3},{"damage":56,"enemies":"Hexaghost","floor":16,"turns":14},{"damage":9,"enemies":"3 Byrds","floor":18,"turns":4},{"damage":21,"enemies":"2 Thieves","floor":19,"turns":4},{"damage":20,"enemies":"Cultist and Chosen","floor":21,"turns":8},{"damage":69,"enemies":"Gremlin Leader","floor":23,"turns":9}],"seed_played":"-597573195302858171","potions_obtained":[{"floor":1,"key":"Weak Potion"},{"floor":14,"key":"LiquidBronze"},{"floor":16,"key":"SteroidPotion"}],"is_trial":false,"path_per_floor":["M","$","?","?","M","E","R","E","T","M","R","$","?","M","R","B",null,"M","M","$","M","?","E"],"character_chosen":"WATCHER","items_purchased":["BowlingBash","MealTicket","ThirdEye","LessonLearned"],"campfire_rested":0,"item_purchase_floors":[2,12,12,20],"current_hp_per_floor":[72,72,58,58,58,58,58,41,41,41,41,41,72,65,65,9,72,63,42,57,37,61,0,0],"gold":66,"neow_bonus":"THREE_ENEMY_KILL","is_daily":false,"chose_seed":false,"campfire_upgraded":3,"win_rate":0.0,"timestamp":1608147000,"path_taken":["M","$","?","?","?","E","R","E","T","M","R","$","?","M","R","BOSS","M","M","$","?","?","E"],"items_purchased_type":["Card","Relic","Card","Card"],"build_version":"2020-12-13","purchased_purges":1,"victory":false,"max_hp_per_floor":[72,72,72,72,72,72,72,72,72,72,72,72,72,72,72,72,72,72,72,72,72,72,72,72],"relic_stats":{"counters":[11,55],"MealTicket":15,"Cursed Key":0,"obtain_stats":[{"trackpad:Mousetrap":8,"NeowsBlessing":0,"MealTicket":12,"The Courier":9,"PureWater":0,"StrikeDummy":6,"Cursed Key":17},{"trackpad:Mousetrap":4,"NeowsBlessing":0,"MealTicket":5,"The Courier":4,"PureWater":0,"StrikeDummy":3,"Cursed Key":7},{"trackpad:Mousetrap":11,"NeowsBlessing":0,"MealTicket":13,"The Courier":11,"PureWater":0,"StrikeDummy":4,"Cursed Key":30}]},"card_choices":[{"not_picked":["MentalFortress","Fasting2"],"picked":"Worship","floor":1},{"not_picked":["ThirdEye","FlyingSleeves"],"picked":"ClearTheMind","floor":5},{"not_picked":["ThirdEye","Ragnarok","BowlingBash"],"picked":"SKIP","floor":6},{"not_picked":["InnerPeace","Halt"],"picked":"Evaluate","floor":8},{"not_picked":["FollowUp","CutThroughFate"],"picked":"Wireheading","floor":10},{"not_picked":["PathToVictory","EmptyFist","Consecrate"],"picked":"SKIP","floor":14},{"not_picked":["Devotion","Brilliance"],"picked":"Blasphemy","floor":16},{"not_picked":["BowlingBash+1","EmptyFist+1"],"picked":"Nirvana","floor":18},{"not_picked":["BattleHymn+1","Prostrate+1"],"picked":"TalkToTheHand+1","floor":19},{"not_picked":["EmptyBody","Collect","ThirdEye"],"picked":"SKIP","floor":21}],"player_experience":376128,"relics_obtained":[{"floor":6,"key":"StrikeDummy"},{"floor":8,"key":"trackpad:Mousetrap"},{"floor":9,"key":"The Courier"}],"event_choices":[{"damage_healed":72,"gold_gain":0,"player_choice":"Upgrade","damage_taken":14,"max_hp_gain":0,"max_hp_loss":72,"event_name":"betterThird:BetterShining","floor":3,"gold_loss":0,"cards_upgraded":["Strike_P","Strike_P"]},{"damage_healed":0,"gold_gain":100,"player_choice":"Pray","damage_taken":0,"max_hp_gain":0,"max_hp_loss":0,"event_name":"Golden Shrine","floor":4,"gold_loss":0},{"cards_removed":["Worship"],"damage_healed":31,"gold_gain":0,"player_choice":"Offered Uncommon","damage_taken":0,"max_hp_gain":0,"max_hp_loss":0,"event_name":"Bonfire Elementals","floor":13,"gold_loss":0},{"damage_healed":24,"gold_gain":0,"player_choice":"Heal","damage_taken":0,"max_hp_gain":0,"max_hp_loss":0,"event_name":"The Library","floor":22,"gold_loss":0}],"is_beta":false,"boss_relics":[{"not_picked":["Runesmith:UraniumAnvil","Tiny House"],"picked":"Cursed Key"}],"items_purged_floors":[12],"is_endless":false,"potions_floor_spawned":[1,14,16,21],"killed_by":"Gremlin Leader","ascension_level":2}}