{"host":"6xsbn6ynqlzwllfm","time":1608088390,"event":{"mods":["2.2 Compatiblity","BaseMod","Bestiary","Colored Map","Colored Powertips","Downfall","Googly Eyes","Highlight Path","Minty Spire (QoL Compilation)","Relic Stats","Slay the Relics Exporter","StSLib"],"gold_per_floor":[117,192,207,223,242,242,277,277,277,308,319,354,354,354,354,354,354],"floor_reached":16,"playtime":765,"items_purged":[],"score":174,"play_id":"e9adefdc-91e4-43a5-80f7-b95e577a727d","local_time":"20201215221310","is_ascension_mode":true,"campfire_choices":[{"data":"Guardian:MultiBeam","floor":6,"key":"SMITH"},{"floor":8,"key":"REST"},{"floor":13,"key":"RECALL"},{"data":"Guardian:Harden","floor":15,"key":"SMITH"}],"circlet_count":0,"master_deck":["Guardian:Strike_Guardian","Guardian:Strike_Guardian","Guardian:Strike_Guardian","Guardian:Strike_Guardian","Guardian:Defend_Guardian","Guardian:Defend_Guardian","Guardian:Defend_Guardian","Guardian:Defend_Guardian","Guardian:CurlUp","Guardian:TwinSlam","Guardian:PolyBeam","Guardian:Recover","Guardian:MultiBeam+1","Guardian:Reroute","Guardian:PiercingHide","Guardian:Harden+1"],"relics":["SacredBark","Matryoshka","Ancient Tea Set","Singing Bowl","Tiny Chest","TungstenRod"],"acts_visited":["Exordium"],"potions_floor_usage":[5,7],"damage_taken":[{"damage":9,"enemies":"Jaw Worm","floor":1,"turns":5},{"damage":0,"enemies":"Cultist","floor":3,"turns":4},{"damage":5,"enemies":"Small Slimes","floor":4,"turns":4},{"damage":19,"enemies":"Exordium Wildlife","floor":5,"turns":5},{"damage":15,"enemies":"3 Sentries","floor":7,"turns":5},{"damage":19,"enemies":"Gremlin Nob","floor":10,"turns":4},{"damage":0,"enemies":"Large Slime","floor":11,"turns":6},{"damage":15,"enemies":"3 Sentries","floor":12,"turns":4},{"damage":16,"enemies":"Slime Boss","floor":16,"turns":3}],"seed_played":"-2123716949727436563","potions_obtained":[{"floor":1,"key":"ColorlessPotion"},{"floor":3,"key":"Strength Potion"},{"floor":7,"key":"Ancient Potion"}],"is_trial":false,"path_per_floor":["M","?","M","M","M","R","E","R","T","E","M","E","R","?","R","B"],"character_chosen":"GUARDIAN","items_purchased":[],"campfire_rested":1,"item_purchase_floors":[],"current_hp_per_floor":[63,55,55,50,31,31,16,40,40,23,23,8,8,8,8,0,0],"gold":354,"neow_bonus":"BOSS_RELIC","is_daily":false,"chose_seed":false,"campfire_upgraded":2,"win_rate":0.0,"timestamp":1608088390,"path_taken":["M","?","?","M","M","R","E","R","T","E","M","E","R","?","R","BOSS"],"items_purchased_type":[],"build_version":"2020-12-13","purchased_purges":0,"victory":false,"max_hp_per_floor":[80,80,80,80,80,80,80,80,80,82,82,82,82,82,82,82,82],"relic_stats":{"Singing Bowl":2,"counters":[9,40],"Tiny Chest":0,"obtain_stats":[{"Matryoshka":7,"Singing Bowl":9,"SacredBark":0,"Guardian:ModeShifter":0,"Tiny Chest":10,"Ancient Tea Set":9,"TungstenRod":12},{"Matryoshka":5,"Singing Bowl":5,"SacredBark":0,"Guardian:ModeShifter":0,"Tiny Chest":6,"Ancient Tea Set":5,"TungstenRod":8},{"Matryoshka":23,"Singing Bowl":23,"SacredBark":0,"Guardian:ModeShifter":0,"Tiny Chest":27,"Ancient Tea Set":23,"TungstenRod":37}],"TungstenRod":1},"card_choices":[{"not_picked":["Guardian:Emergency","Guardian:Repulse"],"picked":"Guardian:PolyBeam","floor":1},{"not_picked":["Guardian:Gem_Yellow","Guardian:RollAttack"],"picked":"Guardian:Recover","floor":3},{"not_picked":["Guardian:ShieldCharger","Guardian:ConstructionForm"],"picked":"Guardian:MultiBeam","floor":4},{"not_picked":["Guardian:DonusPower","Guardian:Repulse"],"picked":"Guardian:Reroute","floor":5},{"not_picked":["Guardian:BaubleBeam","Guardian:Reroute"],"picked":"Guardian:PiercingHide","floor":7},{"not_picked":["Guardian:RollAttack","Guardian:PiercingHide","Guardian:ExploitGems"],"picked":"Singing Bowl","floor":10},{"not_picked":["Guardian:Emergency","Guardian:Incinerate"],"picked":"Guardian:Harden","floor":11},{"not_picked":["Guardian:RollAttack","Guardian:Gem_Cyan"],"picked":"Guardian:Gem_White","floor":12}],"player_experience":1190164,"relics_obtained":[{"floor":7,"key":"Matryoshka"},{"floor":9,"key":"Ancient Tea Set"},{"floor":9,"key":"Singing Bowl"},{"floor":10,"key":"Tiny Chest"},{"floor":12,"key":"TungstenRod"}],"event_choices":[{"damage_healed":0,"gold_gain":75,"player_choice":"Touch","damage_taken":8,"max_hp_gain":0,"max_hp_loss":0,"event_name":"FaceTrader","floor":2,"gold_loss":0},{"damage_healed":0,"gold_gain":0,"player_choice":"Ignored","damage_taken":0,"max_hp_gain":0,"max_hp_loss":0,"event_name":"Shining Light","floor":14,"gold_loss":0}],"is_beta":false,"boss_relics":[],"items_purged_floors":[],"is_endless":false,"potions_floor_spawned":[1,3,7],"killed_by":"Slime Boss","ascension_level":9}}