{"host":"mi24dmma43d7mlws","time":1608155125,"event":{"mods":["2.2 Compatiblity","Astrologer","Bard","BaseMod","Beaked The Cultist","Bestiary","Better Note","CatGirl Mod","Colored Map","Colored Powertips","Custom Start","DeckTracker","Downfall","Fiend Mod","Fireblade Mod","Hermit","Highlight Path","JesterMod","Jorbs\u0027s Wanderer Trilogy","Mad Scientist","Magitek Elite","Minty Spire (QoL Compilation)","Potionbrewer","QueenMod","Quick Restart","Rare Cards Sparkle","Relic Stats","Shade Mod","Somnambulant","StSLib","Td1madao Mod","The Accelerator","The Blackbeard","The Bladedancer","The Bug Knight","The Clintock","The Construct","The Cursed","The Death Knight","The Disciple","The Elementalist","The Florist","The Forsaken","The Gatherer","The Hayseed","The Hierophant","The Judge","The Juggle","The Mystic","The Necromancer","The Problem Sleuth","The Runesmith","The Sage","The Senshi","The Servant 0.9.4","The Showman","The Spell Scribe","The Trickster","The Valiant","The Vixen","The Wild Card","TheArtist","TheBandit","TheFirefly","TheHeartMod","TheHero","TheLocksmith","everything is the same but u backflip on backflip","slay the spire mod where everything is the same but ironclad has a cowboy hat","thorton"],"gold_per_floor":[99,118,43,61,76,103,157,157,182,107,127,147,167,167,184,279,279,279,379,200,215,227,41,41,79,92,92,143,193,221,271,286,286,286],"floor_reached":33,"playtime":4254,"items_purged":["hexamod:Strike","hexamod:Strike","hexamod:Strike"],"score":318,"play_id":"65f42ec3-8ca8-49dd-afeb-3540260e1513","local_time":"20201216214525","is_ascension_mode":true,"campfire_choices":[{"floor":1,"key":"RECALL"},{"data":"hexamod:NightmareStrike","floor":3,"key":"SMITH"},{"data":"hexamod:VolcanoVisage","floor":10,"key":"SMITH"},{"data":"hexamod:BurningTouch","floor":18,"key":"SMITH"},{"floor":27,"key":"REST"}],"circlet_count":0,"master_deck":["hexamod:Strike","hexamod:Defend+1","hexamod:Defend","hexamod:Defend+1","hexamod:Defend","hexamod:Sear","hexamod:Float","hexamod:NightmareStrike+1","hexamod:BurningTouch+1","hexamod:Hexaguard","hexamod:Hexaguard+1","hexamod:FirstSeal","hexamod:VolcanoVisage+1","hexamod:Firestarter","hexamod:Incineration+1","hexamod:GhostLash+1","hexamod:HauntingEcho","hexamod:FifthSeal","hexamod:SecondSeal","hexamod:SoulSteal","hexamod:ThirdSeal","hexamod:SixthSeal","hexamod:GhostShield","hexamod:ParanormalForm","hexamod:NightmareGuise","hexamod:GhostShield","hexamod:ExtraCrispy","hexamod:FirstSeal","hexamod:FourthSeal","hexamod:SoulSteal+1","Necronomicurse","hexamod:TimeOfNeed","hexamod:PowerFromBeyond"],"relics":["hexamod:SpiritBrand","downfall:HeartBlessingRed","Runesmith:AutoHammer","Tintinnabulum","construct:FoamFinger","downfall:HeartBlessingGreen","Snecko Eye","downfall:CloakOfManyFaces","CultistMask","FaceOfCleric","NlothsMask","GremlinMask","SsserpentHead","Strange Spoon","Molten Egg 2","PreservedInsect","Necronomicon"],"acts_visited":["Exordium","TheCity"],"potions_floor_usage":[6,13,13,16,16,20,20,22,32,32,33],"damage_taken":[{"damage":0,"enemies":"Small Slimes","floor":2,"turns":3},{"damage":0,"enemies":"2 Louse","floor":4,"turns":2},{"damage":0,"enemies":"Cultist","floor":5,"turns":3},{"damage":7,"enemies":"Gremlin Nob","floor":6,"turns":3},{"damage":14,"enemies":"Lagavulin","floor":9,"turns":8},{"damage":4,"enemies":"Exordium Thugs","floor":11,"turns":3},{"damage":0,"enemies":"2 Fungi Beasts","floor":12,"turns":3},{"damage":10,"enemies":"Gremlin Gang","floor":13,"turns":3},{"damage":4,"enemies":"Exordium Thugs","floor":15,"turns":3},{"damage":41,"enemies":"downfall:Defect","floor":16,"turns":6},{"damage":19,"enemies":"downfall:FaceTrader","floor":19,"turns":6},{"damage":0,"enemies":"downfall:FleeingMerchant","floor":20,"turns":4},{"damage":0,"enemies":"Spheric Guardian","floor":21,"turns":4},{"damage":30,"enemies":"Snake Plant","floor":22,"turns":4},{"damage":0,"enemies":"downfall:FleeingMerchant","floor":23,"turns":4},{"damage":19,"enemies":"Gremlin Leader","floor":25,"turns":6},{"damage":10,"enemies":"Shelled Parasite and Fungi","floor":26,"turns":4},{"damage":11,"enemies":"downfall:FleeingMerchant","floor":28,"turns":4},{"damage":22,"enemies":"Centurion and Healer","floor":30,"turns":6},{"damage":25,"enemies":"Snake Plant","floor":32,"turns":5},{"damage":28,"enemies":"downfall:Ironclad","floor":33,"turns":4}],"seed_played":"6570048985320451507","potions_obtained":[{"floor":0,"key":"Block Potion"},{"floor":0,"key":"Fire Potion"},{"floor":0,"key":"hexamod:DoubleChargePotion"},{"floor":9,"key":"Regen Potion"},{"floor":12,"key":"champ:CounterPotion"},{"floor":13,"key":"potionbrewer:AcidPotion"},{"floor":15,"key":"FearPotion"},{"floor":16,"key":"champ:CounterPotion"},{"floor":19,"key":"SkillPotion"},{"floor":26,"key":"potionbrewer:CleansingPotion"},{"floor":30,"key":"DeathKnight:BottledBloodEchoes"},{"floor":30,"key":"potionbrewer:FireTonic"},{"floor":32,"key":"potionbrewer:FreezingPotion"}],"is_trial":false,"path_per_floor":["R","M","R","M","M","E","T","?","E","R","M","M","M","?","M","B",null,"R","?","$","M","M","$","T","E","M","R","$","?","M","?","M","B"],"character_chosen":"THE_SPIRIT","items_purchased":["Strange Spoon","hexamod:ExtraCrispy","PreservedInsect"],"campfire_rested":1,"item_purchase_floors":[20,23,28],"current_hp_per_floor":[70,70,70,70,70,63,63,57,51,52,49,57,55,56,60,27,70,70,58,60,69,48,57,58,48,47,70,68,53,40,41,25,0,0],"gold":286,"neow_bonus":"THREE_SMALL_POTIONS","is_daily":false,"chose_seed":false,"campfire_upgraded":3,"win_rate":0.0,"timestamp":1608155125,"path_taken":["R","M","R","M","M","E","T","?","E","R","M","M","M","?","M","BOSS","R","?","?","M","M","$","T","E","M","R","$","?","M","?","M","BOSS"],"items_purchased_type":["Relic","Card","Relic"],"build_version":"2020-12-13","purchased_purges":3,"victory":false,"max_hp_per_floor":[70,70,70,70,70,70,70,70,70,70,70,70,70,70,70,70,70,70,70,71,72,73,74,74,75,76,76,77,77,78,78,79,79,79],"relic_stats":{"SsserpentHead":150,"Strange Spoon":[6],"FaceOfCleric":9,"counters":[21,88],"Snecko Eye":[107,103,93,108],"PreservedInsect":0,"Necronomicon":[0],"obtain_stats":[{"construct:FoamFinger":9,"downfall:HeartBlessingRed":3,"downfall:HeartBlessingGreen":10,"GremlinMask":19,"PreservedInsect":28,"SsserpentHead":19,"Strange Spoon":20,"FaceOfCleric":19,"Tintinnabulum":7,"Snecko Eye":17,"Molten Egg 2":25,"CultistMask":19,"downfall:CloakOfManyFaces":19,"Necronomicon":29,"Runesmith:AutoHammer":6,"hexamod:SpiritBrand":0,"NlothsMask":19},{"construct:FoamFinger":5,"downfall:HeartBlessingRed":1,"downfall:HeartBlessingGreen":5,"GremlinMask":11,"PreservedInsect":18,"SsserpentHead":11,"Strange Spoon":12,"FaceOfCleric":11,"Tintinnabulum":4,"Snecko Eye":10,"Molten Egg 2":16,"CultistMask":11,"downfall:CloakOfManyFaces":11,"Necronomicon":18,"Runesmith:AutoHammer":4,"hexamod:SpiritBrand":0,"NlothsMask":11},{"construct:FoamFinger":19,"downfall:HeartBlessingRed":3,"downfall:HeartBlessingGreen":19,"GremlinMask":43,"PreservedInsect":73,"SsserpentHead":43,"Strange Spoon":47,"FaceOfCleric":43,"Tintinnabulum":11,"Snecko Eye":37,"Molten Egg 2":65,"CultistMask":43,"downfall:CloakOfManyFaces":43,"Necronomicon":73,"Runesmith:AutoHammer":11,"hexamod:SpiritBrand":0,"NlothsMask":43}]},"card_choices":[{"not_picked":["hexamod:FastForward","hexamod:InspiringFlames"],"picked":"hexamod:NightmareStrike","floor":2},{"not_picked":["hexamod:GhostShield","hexamod:HeatCrush"],"picked":"hexamod:BurningTouch","floor":4},{"not_picked":["hexamod:GhostLash","hexamod:SpectralAdrenaline"],"picked":"hexamod:Hexaguard","floor":5},{"not_picked":["hexamod:Again","hexamod:SkipABeat"],"picked":"hexamod:Hexaguard","floor":6},{"not_picked":["hexamod:Again","hexamod:GhostLash"],"picked":"hexamod:VolcanoVisage","floor":9},{"not_picked":["hexamod:BurningTouch","hexamod:GhostOfSpirePresent"],"picked":"hexamod:Firestarter","floor":11},{"not_picked":["hexamod:NecessarySacrifice","hexamod:BacktrackSmack"],"picked":"hexamod:Incineration","floor":12},{"not_picked":["hexamod:NightmareGuise","hexamod:InspiringFlames"],"picked":"hexamod:GhostLash","floor":13},{"not_picked":["hexamod:GhostOfSpirePresent","hexamod:NightmareGuise"],"picked":"hexamod:HauntingEcho","floor":15},{"not_picked":["hexamod:ApocalypticArmor","hexamod:EmpoweringStance"],"picked":"hexamod:FifthSeal","floor":16},{"not_picked":["hexamod:FourthSeal","hexamod:ThirdSeal"],"picked":"hexamod:SecondSeal","floor":19},{"not_picked":["hexamod:NightmareStrike","hexamod:SpectersWail"],"picked":"hexamod:SoulSteal","floor":19},{"not_picked":["hexamod:SixthSeal","hexamod:FourthSeal"],"picked":"hexamod:ThirdSeal","floor":20},{"not_picked":["hexamod:ApocalypseNow","hexamod:StepThrough+1","hexamod:ThermalTransfer"],"picked":"SKIP","floor":20},{"not_picked":["hexamod:FourthSeal","hexamod:SecondSeal"],"picked":"hexamod:SixthSeal","floor":21},{"not_picked":["hexamod:HauntingEcho","hexamod:FlamesFromBeyond"],"picked":"hexamod:GhostShield","floor":21},{"not_picked":["hexamod:NightmareGuise","hexamod:ShieldOfDarkness"],"picked":"hexamod:ParanormalForm","floor":21},{"not_picked":["hexamod:Incineration+1","hexamod:PhantomCloak"],"picked":"hexamod:NightmareGuise","floor":22},{"not_picked":["hexamod:SixthSeal","hexamod:FirstSeal","hexamod:ThirdSeal"],"picked":"SKIP","floor":22},{"not_picked":["hexamod:CatchUp+1","hexamod:SixthSeal","hexamod:FirstSeal"],"picked":"SKIP","floor":22},{"not_picked":["hexamod:HauntingEcho+1","hexamod:AdvancingGuard"],"picked":"hexamod:GhostShield","floor":23},{"not_picked":["hexamod:SecondSeal","hexamod:SixthSeal","hexamod:FirstSeal"],"picked":"SKIP","floor":23},{"not_picked":["hexamod:HeatMetal","hexamod:RainOfEmbers+1","hexamod:NightmareGuise"],"picked":"SKIP","floor":23},{"not_picked":["hexamod:SecondSeal","hexamod:ThirdSeal"],"picked":"hexamod:FirstSeal","floor":25},{"not_picked":["hexamod:AdvancingGuard","hexamod:HeatMetal+1","hexamod:SkipABeat"],"picked":"SKIP","floor":25},{"not_picked":["hexamod:GhostLash+1","hexamod:SpectersWail+1","hexamod:UnlimitedPower"],"picked":"SKIP","floor":25},{"not_picked":["hexamod:SecondSeal","hexamod:ThirdSeal"],"picked":"hexamod:FourthSeal","floor":26},{"not_picked":["hexamod:BacktrackSmack+1","hexamod:Hexaguard"],"picked":"hexamod:SoulSteal+1","floor":26},{"not_picked":["hexamod:EmpoweredFlame","hexamod:FastForward+1","hexamod:SwordOfDarkness+1"],"picked":"SKIP","floor":28},{"not_picked":["hexamod:Firestarter+1","hexamod:Hexaguard"],"picked":"hexamod:TimeOfNeed","floor":30},{"not_picked":["hexamod:Hexaguard+1","hexamod:HeatShield","hexamod:SpectralAdrenaline+1"],"picked":"SKIP","floor":30},{"not_picked":["hexamod:ThermalTransfer+1","hexamod:InspiringFlames"],"picked":"hexamod:PowerFromBeyond","floor":32}],"player_experience":1002566,"relics_obtained":[{"floor":6,"key":"Runesmith:AutoHammer"},{"floor":7,"key":"Tintinnabulum"},{"floor":9,"key":"construct:FoamFinger"},{"floor":19,"key":"downfall:CloakOfManyFaces"},{"floor":25,"key":"Molten Egg 2"},{"floor":29,"key":"Necronomicon"}],"event_choices":[{"damage_healed":0,"gold_gain":0,"player_choice":"Ignored","damage_taken":0,"max_hp_gain":0,"max_hp_loss":0,"event_name":"betterNote:BetterNote","floor":14,"gold_loss":0,"cards_obtained":["MadScienceMod:Strike_MadScience"]}],"is_beta":false,"boss_relics":[{"not_picked":["Runic Pyramid","Astrolabe"],"picked":"Snecko Eye"}],"items_purged_floors":[20,23,28],"is_endless":false,"potions_floor_spawned":[2,9,12,13,15,16,19,26,30,32],"killed_by":"downfall:Ironclad","ascension_level":1}}