{"host":"fqid566djxhwi0rl","time":1608159435,"event":{"mods":["2.2 Compatiblity","AchievementEnabler","Aspiration","BaseMod","Downfall","Energized Spire","Faster Ascension Climbing","GifTheSpireLib","Minty Spire (QoL Compilation)","Replay The Spire","StSLib","The Blackbeard","The Gatherer","Trackpad","Yuri Mod"],"gold_per_floor":[113,124,124,139,139,139,173,234,234,254,132,132,148,178,178,311,311,331,28,28,28,28,28,60,70,70,70,70,99,138,156,156,253,253,270,51,101,101,101,101,135,135,161,191,191,191,205,230,230,230],"floor_reached":51,"playtime":4600,"items_purged":["Replay:Hysterical Blindness"],"score":1077,"play_id":"82b1ffc2-06ec-45ad-a71c-3ddf0acaf840","local_time":"20201217005715","is_ascension_mode":true,"campfire_choices":[{"data":"sneckomod:Unknown0Cost","floor":6,"key":"SMITH"},{"data":"expansioncontent:StudyTheSpire","floor":12,"key":"SMITH"},{"data":"sneckomod:CheapStock","floor":15,"key":"SMITH"},{"data":"sneckomod:SerpentMind","floor":23,"key":"SMITH"},{"floor":28,"key":"REST"},{"data":"sneckomod:Nope","floor":32,"key":"SMITH"},{"floor":40,"key":"REST"},{"data":"ReplayTheSpireMod:Brewmster","floor":42,"key":"SMITH"},{"floor":49,"key":"REST"}],"circlet_count":0,"master_deck":["sneckomod:Strike","sneckomod:Strike","sneckomod:Defend","sneckomod:Defend","sneckomod:Defend","sneckomod:TailWhip","sneckomod:SnekBite","sneckomod:Unknown+1","sneckomod:Unknown+1","sneckomod:TrashToTreasure","sneckomod:Unknown0Cost+1","sneckomod:UnknownBlock","sneckomod:ImprovisedGuard","sneckomod:SerpentIdol","sneckomod:UnknownExhaust","expansioncontent:StudyTheSpire+1","ReplayTheSpireMod:Brewmster","expansioncontent:DefensiveStance","sneckomod:CheapStock+1","sneckomod:UnknownEthereal","sneckomod:SerpentMind+1","sneckomod:Unknown0Cost+1","sneckomod:Nope","sneckomod:WideSting+1","sneckomod:SlitherStrike+1","sneckomod:Rotation","sneckomod:Nope+1","ReplayTheSpireMod:Splinters","sneckomod:SoulExchange","sneckomod:Nope+1","ReplayTheSpireMod:Brewmster+1","sneckomod:SoulExchange","sneckomod:SoulDraw+1","sneckomod:Nope+1"],"relics":["sneckomod:SneckoSoul","NeowsBlessing","trackpad:WritersBlock","champ:DeflectingBracers","Replay:Bottled Eggs","ReplayTheSpireMod:ShopPack","Torii","energizedSpire:EnergizedDie","Bottled Tornado","Prayer Wheel","FossilizedHelix","ReplayTheSpireMod:Shallot","Bronze Scales","TungstenRod","SacredBark","Potion Belt","Gambling Chip","Replay:Mystery Machine","Toy Ornithopter","sneckomod:LoadedDie","Replay:Bottled Snecko"],"acts_visited":["Exordium","TheCity","TheBeyond"],"potions_floor_usage":[7,16,18,22,22,22,29,29,33,33,33,35,35,41,41,41,41,41,41,41,44,45,45,45,45,46,46,46,47,47,47,47,48,48,48,48,48,48,50,50,50,50,50,50,50,50,50,50,50,50,50,50,50,50,50,50,50,50,50,50],"damage_taken":[{"damage":0,"enemies":"Jaw Worm","floor":1,"turns":1},{"damage":0,"enemies":"Small Slimes","floor":2,"turns":1},{"damage":0,"enemies":"2 Louse","floor":4,"turns":1},{"damage":21,"enemies":"Gremlin Nob","floor":7,"turns":4},{"damage":6,"enemies":"Gremlin Nob","floor":8,"turns":4},{"damage":2,"enemies":"Exordium Wildlife","floor":10,"turns":6},{"damage":2,"enemies":"2 Fungi Beasts","floor":13,"turns":4},{"damage":0,"enemies":"Lagavulin","floor":14,"turns":7},{"damage":47,"enemies":"Slime Boss","floor":16,"turns":9},{"damage":20,"enemies":"3 Byrds","floor":18,"turns":5},{"damage":14,"enemies":"Shell Parasite","floor":22,"turns":4},{"damage":18,"enemies":"Replay:Snechameleon","floor":24,"turns":5},{"damage":18,"enemies":"Centurion and Healer","floor":25,"turns":5},{"damage":0,"enemies":"Gremlin Leader","floor":29,"turns":7},{"damage":0,"enemies":"Cultist and Chosen","floor":31,"turns":5},{"damage":7,"enemies":"Champ","floor":33,"turns":7},{"damage":26,"enemies":"3 Darklings","floor":35,"turns":5},{"damage":13,"enemies":"Mind Bloom Boss Battle","floor":37,"turns":5},{"damage":2,"enemies":"3 Shapes","floor":39,"turns":4},{"damage":0,"enemies":"R_Hoarder","floor":41,"turns":9},{"damage":1,"enemies":"Reptomancer","floor":44,"turns":6},{"damage":0,"enemies":"Sphere and 2 Shapes","floor":45,"turns":3},{"damage":7,"enemies":"Spire Growth","floor":46,"turns":5},{"damage":16,"enemies":"3 Darklings","floor":47,"turns":5},{"damage":38,"enemies":"Giant Head","floor":48,"turns":7},{"damage":84,"enemies":"Replay:Hell Engine","floor":50,"turns":15}],"seed_played":"3096604256211803866","potions_obtained":[{"floor":1,"key":"EssenceOfSteel"},{"floor":2,"key":"Milkshake"},{"floor":10,"key":"Strength Potion"},{"floor":14,"key":"Adrenaline Potion"},{"floor":31,"key":"PowerPotion"},{"floor":33,"key":"EntropicBrew"},{"floor":39,"key":"PowerPotion"},{"floor":47,"key":"Energy Potion"},{"floor":48,"key":"Fruit Juice"}],"is_trial":false,"path_per_floor":["M","M","?","M","?","R","E","?","T","M","$","R","M","E","R","B",null,"M","$","?","T","M","R","E","M","T","?","R","E","?","M","R","B",null,"M","$","?","?","M","R","E","R","T","E","M","M","M","E","R","B",null],"character_chosen":"THE_SNECKO","items_purchased":["ReplayTheSpireMod:ShopPack","Bottled Tornado","sneckomod:Nope","Potion Belt"],"campfire_rested":3,"item_purchase_floors":[11,19,19,36],"current_hp_per_floor":[81,82,87,88,81,81,60,54,54,53,53,53,51,52,52,20,79,60,60,60,60,46,46,28,15,15,15,45,45,45,52,52,45,86,60,60,47,47,47,77,77,77,77,88,100,100,99,84,110,110],"gold":230,"neow_bonus":"THREE_ENEMY_KILL","is_daily":false,"chose_seed":false,"campfire_upgraded":6,"win_rate":0.0,"timestamp":1608159435,"path_taken":["M","M","?","M","?","R","E","?","T","?","$","R","M","E","R","BOSS","M","$","?","?","M","R","E","M","T","?","R","E","?","M","R","BOSS","M","$","?","?","M","R","E","R","T","E","M","M","M","E","R","BOSS"],"items_purchased_type":["Relic","Relic","Card","Relic"],"build_version":"2020-12-13","purchased_purges":1,"victory":true,"max_hp_per_floor":[90,91,96,97,97,97,97,97,97,98,98,98,98,99,99,99,99,100,100,100,100,100,100,100,100,100,100,100,100,100,100,100,100,100,100,100,100,100,100,100,100,100,100,100,100,100,100,110,110,110],"card_choices":[{"not_picked":["sneckomod:SoulRoll","sneckomod:UnknownX"],"picked":"sneckomod:TrashToTreasure","floor":1},{"not_picked":["sneckomod:UnknownCommonAttack","sneckomod:UnknownBlock"],"picked":"sneckomod:Unknown0Cost","floor":2},{"not_picked":["sneckomod:SoulRoll","sneckomod:DiceCrush"],"picked":"sneckomod:UnknownBlock","floor":4},{"not_picked":["sneckomod:UnknownEthereal","sneckomod:MasterEye"],"picked":"sneckomod:ImprovisedGuard","floor":7},{"not_picked":["sneckomod:UnknownEthereal","sneckomod:UnknownStrike"],"picked":"sneckomod:SerpentIdol","floor":8},{"not_picked":["sneckomod:ImprovisedAttack","sneckomod:PureSnecko"],"picked":"sneckomod:UnknownExhaust","floor":10},{"not_picked":["Crow Ritual","Panache"],"picked":"expansioncontent:StudyTheSpire","floor":11},{"not_picked":["Replay:Bootleg Shield Generator","HandOfGreed"],"picked":"ReplayTheSpireMod:Brewmster","floor":11},{"not_picked":["expansioncontent:TimeRipple","Trip"],"picked":"expansioncontent:DefensiveStance","floor":11},{"not_picked":["sneckomod:QuickMove","sneckomod:Unknown1Cost"],"picked":"sneckomod:CheapStock","floor":13},{"not_picked":["sneckomod:UnknownExhaust","sneckomod:UnknownVulnerable"],"picked":"sneckomod:UnknownEthereal","floor":14},{"not_picked":["sneckomod:UnknownColorless","sneckomod:UnknownRarePower"],"picked":"sneckomod:SerpentMind","floor":16},{"not_picked":["sneckomod:UnknownUncommonSkill","sneckomod:IronFang"],"picked":"sneckomod:Unknown0Cost+1","floor":18},{"not_picked":["sneckomod:Unknown1Cost+1","sneckomod:UnknownVulnerable+1"],"picked":"sneckomod:WideSting+1","floor":22},{"not_picked":["sneckomod:QuickBite","sneckomod:SlitherStrike","sneckomod:RainOfDice"],"picked":"SKIP","floor":22},{"not_picked":["sneckomod:UnknownExhaust","sneckomod:UnknownClassBLUE"],"picked":"sneckomod:SlitherStrike+1","floor":24},{"not_picked":["sneckomod:Unknown2Cost+1","sneckomod:RainOfDice"],"picked":"sneckomod:Rotation","floor":25},{"not_picked":["sneckomod:DiceCrush","sneckomod:Unknown1Cost"],"picked":"sneckomod:Nope","floor":25},{"not_picked":["sneckomod:SoulDraw","sneckomod:SlitherStrike","sneckomod:UnknownUncommonSkill"],"picked":"SKIP","floor":29},{"not_picked":["sneckomod:RainOfDice","sneckomod:UnknownWeak","sneckomod:DiceCrush+1"],"picked":"SKIP","floor":31},{"not_picked":["sneckomod:Unknown1Cost","sneckomod:UnknownCommonSkill+1","sneckomod:Rotation"],"picked":"SKIP","floor":31},{"not_picked":["sneckomod:UnknownRareAttack","sneckomod:UnlimitedRolls"],"picked":"sneckomod:SoulExchange","floor":33},{"not_picked":["sneckomod:UnknownCommonAttack+1","sneckomod:UnknownClassSLIMEBOUND+1","sneckomod:UnknownCommonSkill+1"],"picked":"SKIP","floor":35},{"not_picked":["sneckomod:UnknownClassHEXA_GHOST_PURPLE","sneckomod:Unknown1Cost","sneckomod:UnknownWeak"],"picked":"SKIP","floor":35},{"not_picked":["sneckomod:QuickMove","sneckomod:ImprovisedGuard"],"picked":"sneckomod:Nope+1","floor":37},{"not_picked":["sneckomod:DiceCrush","sneckomod:SlitherStrike+1","sneckomod:UnknownX+1"],"picked":"SKIP","floor":39},{"not_picked":["sneckomod:UnknownCommonAttack","sneckomod:Unknown1Cost","sneckomod:QuickBite"],"picked":"SKIP","floor":39},{"not_picked":["sneckomod:RainOfDice+1","sneckomod:SoulRoll+1","sneckomod:UnknownWeak+1"],"picked":"SKIP","floor":41},{"not_picked":["sneckomod:QuickBite","sneckomod:SoulDraw"],"picked":"sneckomod:SoulExchange","floor":44},{"not_picked":["sneckomod:MorePower","sneckomod:SoulRoll+1"],"picked":"sneckomod:SoulDraw+1","floor":45},{"not_picked":["sneckomod:UnknownBlock+1","sneckomod:DefensiveFlair","sneckomod:UnknownWeak+1"],"picked":"SKIP","floor":45},{"not_picked":["sneckomod:UnknownStrength","sneckomod:UnknownUncommonPower","sneckomod:ImprovisedAttack+1"],"picked":"SKIP","floor":46},{"not_picked":["sneckomod:UnknownClassGUARDIAN","sneckomod:UnknownCommonAttack+1","sneckomod:Nope"],"picked":"SKIP","floor":46},{"not_picked":["sneckomod:DiceCrush+1","sneckomod:UnknownX+1"],"picked":"sneckomod:Nope+1","floor":47},{"not_picked":["sneckomod:SoulRoll","sneckomod:DiceCrush+1","sneckomod:WideSting+1"],"picked":"SKIP","floor":47},{"not_picked":["sneckomod:UnknownVulnerable+1","sneckomod:QuickMove","sneckomod:DiceCrush"],"picked":"SKIP","floor":48}],"player_experience":694835,"relics_obtained":[{"floor":7,"key":"trackpad:WritersBlock"},{"floor":8,"key":"champ:DeflectingBracers"},{"floor":9,"key":"Replay:Bottled Eggs"},{"floor":14,"key":"Torii"},{"floor":21,"key":"Prayer Wheel"},{"floor":24,"key":"FossilizedHelix"},{"floor":26,"key":"ReplayTheSpireMod:Shallot"},{"floor":29,"key":"Bronze Scales"},{"floor":30,"key":"TungstenRod"},{"floor":37,"key":"Gambling Chip"},{"floor":41,"key":"Replay:Mystery Machine"},{"floor":43,"key":"Toy Ornithopter"},{"floor":44,"key":"sneckomod:LoadedDie"},{"floor":48,"key":"Replay:Bottled Snecko"}],"event_choices":[{"damage_healed":0,"gold_gain":0,"player_choice":"Donut","damage_taken":0,"max_hp_gain":5,"max_hp_loss":0,"event_name":"Big Fish","floor":3,"gold_loss":0},{"cards_removed":["sneckomod:Strike"],"damage_healed":0,"gold_gain":0,"player_choice":"Card Removal","damage_taken":7,"max_hp_gain":0,"max_hp_loss":0,"event_name":"Golden Wing","floor":5,"gold_loss":0},{"damage_healed":0,"gold_gain":30,"player_choice":"Searched \u00272\u0027 times","damage_taken":0,"max_hp_gain":0,"max_hp_loss":0,"event_name":"Dead Adventurer","floor":8,"gold_loss":0},{"damage_healed":0,"gold_gain":0,"player_choice":"Ignored","damage_taken":0,"max_hp_gain":0,"max_hp_loss":0,"event_name":"Ghosts","floor":20,"gold_loss":0},{"damage_healed":0,"gold_gain":0,"player_choice":"Fight","damage_taken":0,"max_hp_gain":0,"max_hp_loss":0,"event_name":"MindBloom","floor":37,"gold_loss":0},{"damage_healed":0,"gold_gain":0,"player_choice":"Copied","damage_taken":0,"max_hp_gain":0,"max_hp_loss":0,"event_name":"Duplicator","floor":38,"gold_loss":0,"cards_obtained":["ReplayTheSpireMod:Brewmster"]}],"is_beta":false,"boss_relics":[{"not_picked":["Ring of Chaos","Runic Pyramid"],"picked":"energizedSpire:EnergizedDie"},{"not_picked":["aspiration:RandomNobGenerator","sneckomod:SuperSneckoSoul"],"picked":"SacredBark"}],"items_purged_floors":[36],"is_endless":false,"potions_floor_spawned":[1,2,10,14,24,25,31,33,35,39,44,47,48],"ascension_level":9}}