{"host":"p9jk0mlyvhgdzcz4","time":1608077234,"event":{"mods":["BaseMod","Colored Map","Minty Spire (QoL Compilation)","Quick Restart","SuperFastMode"],"gold_per_floor":[111,111,122,136,136,136,169,89,89,122,122,122,122,141,141,237,237,247,261,277,277,277,277,290,316,316,336,0,0,0,0,0,103,103,114,134,134,151,151,151],"floor_reached":39,"playtime":1327,"items_purged":["Strike_B"],"score":484,"play_id":"f92f5bc4-025c-4cc5-8bc6-2bc87bcb7886","local_time":"20201215180714","is_ascension_mode":false,"campfire_choices":[{"data":"Zap","floor":6,"key":"SMITH"},{"data":"Defragment","floor":11,"key":"SMITH"},{"data":"Static Discharge","floor":13,"key":"SMITH"},{"floor":15,"key":"REST"},{"floor":23,"key":"REST"},{"floor":30,"key":"REST"},{"floor":32,"key":"REST"}],"circlet_count":0,"master_deck":["Strike_B+1","Defend_B+1","Defend_B+1","Defend_B+1","Defend_B+1","Zap+1","Dualcast","Cold Snap","Cold Snap","Cold Snap","Coolheaded","Defragment+1","Static Discharge+1","Beam Cell","Heatsinks","Echo Form+1","White Noise+1","Blizzard","Chill","Capacitor","Apotheosis","Defragment"],"relics":["Cracked Core","NeowsBlessing","HornCleat","Kunai","Letter Opener","Philosopher\u0027s Stone","Turnip","Meat on the Bone","Black Star"],"acts_visited":["Exordium","TheCity","TheBeyond"],"potions_floor_usage":[],"damage_taken":[{"damage":0,"enemies":"Small Slimes","floor":1,"turns":1},{"damage":0,"enemies":"Cultist","floor":3,"turns":1},{"damage":0,"enemies":"2 Louse","floor":4,"turns":1},{"damage":15,"enemies":"Gremlin Nob","floor":7,"turns":4},{"damage":0,"enemies":"3 Sentries","floor":10,"turns":9},{"damage":7,"enemies":"Exordium Wildlife","floor":14,"turns":3},{"damage":19,"enemies":"Hexaghost","floor":16,"turns":14},{"damage":10,"enemies":"Chosen","floor":18,"turns":6},{"damage":9,"enemies":"3 Byrds","floor":19,"turns":1},{"damage":12,"enemies":"3 Cultists","floor":20,"turns":6},{"damage":11,"enemies":"Cultist and Chosen","floor":24,"turns":4},{"damage":20,"enemies":"Slavers","floor":25,"turns":5},{"damage":25,"enemies":"Snake Plant","floor":27,"turns":5},{"damage":0,"enemies":"Collector","floor":33,"turns":9},{"damage":15,"enemies":"3 Darklings","floor":35,"turns":4},{"damage":8,"enemies":"Orb Walker","floor":36,"turns":5},{"damage":27,"enemies":"Spire Growth","floor":38,"turns":6},{"damage":43,"enemies":"Sphere and 2 Shapes","floor":39,"turns":3}],"seed_played":"585454522339275238","potions_obtained":[{"floor":10,"key":"FairyPotion"},{"floor":14,"key":"Block Potion"},{"floor":16,"key":"Fire Potion"},{"floor":35,"key":"BlessingOfTheForge"}],"is_trial":false,"path_per_floor":["M","?","M","M","?","R","E","$","T","E","R","?","R","M","R","B",null,"M","M","M","?","?","R","M","E","T","M","$","?","R","$","R","B",null,"M","M","?","M","M"],"character_chosen":"DEFECT","items_purchased":["Defragment","Capacitor","Apotheosis"],"campfire_rested":4,"item_purchase_floors":[8,28,28],"current_hp_per_floor":[75,75,75,75,68,68,53,53,53,53,53,53,53,46,68,49,75,65,56,44,35,21,45,34,14,14,30,30,30,54,54,78,78,80,65,57,57,42,0,0],"gold":151,"neow_bonus":"THREE_ENEMY_KILL","is_daily":false,"chose_seed":false,"campfire_upgraded":3,"win_rate":0.0,"timestamp":1608077234,"path_taken":["M","?","M","?","?","R","E","?","T","E","R","?","R","M","R","BOSS","M","M","?","?","?","R","?","E","T","M","$","?","R","$","R","BOSS","M","M","?","?","M"],"items_purchased_type":["Card","Card","Card"],"build_version":"2020-12-13","purchased_purges":1,"victory":false,"max_hp_per_floor":[75,75,75,75,75,75,75,75,75,75,75,75,75,75,75,75,75,75,75,75,75,80,80,80,80,80,80,80,80,80,80,80,80,80,80,80,80,80,80,80],"card_choices":[{"not_picked":["Rebound","Streamline"],"picked":"Cold Snap","floor":1},{"not_picked":["Leap","Redo"],"picked":"Cold Snap","floor":3},{"not_picked":["Double Energy","Aggregate"],"picked":"Cold Snap","floor":4},{"not_picked":["Go for the Eyes","Darkness"],"picked":"Coolheaded","floor":7},{"not_picked":["Ball Lightning","Double Energy"],"picked":"Static Discharge","floor":10},{"not_picked":["Lockon","Gash"],"picked":"Heatsinks","floor":14},{"not_picked":["Multi-Cast","Core Surge"],"picked":"Echo Form","floor":16},{"not_picked":["Barrage","Redo"],"picked":"White Noise+1","floor":18},{"not_picked":["Leap","Compile Driver+1","Rebound"],"picked":"SKIP","floor":19},{"not_picked":["BootSequence","Storm+1"],"picked":"Blizzard","floor":20},{"not_picked":["Conserve Battery","Streamline+1"],"picked":"Chill","floor":24},{"not_picked":["Ball Lightning","Sweeping Beam","Reprogram"],"picked":"SKIP","floor":25},{"not_picked":["Go for the Eyes","FTL","Aggregate"],"picked":"SKIP","floor":27},{"not_picked":["Doom and Gloom+1","Stack"],"picked":"Defragment","floor":35},{"not_picked":["BootSequence+1","Barrage","Ball Lightning"],"picked":"SKIP","floor":36},{"not_picked":["Doom and Gloom+1","Compile Driver+1","Coolheaded"],"picked":"SKIP","floor":38}],"player_experience":4142,"relics_obtained":[{"floor":7,"key":"HornCleat"},{"floor":9,"key":"Kunai"},{"floor":10,"key":"Letter Opener"},{"floor":25,"key":"Turnip"},{"floor":26,"key":"Meat on the Bone"}],"event_choices":[{"damage_healed":0,"gold_gain":0,"player_choice":"Ignored","damage_taken":0,"max_hp_gain":0,"max_hp_loss":0,"event_name":"NoteForYourself","floor":2,"gold_loss":0},{"cards_removed":["Strike_B"],"damage_healed":0,"gold_gain":0,"player_choice":"Card Removal","damage_taken":7,"max_hp_gain":0,"max_hp_loss":0,"event_name":"Golden Wing","floor":5,"gold_loss":0},{"damage_healed":0,"gold_gain":0,"cards_transformed":["Strike_B"],"player_choice":"Transformed","damage_taken":0,"max_hp_gain":0,"max_hp_loss":0,"event_name":"Transmorgrifier","floor":12,"gold_loss":0,"cards_obtained":["Beam Cell"]},{"damage_healed":0,"gold_gain":0,"player_choice":"Stopped","damage_taken":9,"max_hp_gain":0,"max_hp_loss":0,"event_name":"Cursed Tome","floor":21,"gold_loss":0},{"damage_healed":0,"gold_gain":0,"player_choice":"Shed Blood","damage_taken":19,"max_hp_gain":5,"max_hp_loss":0,"event_name":"Forgotten Altar","floor":22,"gold_loss":0},{"damage_healed":0,"gold_gain":0,"player_choice":"Simplicity","damage_taken":0,"max_hp_gain":0,"max_hp_loss":0,"event_name":"Back to Basics","floor":29,"gold_loss":0,"cards_upgraded":["Strike_B","Defend_B","Defend_B","Defend_B","Defend_B"]},{"damage_healed":0,"gold_gain":0,"player_choice":"Upgraded","damage_taken":0,"max_hp_gain":0,"max_hp_loss":0,"event_name":"Upgrade Shrine","floor":37,"gold_loss":0,"cards_upgraded":["Echo Form"]}],"is_beta":false,"boss_relics":[{"not_picked":["Coffee Dripper","Runic Pyramid"],"picked":"Philosopher\u0027s Stone"},{"not_picked":["Cursed Key","Empty Cage"],"picked":"Black Star"}],"items_purged_floors":[28],"is_endless":false,"potions_floor_spawned":[10,14,16,19,24,25,35,36],"killed_by":"Sphere and 2 Shapes","ascension_level":0}}