{"host":"1","time":1608117531,"event":{"mods":["Act Like it!","BaseMod","Better Third Choice","Hubris","Jorbs\u0027s Wanderer Trilogy","Minty Spire (QoL Compilation)","Replay The Spire","Shade Mod","StSLib","The Cursed","The Mystic","Wandering Minibosses"],"gold_per_floor":[116,0,0,0,0,26,26,38,38,73,86,86,99,119,188,290,290,309,309,89,106,106,106,120,136,136,148,148,167,199,219,219,219,219],"floor_reached":33,"playtime":1508,"items_purged":["Voices"],"score":359,"play_id":"d8acc090-fc86-43cc-a427-eea441a2bcb7","local_time":"20201216141851","is_ascension_mode":true,"campfire_choices":[{"floor":7,"key":"REST"},{"floor":12,"key":"REST"},{"data":"Neutralize","floor":23,"key":"SMITH"},{"floor":28,"key":"REST"},{"floor":32,"key":"RECALL"}],"circlet_count":0,"master_deck":["Strike_G","Strike_G","Strike_G","Strike_G","Strike_G","Defend_G","Defend_G+1","Defend_G","Defend_G","Defend_G","Survivor+1","Neutralize+1","Dodge and Roll","Enlightenment","Poisoned Stab","Dagger Spray","Toxin Wave","Die Die Die","Dagger Spray","Toxin Wave","Corpse Explosion","Doubt","Clumsy","Writhe","Bane+1","Blur","Bouncing Flask","Flying Knee+1","Escape Plan","Poisoned Stab","Outmaneuver+1","ReplayTheSpireMod:Necrosis"],"relics":["Sizzling Blood","Ring of Peace","Ring of Panic","MealTicket","HornCleat","Boot","Replay:Ancient Bell","Nunchaku","Frozen Egg 2","hubris:BundleOfHerbs","hubris:Towel","ReplayFunnel","Iron Hammer","Strawberry","War Paint"],"acts_visited":["Exordium","TheCity"],"potions_floor_usage":[6,16,16,21,27,33,33,33],"damage_taken":[{"damage":4,"enemies":"Jaw Worm","floor":1,"turns":3},{"damage":81,"enemies":"Gremlin Nob","floor":6,"turns":8},{"damage":0,"enemies":"2 Louse","floor":8,"turns":2},{"damage":18,"enemies":"Replay:BlueRogue","floor":10,"turns":7},{"damage":0,"enemies":"Small Slimes","floor":11,"turns":2},{"damage":0,"enemies":"3 Louse","floor":13,"turns":3},{"damage":0,"enemies":"Looter","floor":14,"turns":3},{"damage":41,"enemies":"Slime Boss","floor":16,"turns":10},{"damage":0,"enemies":"3 Byrds","floor":18,"turns":3},{"damage":36,"enemies":"Shell Parasite","floor":21,"turns":8},{"damage":24,"enemies":"Centurion and Healer","floor":24,"turns":6},{"damage":37,"enemies":"Snake Plant","floor":25,"turns":6},{"damage":0,"enemies":"Shelled Parasite and Fungi","floor":27,"turns":4},{"damage":0,"enemies":"Cultist and Chosen","floor":29,"turns":4},{"damage":0,"enemies":"Slavers","floor":30,"turns":2},{"damage":0,"enemies":"Snecko","floor":31,"turns":6},{"damage":106,"enemies":"Automaton","floor":33,"turns":12}],"seed_played":"1962204832342926612","potions_obtained":[{"floor":1,"key":"Fire Potion"},{"floor":8,"key":"LiquidBronze"},{"floor":14,"key":"Strength Potion"},{"floor":16,"key":"SmokeBomb"},{"floor":18,"key":"ColorlessPotion"},{"floor":29,"key":"Block Potion"},{"floor":30,"key":"SpeedPotion"},{"floor":31,"key":"Block Potion"}],"is_trial":false,"path_per_floor":["M","?","?","?","?","E","R","M","T","E","M","R","M","M","R","B",null,"M","?","$","M","T","R","M","M","T","M","R","M","E","M","R","B"],"character_chosen":"THE_SILENT","items_purchased":["ReplayFunnel"],"campfire_rested":3,"item_purchase_floors":[20],"current_hp_per_floor":[73,79,83,83,83,6,32,36,36,22,26,52,56,60,60,23,87,87,87,87,70,70,70,50,17,24,34,62,66,70,74,74,0,0],"gold":219,"neow_bonus":"TEN_PERCENT_HP_BONUS","is_daily":false,"chose_seed":false,"campfire_upgraded":1,"win_rate":0.0,"timestamp":1608117531,"path_taken":["M","?","?","?","?","E","R","M","T","E","M","R","M","M","R","BOSS","M","?","$","M","?","R","M","?","T","?","R","M","E","M","R","BOSS"],"items_purchased_type":["Relic"],"build_version":"2020-11-17","purchased_purges":1,"victory":false,"max_hp_per_floor":[77,83,87,87,87,87,87,87,87,87,87,87,87,87,87,87,87,87,87,87,87,87,87,87,87,94,94,94,94,94,94,94,94,94],"card_choices":[{"not_picked":["Fluid Movement","Prepared"],"picked":"Dodge and Roll","floor":1},{"not_picked":["Dodge and Roll","ReplayTheSpireMod:Exploit Weakness"],"picked":"Dagger Spray","floor":6},{"not_picked":["Cloak And Dagger","Underhanded Strike"],"picked":"Toxin Wave","floor":8},{"not_picked":["Deadly Poison","Flechettes"],"picked":"Die Die Die","floor":10},{"not_picked":["Blade Dance","Cloak And Dagger","Choke"],"picked":"SKIP","floor":11},{"not_picked":["hubris:Sniper","ReplayTheSpireMod:Speed Training"],"picked":"Dagger Spray","floor":13},{"not_picked":["Malaise","Prepared"],"picked":"Toxin Wave","floor":14},{"not_picked":["Replay:Bag of Tricks","Atom Bomb"],"picked":"Corpse Explosion","floor":16},{"not_picked":["Parasite","hubris:Lust"],"picked":"Doubt","floor":17},{"not_picked":["Languid","ReplayTheSpireMod:Splinters"],"picked":"Clumsy","floor":17},{"not_picked":["Decay","Spreading Infection"],"picked":"Writhe","floor":17},{"not_picked":["Hidden Blade","Flying Knee"],"picked":"Bane+1","floor":18},{"not_picked":["Predator","Footwork+1"],"picked":"Blur","floor":21},{"not_picked":["Blur+1","PiercingWail"],"picked":"Bouncing Flask","floor":24},{"not_picked":["Quick Slash","Leg Sweep+1"],"picked":"Flying Knee+1","floor":25},{"not_picked":["Toxin Wave","Endless Agony"],"picked":"Escape Plan","floor":27},{"not_picked":["Underhanded Strike","Bane"],"picked":"Poisoned Stab","floor":29},{"not_picked":["Acrobatics","Sucker Punch+1"],"picked":"Outmaneuver+1","floor":30},{"not_picked":["Bane+1","Dagger Throw"],"picked":"ReplayTheSpireMod:Necrosis","floor":31}],"player_experience":81230,"relics_obtained":[{"floor":4,"key":"Ring of Peace"},{"floor":4,"key":"Ring of Panic"},{"floor":6,"key":"MealTicket"},{"floor":9,"key":"HornCleat"},{"floor":10,"key":"Boot"},{"floor":22,"key":"Iron Hammer"},{"floor":26,"key":"Strawberry"},{"floor":30,"key":"War Paint"}],"event_choices":[{"damage_healed":0,"gold_gain":0,"player_choice":"RENOUNCE","damage_taken":116,"max_hp_gain":0,"max_hp_loss":0,"event_name":"betterThird:BetterSerpent","floor":2,"gold_loss":116,"cards_obtained":["Enlightenment"]}],"is_beta":true,"boss_relics":[{"not_picked":["Replay:Wanted Poster","hubris:CrackedHourglass"],"picked":"Replay:Ancient Bell"},{"not_picked":["MawBank","Regal Pillow"],"picked":"Nunchaku"},{"not_picked":["hubris:DisguiseKit","hubris:MysteriousPyramids"],"picked":"Frozen Egg 2"},{"not_picked":["Replay:Arrowhead","hubris:Zylophone"],"picked":"hubris:BundleOfHerbs"}],"items_purged_floors":[20],"is_endless":false,"potions_floor_spawned":[1,8,14,16,18,29,30,31],"killed_by":"Automaton","ascension_level":2}}