{"host":"vhkb6vx6yafo1fpa","time":1608084973,"event":{"mods":["BaseMod","Colored Map","Custom Start","Minty Spire (QoL Compilation)","Quick Restart","StSLib","SuperFastMode"],"gold_per_floor":[118,138,138,152,171,205,205,223,223,223,223,223,242,262,262,340,340,350,381,401,401,412,412,427,445,445,458,458,471,471,471,471],"floor_reached":31,"playtime":1004,"items_purged":[],"score":425,"play_id":"1d1fb4c1-d906-42eb-ac76-8cc5c686a72b","local_time":"20201216111613","is_ascension_mode":true,"campfire_choices":[{"floor":7.0,"key":"REST"},{"floor":10.0,"key":"REST"},{"data":"Genetic Algorithm","floor":15.0,"key":"SMITH"},{"floor":23.0,"key":"REST"},{"floor":28.0,"key":"REST"},{"floor":30,"key":"DIG"}],"circlet_count":0,"master_deck":["AscendersBane","Strike_B","Strike_B","Strike_B","Defend_B","Defend_B","Defend_B","Zap","Dualcast","All For One","Reprogram+1","Genetic Algorithm+1","Beam Cell","Streamline","Stack","Steam Power","Melter","Steam","Reboot","Rebound","Hologram","Hello World","Go for the Eyes","Gash+1","Stack","Beam Cell","Turbo"],"relics":["Cracked Core","Happy Flower","Meat on the Bone","Shovel","Cables","Cursed Key","Red Mask","Mercury Hourglass","Art of War"],"acts_visited":["Exordium","TheCity"],"potions_floor_usage":[],"damage_taken":[{"damage":0.0,"enemies":"Small Slimes","floor":1.0,"turns":3.0},{"damage":6.0,"enemies":"Cultist","floor":2.0,"turns":5.0},{"damage":0.0,"enemies":"Jaw Worm","floor":4.0,"turns":3.0},{"damage":10.0,"enemies":"Blue Slaver","floor":5.0,"turns":4.0},{"damage":41.0,"enemies":"Gremlin Nob","floor":6.0,"turns":5.0},{"damage":15.0,"enemies":"Lots of Slimes","floor":8.0,"turns":5.0},{"damage":0.0,"enemies":"Gremlin Gang","floor":13.0,"turns":4.0},{"damage":12.0,"enemies":"Exordium Wildlife","floor":14.0,"turns":4.0},{"damage":35.0,"enemies":"Hexaghost","floor":16.0,"turns":9.0},{"damage":0.0,"enemies":"Spheric Guardian","floor":18.0,"turns":2.0},{"damage":42.0,"enemies":"Masked Bandits","floor":19.0,"turns":5.0},{"damage":14.0,"enemies":"Shell Parasite","floor":20.0,"turns":4.0},{"damage":13.0,"enemies":"Snecko","floor":22.0,"turns":5.0},{"damage":16.0,"enemies":"Cultist and Chosen","floor":24.0,"turns":6.0},{"damage":0.0,"enemies":"Chosen and Byrds","floor":25.0,"turns":4.0},{"damage":1.0,"enemies":"Shelled Parasite and Fungi","floor":27.0,"turns":4.0},{"damage":26,"enemies":"Snake Plant","floor":29,"turns":3},{"damage":40,"enemies":"Book of Stabbing","floor":31,"turns":4}],"seed_played":"-767473485585821721","potions_obtained":[{"floor":1.0,"key":"Ancient Potion"},{"floor":2.0,"key":"Dexterity Potion"},{"floor":16.0,"key":"EntropicBrew"},{"floor":22.0,"key":"Dexterity Potion"}],"is_trial":false,"path_per_floor":["M","M","?","M","M","E","R","M","T","R","?","T","M","M","R","B",null,"M","?","M","?","M","R","M","M","T","M","R","M","R","E"],"character_chosen":"DEFECT","items_purchased":[],"campfire_rested":4,"item_purchase_floors":[],"current_hp_per_floor":[64,58,58,58,48,7,26,11,11,30,25,25,37,37,37,14,52,52,22,20,20,19,38,34,34,34,33,52,38,38,0,0],"gold":471,"neow_bonus":"TRANSFORM_TWO_CARDS","is_daily":false,"chose_seed":false,"campfire_upgraded":1,"win_rate":0.0,"timestamp":1608084973,"path_taken":["M","M","?","M","?","E","R","M","T","R","?","?","M","M","R","BOSS","M","?","M","?","M","R","M","M","T","?","R","M","R","E"],"items_purchased_type":[],"build_version":"2020-12-13","purchased_purges":0,"victory":false,"max_hp_per_floor":[64,64,64,64,64,64,64,64,64,64,64,64,64,64,64,64,64,64,64,64,64,64,64,64,64,64,64,64,64,64,64,64],"card_choices":[{"not_picked":["Melter","Defragment"],"picked":"Genetic Algorithm","floor":1.0},{"not_picked":["Sunder","Fusion"],"picked":"Beam Cell","floor":2.0},{"not_picked":["Compile Driver","Beam Cell"],"picked":"Streamline","floor":4.0},{"not_picked":["Rebound","Beam Cell"],"picked":"Stack","floor":5.0},{"not_picked":["Genetic Algorithm","Streamline"],"picked":"Steam Power","floor":6.0},{"not_picked":["Ball Lightning","Barrage","Multi-Cast"],"picked":"SKIP","floor":8.0},{"not_picked":["Sunder","Glacier"],"picked":"Melter","floor":13.0},{"not_picked":["Stack","Rebound"],"picked":"Steam","floor":14.0},{"not_picked":["Creative AI","Buffer"],"picked":"Reboot","floor":16.0},{"not_picked":["Static Discharge+1","Coolheaded"],"picked":"Rebound","floor":18.0},{"not_picked":["Leap","Streamline"],"picked":"Hologram","floor":19.0},{"not_picked":["White Noise","Redo","Hello World"],"picked":"SKIP","floor":20.0},{"not_picked":["White Noise","Redo"],"picked":"Hello World","floor":20.0},{"not_picked":["Force Field+1","Genetic Algorithm"],"picked":"Go for the Eyes","floor":22.0},{"not_picked":["Ball Lightning","Amplify"],"picked":"Gash+1","floor":24.0},{"not_picked":["Redo","Chill"],"picked":"Stack","floor":25.0},{"not_picked":["Coolheaded","Compile Driver"],"picked":"Beam Cell","floor":27.0},{"not_picked":["Lockon","Steam"],"picked":"Turbo","floor":29}],"player_experience":324744,"relics_obtained":[{"floor":6.0,"key":"Happy Flower"},{"floor":9.0,"key":"Meat on the Bone"},{"floor":12.0,"key":"Cables"},{"floor":19.0,"key":"Red Mask"},{"floor":30,"key":"Art of War"}],"event_choices":[{"damage_healed":0.0,"max_hp_gain":0.0,"max_hp_loss":0.0,"gold_gain":0.0,"event_name":"Upgrade Shrine","player_choice":"Upgraded","floor":3.0,"gold_loss":0.0,"damage_taken":0.0,"cards_upgraded":["Reprogram"]},{"damage_healed":0.0,"max_hp_gain":0.0,"max_hp_loss":0.0,"gold_gain":0.0,"event_name":"Scrap Ooze","player_choice":"Success","floor":11.0,"gold_loss":0.0,"damage_taken":5.0,"relics_obtained":["Shovel"]},{"damage_healed":0.0,"max_hp_gain":0.0,"max_hp_loss":0.0,"gold_gain":0.0,"event_name":"Masked Bandits","player_choice":"Fought Bandits","floor":19.0,"gold_loss":0.0,"damage_taken":0.0},{"damage_healed":0.0,"max_hp_gain":0.0,"max_hp_loss":0.0,"gold_gain":0.0,"event_name":"WeMeetAgain","player_choice":"Gave Potion","floor":21.0,"gold_loss":0.0,"damage_taken":0.0,"relics_obtained":["Mercury Hourglass"]}],"is_beta":false,"boss_relics":[{"not_picked":["Astrolabe","Calling Bell"],"picked":"Cursed Key"}],"items_purged_floors":[],"is_endless":false,"potions_floor_spawned":[1,2,5,16,19,20,22,27],"killed_by":"Book of Stabbing","ascension_level":15}}