{"host":"qofp25090yvgyv4n","time":1608146691,"event":{"mods":["BaseMod","Colored Map","Colored Powertips","Downfall","Hermit","Highlight Path","Lobotomy","Minty Spire (QoL Compilation)","Replay The Spire","StSLib","The Animator","The Hierophant"],"gold_per_floor":[99,113,113,23,23,23,74,86,101,134,148,166,166,29,46,149,149,149,249,249,278,297,297,297,297,297,297],"floor_reached":26,"playtime":2066,"items_purged":["Slimebound:Defend_Slimebound","Slimebound:Strike_Slimebound"],"score":224,"play_id":"42b8bfa4-d22f-4aec-b0e5-f64ea8713d84","local_time":"20201217032451","is_ascension_mode":false,"campfire_choices":[{"data":"Slimebound:Strike_Slimebound","floor":1,"key":"PURGE"},{"data":"Slimebound:Split","floor":3,"key":"SMITH"},{"data":"Slimebound:GrowthPunch","floor":6,"key":"SMITH"},{"data":"Slimebound:Gluttony","floor":18,"key":"SMITH"},{"data":"Slimebound:LevelUp","floor":20,"key":"SMITH"},{"data":"Slimebound:Tackle","floor":23,"key":"SMITH"}],"circlet_count":0,"master_deck":["Slimebound:Strike_Slimebound","Slimebound:Tackle+1","Slimebound:Defend_Slimebound","Slimebound:Defend_Slimebound","Slimebound:Defend_Slimebound","Slimebound:Split+1","Slimebound:CorrosiveSpit+1","Slimebound:SplitBruiser","Slimebound:GrowthPunch+1","Slimebound:Chomp","Slimebound:LeechEnergy","Slimebound:LevelUp+1","Slimebound:Repurpose","Slimebound:Gluttony+1","Slimebound:GrowthPunch","Slimebound:SplitMire","Slimebound:OozeBath","Slimebound:GrowthPunch+1"],"relics":["Slimebound:AbsorbEndCombat","Replay:Baseball","Strawberry","Busted Crown","Oddly Smooth Stone","Mummified Hand"],"acts_visited":["Exordium","TheCity"],"potions_floor_usage":[21],"damage_taken":[{"damage":10,"enemies":"Jaw Worm","floor":2,"turns":4},{"damage":21,"enemies":"downfall:FleeingMerchant","floor":4,"turns":4},{"damage":12,"enemies":"Cultist","floor":8,"turns":3},{"damage":12,"enemies":"2 Louse","floor":9,"turns":2},{"damage":30,"enemies":"3 Sentries","floor":10,"turns":6},{"damage":33,"enemies":"Lots of Slimes","floor":11,"turns":4},{"damage":12,"enemies":"3 Louse","floor":12,"turns":4},{"damage":18,"enemies":"downfall:FleeingMerchant","floor":14,"turns":4},{"damage":15,"enemies":"Gremlin Gang","floor":15,"turns":4},{"damage":52,"enemies":"downfall:Ironclad","floor":16,"turns":6},{"damage":35,"enemies":"Replay:Snechameleon","floor":21,"turns":5},{"damage":33,"enemies":"Spheric Guardian","floor":22,"turns":4}],"seed_played":"5927342545850793637","potions_obtained":[{"floor":11,"key":"AttackPotion"},{"floor":15,"key":"Flashbang"},{"floor":16,"key":"Fire Potion"},{"floor":21,"key":"ColorlessPotion"}],"is_trial":false,"path_per_floor":["R_BF","M","R","$","?","R","T","M","M","E","M","M","?","$","M","B",null,"R","?","R","E","M","R","T","?","R"],"character_chosen":"SLIMEBOUND","items_purchased":["Slimebound:GrowthPunch"],"campfire_rested":0,"item_purchase_floors":[14],"current_hp_per_floor":[66,64,64,65,65,65,65,66,66,67,46,50,50,56,57,61,73,73,73,73,73,52,52,52,52,52,52],"gold":297,"neow_bonus":"TEN_PERCENT_HP_BONUS","is_daily":false,"chose_seed":false,"campfire_upgraded":5,"win_rate":0.0,"timestamp":1608146691,"path_taken":["R_BF","M","R","$","?","R","T","M","M","E","M","?","?","$","M","BOSS","R","?","R","E","?","R","T","?","R"],"items_purchased_type":["Card"],"build_version":"2020-12-13","purchased_purges":2,"victory":false,"max_hp_per_floor":[66,66,66,66,66,66,66,66,66,73,73,73,73,73,73,73,73,73,73,73,73,73,73,73,73,73,73],"card_choices":[{"not_picked":["Slimebound:ViciousTackle","Slimebound:Prepare"],"picked":"Slimebound:SplitBruiser","floor":2},{"not_picked":["Slimebound:SlimeSpikes","Slimebound:SplitAcid"],"picked":"Slimebound:GrowthPunch","floor":4},{"not_picked":["Slimebound:GoopSpray","Slimebound:PressTheAttack"],"picked":"Slimebound:Chomp","floor":8},{"not_picked":["Slimebound:SplitBruiser","Slimebound:SplitLeeching"],"picked":"Slimebound:LeechEnergy","floor":9},{"not_picked":["Slimebound:FinishingTackle","Slimebound:Dissolve"],"picked":"Slimebound:LevelUp","floor":10},{"not_picked":["Slimebound:SamplingLick","Slimebound:SlimeSlap"],"picked":"Slimebound:Repurpose","floor":11},{"not_picked":["Slimebound:GoopSpray","Slimebound:LeechEnergy","Slimebound:ComboTackle"],"picked":"SKIP","floor":12},{"not_picked":["Slimebound:SpikyOuterGoop","Slimebound:MassFeed"],"picked":"Slimebound:Gluttony","floor":14},{"not_picked":["Slimebound:SplitAcid","Slimebound:GoopSpray"],"picked":"Slimebound:SplitMire","floor":15},{"not_picked":["Slimebound:Teamwork","Slimebound:DouseInSlime"],"picked":"Slimebound:OozeBath","floor":16},{"not_picked":[],"picked":"Slimebound:GrowthPunch+1","floor":21},{"not_picked":["Slimebound:GoopTackle+1"],"picked":"SKIP","floor":22}],"player_experience":201566,"relics_obtained":[{"floor":7,"key":"Replay:Baseball"},{"floor":10,"key":"Strawberry"},{"floor":21,"key":"Oddly Smooth Stone"},{"floor":24,"key":"Mummified Hand"}],"event_choices":[{"damage_healed":0,"gold_gain":0,"player_choice":"Upgraded","damage_taken":0,"max_hp_gain":0,"max_hp_loss":0,"event_name":"Upgrade Shrine","floor":5,"gold_loss":0,"cards_upgraded":["Slimebound:CorrosiveSpit"]}],"is_beta":false,"boss_relics":[{"not_picked":["Runic Pyramid","Replay:Wanted Poster"],"picked":"Busted Crown"}],"items_purged_floors":[4,14],"is_endless":false,"potions_floor_spawned":[11,15,16,21],"ascension_level":0}}