{"host":"6csbbk4539itd1k2","time":1608137256,"event":{"mods":["BaseMod","Colored Powertips","Downfall","Googly Eyes","Hermit","Minty Spire (QoL Compilation)","Replay The Spire","StSLib","SuperFastMode","The Animator","The Bug Knight","The Cursed","The Hierophant","The Necromancer","The Servant 0.9.4"],"gold_per_floor":[99,99,112,139,155,155,155,183,201,229,229,54,54,54,71,172,172,172,207,207,221,65,98,122,159,159,199,199,199,131,154,172,270,270,270,270,2,36,36,36,86,186,216,216,216,59,84,138,156,156],"floor_reached":51,"playtime":3233,"items_purged":["hexamod:Strike","hexamod:Strike","hexamod:Defend"],"score":1160,"play_id":"c78b9bb8-f147-4548-870b-0930b5167403","local_time":"20201216174736","is_ascension_mode":true,"campfire_choices":[{"floor":1,"key":"DIG"},{"data":"hexamod:SpectralAdrenaline","floor":6,"key":"SMITH"},{"data":"hexamod:BurningTouch","floor":18,"key":"SMITH"},{"floor":35,"key":"RECALL"},{"data":"hexamod:VolcanoVisage","floor":44,"key":"SMITH"}],"circlet_count":0,"master_deck":["hexamod:Strike","hexamod:Defend","hexamod:Defend","hexamod:Defend","hexamod:Sear+1","hexamod:Float+1","hexamod:ThermalTransfer+1","hexamod:SpectralAdrenaline+1","hexamod:Firestarter+1","hexamod:HauntingEcho+1","hexamod:SpectersWail","hexamod:BurningTouch+1","AbeCurse","hexamod:PhantomFireball+1","hexamod:Hexaguard","hexamod:Hexaguard","hexamod:DynamicBlow","hexamod:StepThrough","hexamod:BurningTouch","hexamod:PowerFromBeyond","hexamod:TimeWarp","hexamod:VolcanoVisage+1","hexamod:ChargedBarrage+1","hexamod:StepThrough+1"],"relics":["hexamod:SpiritBrand","Potion Belt","Oddly Smooth Stone","Replay:Bottled Eggs","Onion Ring","Orichalcum","Bag of Preparation","Abe\u0027s Treasure","FossilizedHelix","Replay:Rubber Ducky","Pet Ghost","Simple Rune","Anchor","hexamod:MatchstickCase","Frozen Eye","Juzu Bracelet","hexamod:TheBrokenSeal","Philosopher\u0027s Stone","Replay:Mystery Machine","Iron Hammer","downfall:GremlinWheel","Gambling Chip","Bag of Marbles","Dream Catcher","Thread and Needle"],"acts_visited":["Exordium","TheCity","TheBeyond"],"potions_floor_usage":[10,19,50],"damage_taken":[{"damage":0,"enemies":"2 Louse","floor":3,"turns":2},{"damage":12,"enemies":"HollowMod:MossKnight","floor":4,"turns":8},{"damage":0,"enemies":"Jaw Worm","floor":5,"turns":3},{"damage":11,"enemies":"Lagavulin","floor":8,"turns":8},{"damage":2,"enemies":"Small Slimes","floor":9,"turns":4},{"damage":3,"enemies":"3 Sentries","floor":10,"turns":7},{"damage":0,"enemies":"downfall:FleeingMerchant","floor":12,"turns":4},{"damage":0,"enemies":"2 Fungi Beasts","floor":15,"turns":2},{"damage":33,"enemies":"downfall:Watcher","floor":16,"turns":9},{"damage":23,"enemies":"Slavers","floor":19,"turns":4},{"damage":6,"enemies":"Shell Parasite","floor":21,"turns":3},{"damage":0,"enemies":"downfall:FleeingMerchant","floor":22,"turns":4},{"damage":0,"enemies":"HollowMod:Nosk","floor":23,"turns":7},{"damage":0,"enemies":"Book of Stabbing","floor":25,"turns":5},{"damage":0,"enemies":"Replay:Snechameleon","floor":27,"turns":5},{"damage":0,"enemies":"Chosen","floor":28,"turns":1},{"damage":0,"enemies":"downfall:FleeingMerchant","floor":30,"turns":4},{"damage":0,"enemies":"Centurion and Healer","floor":31,"turns":5},{"damage":0,"enemies":"3 Cultists","floor":32,"turns":3},{"damage":12,"enemies":"downfall:Ironclad","floor":33,"turns":7},{"damage":0,"enemies":"Reptomancer","floor":38,"turns":3},{"damage":0,"enemies":"Reptomancer","floor":42,"turns":1},{"damage":0,"enemies":"Nemesis","floor":43,"turns":4},{"damage":0,"enemies":"2 Orb Walkers","floor":48,"turns":3},{"damage":0,"enemies":"3 Darklings","floor":49,"turns":2},{"damage":44,"enemies":"downfall:Silent","floor":50,"turns":4}],"seed_played":"-2754666557055783684","potions_obtained":[{"floor":3,"key":"Dexterity Potion"},{"floor":5,"key":"BlessingOfTheForge"},{"floor":10,"key":"AttackPotion"},{"floor":15,"key":"Flashbang"},{"floor":16,"key":"Explosive Potion"},{"floor":16,"key":"CultistPotion"},{"floor":21,"key":"Strength Potion"},{"floor":23,"key":"Swift Potion"},{"floor":27,"key":"Block Potion"}],"is_trial":false,"path_per_floor":["R","?","M","E","M","R","T","E","M","E","?","$","?","?","M","B",null,"R","E","?","M","$","E","T","E","?","E","M","?","$","M","M","B",null,"R","?","$","E","?","?","T","?","E","R","?","$","T","?","M","B",null],"character_chosen":"THE_SPIRIT","items_purchased":["hexamod:FourthSeal","hexamod:SpectersWail","Replay:Rubber Ducky","Frozen Eye","Juzu Bracelet","Replay:Mystery Machine","Bag of Marbles"],"campfire_rested":0,"item_purchase_floors":[12,12,22,30,30,37,46],"current_hp_per_floor":[70,63,70,65,70,70,70,66,70,70,70,70,70,67,67,34,70,70,54,54,55,62,69,69,69,69,70,70,70,70,80,80,68,80,80,80,80,80,80,80,80,80,80,80,80,80,80,80,80,36],"gold":156,"neow_bonus":"UPGRADE_CARD","is_daily":false,"chose_seed":false,"campfire_upgraded":3,"win_rate":0.0,"timestamp":1608137256,"path_taken":["R","?","M","E","M","R","T","E","M","E","?","?","?","?","M","BOSS","R","E","?","M","$","E","T","E","?","E","M","?","$","M","M","BOSS","R","?","$","E","?","?","T","?","E","R","?","?","?","?","M","BOSS"],"items_purchased_type":["Card","Card","Relic","Relic","Relic","Relic","Relic"],"build_version":"2020-12-13","purchased_purges":3,"victory":true,"max_hp_per_floor":[70,70,70,70,70,70,70,70,70,70,70,70,70,70,70,70,70,70,70,70,70,70,70,70,70,70,70,70,70,70,80,80,80,80,80,80,80,80,80,80,80,80,80,80,80,80,80,80,80,80],"card_choices":[{"not_picked":["hexamod:HeatShield","hexamod:ExtraCrispy"],"picked":"hexamod:ThermalTransfer","floor":3},{"not_picked":["hexamod:CatchUp","hexamod:InspiringFlames","hexamod:FirstSeal"],"picked":"SKIP","floor":4},{"not_picked":["hexamod:ShieldOfDarkness","hexamod:GhostLash"],"picked":"hexamod:SpectralAdrenaline","floor":5},{"not_picked":["hexamod:RainOfEmbers","hexamod:ThermalTransfer"],"picked":"hexamod:SecondSeal","floor":8},{"not_picked":["hexamod:NightmareStrike","hexamod:GhostShield"],"picked":"hexamod:Firestarter","floor":9},{"not_picked":["hexamod:SecondSeal","hexamod:TimeOfNeed"],"picked":"hexamod:SixthSeal","floor":10},{"not_picked":["hexamod:HeatMetal","hexamod:HeatShield"],"picked":"hexamod:HauntingEcho","floor":12},{"not_picked":["hexamod:SpectralSpark","hexamod:FastForward"],"picked":"hexamod:BurningTouch","floor":15},{"not_picked":["hexamod:GhostOfSpirePast","hexamod:InspiringFlames+1"],"picked":"hexamod:PhantomFireball+1","floor":19},{"not_picked":["hexamod:Firestarter","hexamod:AdvancingGuard+1"],"picked":"hexamod:Hexaguard","floor":21},{"not_picked":["hexamod:ShieldOfDarkness","hexamod:GhostLash"],"picked":"hexamod:Hexaguard","floor":22},{"not_picked":["hexamod:HauntingEcho","hexamod:Again"],"picked":"hexamod:DynamicBlow","floor":23},{"not_picked":["hexamod:GhostShield","hexamod:AdvancingGuard"],"picked":"hexamod:StepThrough","floor":25},{"not_picked":["hexamod:GhostLash","hexamod:FastForward"],"picked":"hexamod:BurningTouch","floor":27},{"not_picked":["hexamod:FourthSeal","hexamod:FifthSeal","hexamod:SecondSeal"],"picked":"SKIP","floor":27},{"not_picked":["hexamod:FourthSeal","hexamod:FifthSeal","hexamod:SecondSeal"],"picked":"SKIP","floor":27},{"not_picked":["hexamod:NightmareGuise","hexamod:InspiringFlames","hexamod:HeatMetal"],"picked":"SKIP","floor":28},{"not_picked":["hexamod:FirstSeal","hexamod:FifthSeal"],"picked":"hexamod:ThirdSeal","floor":30},{"not_picked":["hexamod:HeatShield","hexamod:SwordOfDarkness","hexamod:BacktrackSmack"],"picked":"SKIP","floor":30},{"not_picked":["hexamod:GhostLash","hexamod:SpectersWail+1"],"picked":"hexamod:PowerFromBeyond","floor":31},{"not_picked":["hexamod:RainOfEmbers+1","hexamod:BurningTouch+1"],"picked":"hexamod:TimeWarp","floor":32},{"not_picked":["hexamod:GhostflameInferno","hexamod:TurnItUp"],"picked":"hexamod:VolcanoVisage","floor":33},{"not_picked":["hexamod:EtherealExpedition","hexamod:AdvancingGuard","hexamod:RetreatToShadows"],"picked":"SKIP","floor":38},{"not_picked":["hexamod:BurningTouch","hexamod:GhostOfSpireFuture","hexamod:NightmareStrike"],"picked":"SKIP","floor":43},{"not_picked":["hexamod:NightmareGuise+1","hexamod:NightmareStrike"],"picked":"hexamod:ChargedBarrage+1","floor":48},{"not_picked":["hexamod:CrushingStance","hexamod:SpectersWail"],"picked":"hexamod:StepThrough+1","floor":49}],"player_experience":157788,"relics_obtained":[{"floor":1,"key":"Potion Belt"},{"floor":4,"key":"Oddly Smooth Stone"},{"floor":7,"key":"Replay:Bottled Eggs"},{"floor":8,"key":"Onion Ring"},{"floor":10,"key":"Orichalcum"},{"floor":19,"key":"FossilizedHelix"},{"floor":23,"key":"Pet Ghost"},{"floor":24,"key":"Simple Rune"},{"floor":25,"key":"Anchor"},{"floor":27,"key":"hexamod:MatchstickCase"},{"floor":38,"key":"Iron Hammer"},{"floor":42,"key":"downfall:GremlinWheel"},{"floor":43,"key":"Gambling Chip"},{"floor":47,"key":"Dream Catcher"},{"floor":48,"key":"Thread and Needle"}],"event_choices":[{"damage_healed":0,"gold_gain":0,"player_choice":"Success","damage_taken":3,"relics_obtained":["Bag of Preparation"],"max_hp_gain":0,"max_hp_loss":0,"event_name":"Scrap Ooze","floor":14,"gold_loss":0},{"cards_removed":["hexamod:Strike"],"damage_healed":0,"gold_gain":0,"player_choice":"Elegance","damage_taken":0,"max_hp_gain":0,"max_hp_loss":0,"event_name":"Back to Basics","floor":20,"gold_loss":0},{"damage_healed":0,"gold_gain":0,"player_choice":"Read","damage_taken":0,"max_hp_gain":0,"max_hp_loss":0,"event_name":"The Library","floor":26,"gold_loss":0,"cards_obtained":["hexamod:FifthSeal"]},{"damage_healed":0,"gold_gain":0,"player_choice":"Fight","damage_taken":0,"max_hp_gain":0,"max_hp_loss":0,"event_name":"Mysterious Sphere","floor":48,"gold_loss":0}],"is_beta":false,"boss_relics":[{"not_picked":["Replay:Grab Bag","SacredBark"],"picked":"Abe\u0027s Treasure"},{"not_picked":["Replay:Wanted Poster","Replay:Drink Me"],"picked":"Philosopher\u0027s Stone"}],"items_purged_floors":[12,30,37],"is_endless":false,"potions_floor_spawned":[3,5,10,15,16,21,23,27,32,33,43,48,49],"ascension_level":2}}