{"host":"6xsbn6ynqlzwllfm","time":1608152071,"event":{"mods":["2.2 Compatiblity","BaseMod","Bestiary","Colored Map","Colored Powertips","Curses Come First","Downfall","Highlight Path","Keyboard Shortcuts","Minty Spire (QoL Compilation)","Quick Restart","Relic Stats","Slay the Relics Exporter","StSLib","SuperFastMode"],"gold_per_floor":[119,119,138,10,30,30,59,73,100,135,147,147,159,159,159,259,259,276,276,276,289,307,307,335,335,335,335,335,335],"floor_reached":28,"playtime":1153,"items_purged":[],"score":260,"play_id":"d15bb4b8-7d46-47ee-810c-c76c5966f4a0","local_time":"20201216155431","is_ascension_mode":true,"campfire_choices":[{"data":"hexamod:Float","floor":6,"key":"SMITH"},{"data":"hexamod:EmpoweredFlame","floor":12,"key":"SMITH"},{"data":"hexamod:Sear","floor":15,"key":"SMITH"},{"data":"hexamod:EmpoweringStance","floor":23,"key":"SMITH"},{"floor":25,"key":"REST"}],"circlet_count":0,"master_deck":["hexamod:Strike","hexamod:Strike+1","hexamod:Strike","hexamod:Strike","hexamod:Defend","hexamod:Defend","hexamod:Defend","hexamod:Sear+1","hexamod:Float+1","hexamod:ShieldOfDarkness","hexamod:Hexaguard","hexamod:EmpoweredFlame+1","hexamod:ShieldOfDarkness","hexamod:Firestarter","hexamod:NightmareStrike","hexamod:SpectersWail+1","hexamod:SpectersWail","hexamod:HauntingEcho","hexamod:FastForward","hexamod:EmpoweringStance+1","hexamod:PhantomCloak+1","hexamod:AdvancingGuard","hexamod:ExtraCrispy+1","hexamod:HeatMetal"],"relics":["hexamod:SpiritBrand","Ancient Tea Set","hexamod:MatchstickCase","Smiling Mask","hexamod:IceCube","White Beast Statue","Regal Pillow"],"acts_visited":["Exordium","TheCity"],"potions_floor_usage":[10,24],"damage_taken":[{"damage":0,"enemies":"Cultist","floor":1,"turns":3},{"damage":0,"enemies":"Small Slimes","floor":3,"turns":4},{"damage":0,"enemies":"2 Louse","floor":5,"turns":3},{"damage":5,"enemies":"Lagavulin","floor":7,"turns":7},{"damage":3,"enemies":"Large Slime","floor":8,"turns":5},{"damage":2,"enemies":"3 Sentries","floor":10,"turns":6},{"damage":1,"enemies":"2 Fungi Beasts","floor":11,"turns":3},{"damage":2,"enemies":"Red Slaver","floor":13,"turns":2},{"damage":13,"enemies":"The Guardian","floor":16,"turns":10},{"damage":9,"enemies":"2 Thieves","floor":18,"turns":4},{"damage":6,"enemies":"Shell Parasite","floor":21,"turns":4},{"damage":7,"enemies":"Cultist and Chosen","floor":22,"turns":6},{"damage":26,"enemies":"Slavers","floor":24,"turns":5},{"damage":35,"enemies":"Gremlin Leader","floor":28,"turns":6}],"seed_played":"6076503861450409701","potions_obtained":[{"floor":5,"key":"Strength Potion"},{"floor":7,"key":"Swift Potion"},{"floor":10,"key":"FearPotion"},{"floor":21,"key":"SteroidPotion"}],"is_trial":false,"path_per_floor":["M","?","M","$","M","R","E","M","T","E","M","R","M","?","R","B",null,"M","?","?","M","M","R","E","R","T","?","E"],"character_chosen":"THE_SPIRIT","items_purchased":["hexamod:EmpoweredFlame","hexamod:ShieldOfDarkness"],"campfire_rested":1,"item_purchase_floors":[4,4],"current_hp_per_floor":[77,77,77,77,77,77,72,69,69,67,66,66,64,49,49,36,77,68,54,54,48,41,41,15,39,39,39,4,4],"gold":335,"neow_bonus":"TEN_PERCENT_HP_BONUS","is_daily":false,"chose_seed":false,"campfire_upgraded":4,"win_rate":0.0,"timestamp":1608152071,"path_taken":["M","?","M","?","M","R","E","M","T","E","M","R","M","?","R","BOSS","M","?","?","M","M","R","E","R","T","?","E"],"items_purchased_type":["Card","Card"],"build_version":"2020-12-13","purchased_purges":0,"victory":false,"max_hp_per_floor":[77,77,77,77,77,77,77,77,77,77,77,77,77,77,77,77,77,77,82,82,82,82,82,82,82,82,82,82,82],"relic_stats":{"Regal Pillow":0,"counters":[14,68],"Smiling Mask":0,"obtain_stats":[{"Regal Pillow":26,"Ancient Tea Set":7,"Smiling Mask":10,"hexamod:SpiritBrand":0,"hexamod:IceCube":17,"White Beast Statue":24,"hexamod:MatchstickCase":9},{"Regal Pillow":13,"Ancient Tea Set":4,"Smiling Mask":6,"hexamod:SpiritBrand":0,"hexamod:IceCube":9,"White Beast Statue":13,"hexamod:MatchstickCase":5},{"Regal Pillow":62,"Ancient Tea Set":17,"Smiling Mask":28,"hexamod:SpiritBrand":0,"hexamod:IceCube":43,"White Beast Statue":62,"hexamod:MatchstickCase":22}]},"card_choices":[{"not_picked":["hexamod:Again","hexamod:Incineration"],"picked":"hexamod:ShieldOfDarkness","floor":1},{"not_picked":["hexamod:Haunt","hexamod:ThermalTransfer"],"picked":"hexamod:Hexaguard","floor":3},{"not_picked":["hexamod:PowerFromBeyond","hexamod:BurningTouch"],"picked":"hexamod:Firestarter","floor":5},{"not_picked":["hexamod:GhostLash","hexamod:SpectralAdrenaline"],"picked":"hexamod:NightmareStrike","floor":7},{"not_picked":["hexamod:NightmareGuise","hexamod:Firestarter"],"picked":"hexamod:SpectersWail","floor":8},{"not_picked":["hexamod:GhostShield","hexamod:GhostLash"],"picked":"hexamod:SpectersWail","floor":10},{"not_picked":["hexamod:UnleashSpirits","hexamod:SpectersWail"],"picked":"hexamod:HauntingEcho","floor":11},{"not_picked":["hexamod:GhostShield","hexamod:BacktrackSmack"],"picked":"hexamod:FastForward","floor":13},{"not_picked":["hexamod:TimeWarp","hexamod:CrushingStance"],"picked":"hexamod:EmpoweringStance","floor":16},{"not_picked":["hexamod:GhostOfSpireFuture","hexamod:NightmareStrike"],"picked":"hexamod:PhantomCloak+1","floor":18},{"not_picked":["hexamod:HeatMetal","hexamod:GhostLash"],"picked":"hexamod:AdvancingGuard","floor":21},{"not_picked":["hexamod:HeatShield","hexamod:FlamesFromBeyond+1"],"picked":"hexamod:ExtraCrispy+1","floor":22},{"not_picked":["hexamod:SpectersWail+1","hexamod:DynamicBlow"],"picked":"hexamod:HeatMetal","floor":24}],"player_experience":1234443,"relics_obtained":[{"floor":7,"key":"Ancient Tea Set"},{"floor":9,"key":"hexamod:MatchstickCase"},{"floor":10,"key":"Smiling Mask"},{"floor":24,"key":"White Beast Statue"},{"floor":26,"key":"Regal Pillow"}],"event_choices":[{"cards_removed":["hexamod:Defend"],"damage_healed":0,"gold_gain":0,"player_choice":"Offered Basic","damage_taken":0,"max_hp_gain":0,"max_hp_loss":0,"event_name":"Bonfire Elementals","floor":2,"gold_loss":0},{"damage_healed":0,"gold_gain":0,"player_choice":"Entered Light","damage_taken":15,"max_hp_gain":0,"max_hp_loss":0,"event_name":"Shining Light","floor":14,"gold_loss":0,"cards_upgraded":["hexamod:SpectersWail","hexamod:Strike"]},{"damage_healed":0,"gold_gain":0,"player_choice":"Shed Blood","damage_taken":19,"max_hp_gain":5,"max_hp_loss":0,"event_name":"Forgotten Altar","floor":19,"gold_loss":0},{"damage_healed":0,"gold_gain":0,"player_choice":"Bought 0 Potions","damage_taken":0,"max_hp_gain":0,"max_hp_loss":0,"event_name":"The Woman in Blue","floor":27,"gold_loss":0}],"is_beta":false,"boss_relics":[{"not_picked":["Pandora\u0027s Box","Sozu"],"picked":"hexamod:IceCube"}],"items_purged_floors":[],"is_endless":false,"potions_floor_spawned":[5,7,10,21,22],"killed_by":"Gremlin Leader","ascension_level":1}}