{"host":"l4kdldlios54gl54","time":1608102271,"event":{"mods":["AchievementEnabler","BaseMod","Colored Map","Colored Powertips","Minty Spire (QoL Compilation)","Random Character Button"],"gold_per_floor":[113,413,0,0,0,32,42,42,42,57,22,38,50,125,125,202,202,217,230,243,333,91,91,109,26,26,42,42,54,66,66,66,139,139,154,154,154,154,179,179,202,202,202,202,23,23,73,18,18,18,18],"floor_reached":50,"playtime":1891,"items_purged":["Strike_G","Doubt"],"score":1024,"play_id":"458ae303-58b2-414d-b66b-1236a6749d09","local_time":"20201216080431","is_ascension_mode":true,"campfire_choices":[{"data":"Cloak And Dagger","floor":8,"key":"SMITH"},{"data":"Cloak And Dagger","floor":15,"key":"SMITH"},{"data":"Infinite Blades","floor":23,"key":"SMITH"},{"floor":28,"key":"REST"},{"floor":32,"key":"REST"},{"data":"Footwork","floor":40,"key":"SMITH"},{"data":"Blade Dance","floor":42,"key":"SMITH"},{"data":"Deadly Poison","floor":46,"key":"SMITH"},{"floor":49,"key":"REST"}],"circlet_count":0,"master_deck":["AscendersBane","Strike_G","Strike_G","Strike_G","Defend_G","Defend_G","Defend_G","Defend_G","Defend_G","Survivor","Neutralize","Deadly Poison+1","PiercingWail+1","Backstab","Cloak And Dagger+1","Cloak And Dagger+1","Deflect+1","Infinite Blades+1","Footwork+1","Writhe","Blade Dance+1","Decay","Parasite","Writhe","Well Laid Plans+1"],"relics":["Ring of the Snake","NeowsBlessing","Old Coin","Shuriken","InkBottle","Lizard Tail","The Specimen","Cursed Key","Lee\u0027s Waffle","Frozen Egg 2","Mummified Hand","Busted Crown","Question Card","Mango","Juzu Bracelet","White Beast Statue"],"acts_visited":["Exordium","TheCity","TheBeyond"],"potions_floor_usage":[16,16,19,30,30,30,33,39,50,50],"damage_taken":[{"damage":0,"enemies":"Small Slimes","floor":1,"turns":1},{"damage":0,"enemies":"Gremlin Nob","floor":6,"turns":1},{"damage":0,"enemies":"2 Louse","floor":7,"turns":1},{"damage":0,"enemies":"Cultist","floor":10,"turns":3},{"damage":2,"enemies":"3 Louse","floor":12,"turns":3},{"damage":0,"enemies":"Looter","floor":13,"turns":3},{"damage":54,"enemies":"Slime Boss","floor":16,"turns":11},{"damage":5,"enemies":"Shell Parasite","floor":18,"turns":5},{"damage":8,"enemies":"Chosen","floor":19,"turns":4},{"damage":15,"enemies":"Snecko","floor":20,"turns":5},{"damage":29,"enemies":"Snake Plant","floor":24,"turns":5},{"damage":31,"enemies":"Sentry and Sphere","floor":27,"turns":8},{"damage":2,"enemies":"Centurion and Healer","floor":29,"turns":5},{"damage":16,"enemies":"Snake Plant","floor":30,"turns":6},{"damage":66,"enemies":"Champ","floor":33,"turns":11},{"damage":3,"enemies":"3 Shapes","floor":35,"turns":9},{"damage":2,"enemies":"Mind Bloom Boss Battle","floor":39,"turns":9},{"damage":91,"enemies":"Time Eater","floor":50,"turns":7}],"seed_played":"3129019898485093295","potions_obtained":[{"floor":1,"key":"GamblersBrew"},{"floor":12,"key":"SneckoOil"},{"floor":13,"key":"FearPotion"},{"floor":16,"key":"CunningPotion"},{"floor":27,"key":"EntropicBrew"},{"floor":29,"key":"SteroidPotion"},{"floor":30,"key":"PowerPotion"},{"floor":33,"key":"Fire Potion"},{"floor":35,"key":"BlessingOfTheForge"}],"is_trial":false,"path_per_floor":["M","?","$","?","?","E","M","R","T","M","?","M","M","?","R","B",null,"M","M","M","?","$","R","M","$","T","M","R","M","M","T","R","B",null,"M","?","T","?","?","R","T","R","T","?","$","R","?","$","R","B"],"character_chosen":"THE_SILENT","items_purchased":["Shuriken","PiercingWail","Lee\u0027s Waffle","Infinite Blades","Footwork","Well Laid Plans+1","SkillPotion"],"campfire_rested":3,"item_purchase_floors":[3,3,22,22,25,45,48],"current_hp_per_floor":[59,33,33,33,33,33,33,33,33,33,49,47,47,36,36,21,55,50,42,27,15,73,73,44,44,44,13,34,32,16,16,37,21,60,57,57,57,57,69,69,69,69,69,69,69,69,69,69,83,0,0],"gold":18,"neow_bonus":"THREE_ENEMY_KILL","is_daily":false,"chose_seed":false,"campfire_upgraded":6,"win_rate":0.0,"timestamp":1608102271,"path_taken":["M","?","$","?","?","E","M","R","T","?","?","M","M","?","R","BOSS","M","M","M","?","?","R","M","$","T","M","R","M","M","?","R","BOSS","M","?","?","?","?","R","?","R","T","?","$","R","?","?","R","BOSS"],"items_purchased_type":["Relic","Card","Relic","Card","Card","Card","Potion"],"build_version":"2020-12-13","purchased_purges":2,"victory":false,"max_hp_per_floor":[66,66,66,66,66,66,66,66,66,66,66,66,66,66,66,66,66,66,66,66,66,73,73,73,73,73,73,73,73,73,73,73,73,73,73,73,73,73,87,87,87,87,87,83,83,83,83,83,83,83,83],"card_choices":[{"not_picked":["Blur","Slice"],"picked":"Deadly Poison","floor":1},{"not_picked":["Poisoned Stab","Flying Knee"],"picked":"Backstab","floor":6},{"not_picked":["Riddle With Holes","Dagger Spray"],"picked":"Cloak And Dagger","floor":7},{"not_picked":["Escape Plan","Noxious Fumes"],"picked":"Cloak And Dagger","floor":10},{"not_picked":["Bane","Outmaneuver","Sucker Punch"],"picked":"SKIP","floor":12},{"not_picked":["Dodge and Roll","Predator","Malaise"],"picked":"SKIP","floor":13},{"not_picked":["Dodge and Roll","Finisher","Distraction"],"picked":"SKIP","floor":18},{"not_picked":["Prepared","Poisoned Stab","Accuracy"],"picked":"SKIP","floor":19},{"not_picked":["Crippling Poison","Bane+1"],"picked":"Deflect+1","floor":20},{"not_picked":["Bouncing Flask","Underhanded Strike","Infinite Blades"],"picked":"SKIP","floor":24},{"not_picked":["PiercingWail","Corpse Explosion"],"picked":"Blade Dance","floor":27},{"not_picked":["Acrobatics","Endless Agony","Deflect"],"picked":"SKIP","floor":29},{"not_picked":["Underhanded Strike","Acrobatics","Dagger Spray"],"picked":"SKIP","floor":30},{"not_picked":["Tactician"],"picked":"SKIP","floor":35}],"player_experience":832641,"relics_obtained":[{"floor":6,"key":"Lizard Tail"},{"floor":9,"key":"The Specimen"},{"floor":26,"key":"Frozen Egg 2"},{"floor":31,"key":"Mummified Hand"},{"floor":37,"key":"Question Card"},{"floor":39,"key":"Mango"},{"floor":41,"key":"Juzu Bracelet"},{"floor":43,"key":"White Beast Statue"}],"event_choices":[{"damage_healed":0,"gold_gain":0,"player_choice":"Success","damage_taken":26,"relics_obtained":["Old Coin"],"max_hp_gain":0,"max_hp_loss":0,"event_name":"Scrap Ooze","floor":2,"gold_loss":0},{"damage_healed":0,"gold_gain":0,"player_choice":"Grow","damage_taken":0,"max_hp_gain":0,"max_hp_loss":0,"event_name":"Living Wall","floor":4,"gold_loss":0,"cards_upgraded":["PiercingWail"]},{"damage_healed":0,"gold_gain":0,"player_choice":"Gave Potion","damage_taken":0,"relics_obtained":["InkBottle"],"max_hp_gain":0,"max_hp_loss":0,"event_name":"WeMeetAgain","floor":5,"gold_loss":0},{"damage_healed":16,"gold_gain":0,"player_choice":"Healed","damage_taken":0,"max_hp_gain":0,"max_hp_loss":0,"event_name":"The Cleric","floor":11,"gold_loss":35},{"damage_healed":0,"gold_gain":75,"player_choice":"Gather Gold","damage_taken":11,"max_hp_gain":0,"max_hp_loss":0,"event_name":"World of Goop","floor":14,"gold_loss":0},{"damage_healed":0,"gold_gain":90,"player_choice":"GOLD ","damage_taken":12,"max_hp_gain":0,"max_hp_loss":0,"event_name":"Knowing Skull","floor":21,"potions_obtained":[],"gold_loss":0,"cards_obtained":[]},{"cards_removed":["Strike_G"],"damage_healed":0,"gold_gain":0,"player_choice":"Removed Attack","damage_taken":0,"max_hp_gain":0,"max_hp_loss":0,"event_name":"Falling","floor":36,"gold_loss":0},{"damage_healed":0,"gold_gain":0,"player_choice":"Memory 1","damage_taken":0,"max_hp_gain":0,"max_hp_loss":0,"event_name":"SensoryStone","floor":38,"gold_loss":0},{"damage_healed":0,"gold_gain":0,"player_choice":"Fight","damage_taken":0,"max_hp_gain":0,"max_hp_loss":0,"event_name":"MindBloom","floor":39,"gold_loss":0},{"damage_healed":0,"gold_gain":0,"player_choice":"Max HP","damage_taken":0,"max_hp_gain":0,"max_hp_loss":4,"event_name":"Winding Halls","floor":44,"gold_loss":0},{"damage_healed":0,"gold_gain":50,"player_choice":"Pray","damage_taken":0,"max_hp_gain":0,"max_hp_loss":0,"event_name":"Golden Shrine","floor":47,"gold_loss":0}],"is_beta":false,"boss_relics":[{"not_picked":["Calling Bell","Snecko Eye"],"picked":"Cursed Key"},{"not_picked":["Black Star","Runic Pyramid"],"picked":"Busted Crown"}],"items_purged_floors":[3,45],"is_endless":false,"potions_floor_spawned":[1,12,13,16,27,29,30,33,35],"killed_by":"Time Eater","ascension_level":19}}