{"host":"3a1ypf1irl30q4k8","time":1608157026,"event":{"mods":["AchievementEnabler","BaseMod","Bestiary","Colored Map","Minty Spire (QoL Compilation)","Relic Stats"],"gold_per_floor":[115,65,84,96,25,50,67,67,67,41,51,0,0,19,19,123,123,140,160,180,199,216,216,241,241,241,241,275,275,304,304,304,304,304],"floor_reached":33,"playtime":1529,"items_purged":[],"score":445,"play_id":"17d73c70-ac0e-4f96-af25-d0dfd3eb2f8e","local_time":"20201216221706","is_ascension_mode":true,"campfire_choices":[{"data":"Reinforced Body","floor":8,"key":"SMITH"},{"data":"Defragment","floor":15,"key":"SMITH"},{"floor":23,"key":"REST"},{"data":"Capacitor","floor":25,"key":"SMITH"},{"floor":27,"key":"REST"},{"data":"Cold Snap","floor":29,"key":"SMITH"},{"floor":32,"key":"REST"}],"circlet_count":0,"master_deck":["Strike_B","Strike_B","Defend_B","Defend_B","Defend_B","Defend_B","Zap+1","Dualcast","Cold Snap+1","Electrodynamics","Chill","Defragment+1","Seek","Reinforced Body+1","Conserve Battery","Loop","Defragment","Biased Cognition","Static Discharge","Genetic Algorithm","Static Discharge+1","Capacitor+1","Storm"],"relics":["Cracked Core","Bottled Tornado","Ginger","Nuclear Battery","Du-Vu Doll","Mummified Hand","Bottled Flame","Darkstone Periapt"],"acts_visited":["Exordium","TheCity"],"potions_floor_usage":[19,20,22,28,28,30,33],"damage_taken":[{"damage":2,"enemies":"Jaw Worm","floor":1,"turns":2},{"damage":4,"enemies":"2 Louse","floor":3,"turns":2},{"damage":0,"enemies":"Small Slimes","floor":4,"turns":3},{"damage":6,"enemies":"3 Sentries","floor":6,"turns":5},{"damage":8,"enemies":"3 Louse","floor":7,"turns":2},{"damage":0,"enemies":"Exordium Wildlife","floor":11,"turns":2},{"damage":0,"enemies":"Gremlin Gang","floor":14,"turns":1},{"damage":15,"enemies":"Hexaghost","floor":16,"turns":12},{"damage":2,"enemies":"Spheric Guardian","floor":18,"turns":4},{"damage":3,"enemies":"2 Thieves","floor":19,"turns":5},{"damage":12,"enemies":"Snake Plant","floor":20,"turns":4},{"damage":0,"enemies":"Sentry and Sphere","floor":21,"turns":4},{"damage":8,"enemies":"Snecko","floor":22,"turns":5},{"damage":15,"enemies":"Book of Stabbing","floor":24,"turns":5},{"damage":1,"enemies":"Gremlin Leader","floor":28,"turns":5},{"damage":16,"enemies":"Slavers","floor":30,"turns":4},{"damage":91,"enemies":"Champ","floor":33,"turns":15}],"seed_played":"1720188620909594656","potions_obtained":[{"floor":7,"key":"ColorlessPotion"},{"floor":16,"key":"Ancient Potion"},{"floor":19,"key":"SkillPotion"},{"floor":21,"key":"SteroidPotion"},{"floor":24,"key":"LiquidMemories"},{"floor":28,"key":"DistilledChaos"},{"floor":30,"key":"LiquidMemories"}],"is_trial":false,"path_per_floor":["M","?","M","M","$","E","M","R","T","$","M","$","?","M","R","B",null,"M","M","M","M","M","R","E","R","T","R","E","R","E","?","R","B"],"character_chosen":"DEFECT","items_purchased":["Defragment","Conserve Battery","Energy Potion"],"campfire_rested":3,"item_purchase_floors":[5,10,12],"current_hp_per_floor":[66,66,62,62,62,56,48,48,48,48,48,48,48,48,48,33,65,63,60,48,48,40,62,47,47,47,69,68,68,52,52,74,0,0],"gold":304,"neow_bonus":"UPGRADE_CARD","is_daily":false,"chose_seed":false,"campfire_upgraded":4,"win_rate":0.0,"timestamp":1608157026,"path_taken":["M","?","M","M","$","E","M","R","T","$","M","$","?","M","R","BOSS","M","M","M","M","M","R","E","R","T","R","E","R","E","?","R","BOSS"],"items_purchased_type":["Card","Card","Potion"],"build_version":"2020-12-13","purchased_purges":0,"victory":false,"max_hp_per_floor":[75,75,75,75,75,75,75,75,75,75,75,75,75,75,75,75,75,75,75,75,75,75,75,75,75,75,75,75,75,75,75,75,75,75],"relic_stats":{"Darkstone Periapt":0,"counters":[17,80],"Mummified Hand":[22],"Ginger":[7],"obtain_stats":[{"Du-Vu Doll":24,"Darkstone Periapt":30,"Bottled Flame":28,"Mummified Hand":26,"Ginger":9,"Bottled Tornado":6,"Cracked Core":0,"Nuclear Battery":17},{"Du-Vu Doll":14,"Darkstone Periapt":16,"Bottled Flame":15,"Mummified Hand":14,"Ginger":5,"Bottled Tornado":4,"Cracked Core":0,"Nuclear Battery":8},{"Du-Vu Doll":56,"Darkstone Periapt":65,"Bottled Flame":61,"Mummified Hand":56,"Ginger":14,"Bottled Tornado":12,"Cracked Core":0,"Nuclear Battery":29}]},"card_choices":[{"not_picked":["Compile Driver","Hello World"],"picked":"Cold Snap","floor":1},{"not_picked":["Go for the Eyes","Hologram"],"picked":"Electrodynamics","floor":3},{"not_picked":["White Noise","Rip and Tear"],"picked":"Chill","floor":4},{"not_picked":["Scrape","Stack"],"picked":"Seek","floor":6},{"not_picked":["Blizzard","Beam Cell"],"picked":"Reinforced Body","floor":7},{"not_picked":["Melter","Blizzard"],"picked":"Loop","floor":11},{"not_picked":["Leap","Tempest"],"picked":"Defragment","floor":14},{"not_picked":["Echo Form","Thunder Strike"],"picked":"Biased Cognition","floor":16},{"not_picked":["Melter","Stack+1"],"picked":"Static Discharge","floor":18},{"not_picked":["Scrape","FTL","Rebound"],"picked":"SKIP","floor":19},{"not_picked":["Tempest+1","Redo+1"],"picked":"Genetic Algorithm","floor":20},{"not_picked":["Steam Power","Force Field"],"picked":"Static Discharge+1","floor":21},{"not_picked":["Sweeping Beam","Rebound","Sunder"],"picked":"SKIP","floor":22},{"not_picked":["Gash","Core Surge"],"picked":"Capacitor","floor":24},{"not_picked":["Hologram","Reprogram"],"picked":"Storm","floor":28},{"not_picked":["Redo","Hello World","Hologram"],"picked":"SKIP","floor":30}],"player_experience":850580,"relics_obtained":[{"floor":6,"key":"Bottled Tornado"},{"floor":9,"key":"Ginger"},{"floor":24,"key":"Du-Vu Doll"},{"floor":26,"key":"Mummified Hand"},{"floor":28,"key":"Bottled Flame"},{"floor":30,"key":"Darkstone Periapt"}],"event_choices":[{"cards_removed":["Strike_B"],"damage_healed":0,"gold_gain":0,"player_choice":"Card Removal","damage_taken":0,"max_hp_gain":0,"max_hp_loss":0,"event_name":"The Cleric","floor":2,"gold_loss":50},{"damage_healed":0,"gold_gain":0,"player_choice":"Fled","damage_taken":0,"max_hp_gain":0,"max_hp_loss":0,"event_name":"Scrap Ooze","floor":13,"gold_loss":0},{"cards_removed":["Strike_B"],"damage_healed":0,"gold_gain":0,"player_choice":"Elegance","damage_taken":0,"max_hp_gain":0,"max_hp_loss":0,"event_name":"Back to Basics","floor":31,"gold_loss":0}],"is_beta":false,"boss_relics":[{"not_picked":["Calling Bell","FrozenCore"],"picked":"Nuclear Battery"}],"items_purged_floors":[],"is_endless":false,"potions_floor_spawned":[7,16,19,21,24,28,30],"killed_by":"Champ","ascension_level":9}}