{"host":"usn420qyc3tqn20x","time":1608102092,"event":{"mods":["AchievementEnabler","Aspiration","BaseMod","Better Third Choice","BetterRewards","Colored Map","Colored Powertips","Conspire","Friendly Minions","Hermit","Hubris","Infinite Spire","Minty Spire (QoL Compilation)","Quick Restart","Rare Cards Sparkle","Replay The Spire","Shop Mod","Spicy Shops","StSLib","The Construct","The Cursed","The Disciple","The Jungle","The Necromancer","The Runesmith","The Servant 0.9.4","UnlockEverythingMod","Waifu the Spire","vexMod"],"gold_per_floor":[115,115,115,115,115,133,148,148,179,194,194,194,214,63,74,74,74],"floor_reached":16,"playtime":605,"items_purged":[],"score":102,"play_id":"5749b4f2-ff51-4eca-ad01-59c73b37151a","local_time":"20201216180132","is_ascension_mode":false,"campfire_choices":[{"data":"conspire:DoublingDagger","floor":8,"key":"SMITH"},{"floor":12,"key":"RECALL"}],"circlet_count":0,"master_deck":["Strike_G","Strike_G","Strike_G","Strike_G","Strike_G","Defend_G","Defend_G","Defend_G","Defend_G","Defend_G","Survivor","Neutralize","hubris:Wrath","Finisher","conspire:DoublingDagger+1","Masterful Stab","Deflect","Slice"],"relics":["Ring of the Snake","Vampiric Spirits","GremlinMask","The Specimen","Oddly Smooth Stone"],"acts_visited":["Exordium"],"potions_floor_usage":[9],"damage_taken":[{"damage":0,"enemies":"2 Louse","floor":1,"turns":2},{"damage":0,"enemies":"Small Slimes","floor":6,"turns":5},{"damage":0,"enemies":"Cultist","floor":7,"turns":3},{"damage":24,"enemies":"Gremlin Nob","floor":9,"turns":4},{"damage":0,"enemies":"2 Fungi Beasts","floor":10,"turns":2},{"damage":12,"enemies":"Exordium Wildlife","floor":13,"turns":3},{"damage":4,"enemies":"Large Slime","floor":15,"turns":6},{"damage":0,"enemies":"3 Sentries","floor":16,"turns":1}],"seed_played":"-5385645228825677253","potions_obtained":[{"floor":7,"key":"Poison Potion"},{"floor":15,"key":"Languid Potion"}],"is_trial":false,"path_per_floor":["M","?","PTL","PTL","?","M","M","R","E","M","T","R","M","$","M","E"],"character_chosen":"THE_SILENT","items_purchased":["Oddly Smooth Stone"],"campfire_rested":0,"item_purchase_floors":[14],"current_hp_per_floor":[70,70,70,70,70,70,70,70,46,52,52,52,42,42,41,41,41],"gold":74,"neow_bonus":"ONE_RARE_RELIC","is_daily":false,"chose_seed":false,"campfire_upgraded":1,"win_rate":0.0,"timestamp":1608102092,"path_taken":["M","?","PTL","PTL","?","M","M","R","E","?","T","R","M","$","M","E"],"items_purchased_type":["Relic"],"build_version":"2020-12-13","purchased_purges":0,"victory":false,"max_hp_per_floor":[70,70,70,70,70,70,70,70,70,70,70,70,70,70,70,70,70],"card_choices":[{"not_picked":["Quick Slash","Catalyst"],"picked":"Finisher","floor":1},{"not_picked":["Escape Plan","ReplayTheSpireMod:Tripwire"],"picked":"Masterful Stab","floor":6},{"not_picked":["Sucker Punch","Masterful Stab"],"picked":"Deflect","floor":7},{"not_picked":["Riddle With Holes","Heel Hook","Acrobatics"],"picked":"SKIP","floor":9},{"not_picked":["Fluid Movement","PiercingWail"],"picked":"Slice","floor":10},{"not_picked":["Draining Mist","ReplayTheSpireMod:Tripwire","Dagger Throw"],"picked":"SKIP","floor":13},{"not_picked":["Acrobatics","Dagger Spray","Tactician"],"picked":"SKIP","floor":15}],"player_experience":381701,"relics_obtained":[{"floor":9,"key":"The Specimen"}],"event_choices":[{"damage_healed":0,"gold_gain":0,"player_choice":"Trade","damage_taken":0,"relics_obtained":["GremlinMask"],"max_hp_gain":0,"max_hp_loss":0,"event_name":"FaceTrader","floor":5,"gold_loss":0}],"is_beta":false,"boss_relics":[],"items_purged_floors":[],"is_endless":false,"potions_floor_spawned":[7,15],"killed_by":"3 Sentries","ascension_level":0}}