{"host":"oi1nj6gqzrtwlr6p","time":1608088422,"event":{"mods":["2.2 Compatiblity","BaseMod","Better Match","Better Note","Block Reminder","Colored Powertips","DeckTracker","Downfall","Energized Spire","Koishi","Marisa????????","Minty Spire (QoL Compilation)","Rare Cards Sparkle","Reimu??????","StSLib","Td1madao Mod","The Administrix","The Senshi","The Servant 0.9.4","The Vixen","The Wild Card"],"gold_per_floor":[0,0,450,450,450,1,25,25,125,50,63,48,48,48,80,197,259,196,16,16,216,232,252,252,252,271,271,19,19,30,41,52,151,151,151,162,12,12,28,28,104,104,104,134,134,134],"floor_reached":45,"playtime":3446,"items_purged":["Slimebound:Icky","Slimebound:Icky"],"score":500,"play_id":"e9109cc9-6305-4100-965e-3f7f03362bff","local_time":"20201215211342","is_ascension_mode":false,"campfire_choices":[{"data":"Guardian:CurlUp","floor":1,"key":"SMITH"},{"floor":4,"key":"RECALL"},{"data":"Guardian:SentryBeam","floor":8,"key":"SMITH"},{"floor":10,"key":"REST"},{"data":"Guardian:TimeSifter","floor":18,"key":"SMITH"},{"data":"Guardian:TimeBomb","floor":20,"key":"SMITH"},{"data":"Guardian:Clone","floor":27,"key":"SMITH"},{"data":"Guardian:Preprogram","floor":35,"key":"SMITH"},{"data":"Guardian:Suspension","floor":40,"key":"SMITH"},{"data":"Guardian:SpikerProtocol","floor":43,"key":"SMITH"}],"circlet_count":0,"master_deck":["Guardian:Strike_Guardian","Guardian:Strike_Guardian","Guardian:Strike_Guardian","Guardian:Strike_Guardian","Guardian:Defend_Guardian","Guardian:Defend_Guardian","Guardian:Defend_Guardian+1","Guardian:CurlUp+1","Guardian:TwinSlam","Guardian:SentryBeam+1","Guardian:Planning","Guardian:SpikerProtocol+1","Guardian:Preprogram+1","Guardian:TimeBomb+1","Guardian:TimeSifter+1","Guardian:PiercingHide","Guardian:BronzeOrb+1","Guardian:Clone+1","Guardian:ChargeCore","Guardian:Recover","Guardian:Gem_Green","Guardian:Suspension+1","Guardian:Orbwalk","Guardian:StasisField","Guardian:ShieldCharger+1","Guardian:Gem_Green","Pain","Guardian:Gem_Red","Guardian:Gem_Orange"],"relics":["Guardian:ModeShifter","Lizard Tail","Matryoshka","Boot","Blood Vial","Potion Belt","downfall:HeartBlessingRed","Tiny House","downfall:HeartBlessingBlue","The Courier","Guardian:StasisCodex","Nloth\u0027s Gift","Empty Cage","Strange Spoon","Bottled Tornado","Tea:ReiMu"],"acts_visited":["Exordium","TheCity","TheBeyond"],"potions_floor_usage":[16,28,31,33,33,33,37,44],"damage_taken":[{"damage":0,"enemies":"downfall:FleeingMerchant","floor":2,"turns":4},{"damage":0,"enemies":"downfall:FleeingMerchant","floor":6,"turns":4},{"damage":56,"enemies":"downfall:LadyInBlue","floor":9,"turns":12},{"damage":1,"enemies":"Jaw Worm","floor":11,"turns":3},{"damage":0,"enemies":"downfall:FleeingMerchant","floor":12,"turns":4},{"damage":0,"enemies":"2 Louse","floor":15,"turns":2},{"damage":36,"enemies":"downfall:Silent","floor":16,"turns":10},{"damage":13,"enemies":"downfall:FleeingMerchant","floor":19,"turns":4},{"damage":0,"enemies":"3 Byrds","floor":22,"turns":2},{"damage":22,"enemies":"Centurion and Healer","floor":23,"turns":10},{"damage":0,"enemies":"Chosen and Byrds","floor":26,"turns":3},{"damage":7,"enemies":"downfall:FleeingMerchant","floor":28,"turns":4},{"damage":17,"enemies":"Snake Plant","floor":30,"turns":3},{"damage":15,"enemies":"3 Cultists","floor":31,"turns":4},{"damage":32,"enemies":"Centurion and Healer","floor":32,"turns":8},{"damage":29,"enemies":"downfall:Watcher","floor":33,"turns":9},{"damage":15,"enemies":"3 Darklings","floor":36,"turns":5},{"damage":11,"enemies":"downfall:FleeingMerchant","floor":37,"turns":4},{"damage":14,"enemies":"Orb Walker","floor":39,"turns":5},{"damage":77,"enemies":"Reptomancer","floor":44,"turns":9},{"damage":8,"enemies":"downfall:FleeingMerchant","floor":45,"turns":2}],"seed_played":"-6863966650701524804","potions_obtained":[{"floor":9,"key":"SpeedPotion"},{"floor":9,"key":"SpeedPotion"},{"floor":9,"key":"hexamod:EctoCoolerPotion"},{"floor":15,"key":"Guardian:AcceleratePotion"},{"floor":16,"key":"Weak Potion"},{"floor":17,"key":"Guardian:StasisDiscoveryPotion"},{"floor":25,"key":"downfall:CursedFountainPotion"},{"floor":30,"key":"PowerPotion"},{"floor":31,"key":"CultistPotion"},{"floor":32,"key":"GrandPatriotsElixir:ReiMu"},{"floor":36,"key":"SkillPotion"},{"floor":44,"key":"Dexterity Potion"}],"is_trial":false,"path_per_floor":["R","$","?","R","?","$","T","R","?","R","M","$","?","T","M","B",null,"R","$","R","?","M","M","T","?","M","R","$","?","M","M","M","B",null,"R","M","$","?","M","R","T","?","R","E","$"],"character_chosen":"GUARDIAN","items_purchased":["Matryoshka","Guardian:Planning","Guardian:Gem_Red","Guardian:Clone","Guardian:StasisCodex","Guardian:Gem_Green","Strange Spoon","Guardian:Gem_Green"],"campfire_rested":1,"item_purchase_floors":[6,6,6,19,28,28,37,37],"current_hp_per_floor":[80,80,80,80,85,85,85,85,29,54,55,57,57,57,59,25,90,100,87,87,87,89,69,69,69,71,71,66,66,51,38,8,45,100,100,85,76,91,79,79,79,79,79,4,0,0],"gold":134,"neow_bonus":"ONE_RARE_RELIC","is_daily":false,"chose_seed":false,"campfire_upgraded":8,"win_rate":0.0,"timestamp":1608088422,"path_taken":["R","$","?","R","?","?","T","R","?","R","?","$","?","?","M","BOSS","R","$","R","?","M","?","T","?","M","R","$","?","?","M","M","BOSS","R","M","$","?","M","R","T","?","R","E","$"],"items_purchased_type":["Relic","Card","Card","Card","Relic","Card","Relic","Card"],"build_version":"2020-12-13","purchased_purges":2,"victory":false,"max_hp_per_floor":[80,80,80,80,85,85,85,85,85,85,85,85,85,85,85,85,90,100,100,100,100,100,100,100,100,100,100,100,100,100,100,100,100,100,100,100,100,115,115,115,115,115,115,115,115,115],"card_choices":[{"not_picked":["Guardian:CrystalBeam","Guardian:AncientConstruct"],"picked":"Guardian:SentryBeam","floor":2},{"not_picked":["Guardian:Reroute","Guardian:RollAttack"],"picked":"Guardian:Gem_Cyan","floor":6},{"not_picked":["Guardian:VentSteam","Guardian:Planning"],"picked":"Guardian:Gem_Lightblue","floor":9},{"not_picked":["Guardian:CrystalBeam","Guardian:PrimingBeam"],"picked":"Guardian:SpikerProtocol","floor":11},{"not_picked":["Guardian:ShieldCharger","Guardian:Recover"],"picked":"Guardian:Preprogram","floor":12},{"not_picked":["Guardian:CrystalBeam","Guardian:Gem_Green"],"picked":"Guardian:TimeBomb","floor":15},{"not_picked":["Guardian:FastForward","Guardian:StasisEngine"],"picked":"Guardian:TimeSifter","floor":16},{"not_picked":["Guardian:Gem_Red","Guardian:PrimingBeam"],"picked":"Guardian:PiercingHide","floor":17},{"not_picked":["Guardian:ShieldCharger","Guardian:Repulse"],"picked":"Guardian:BronzeOrb+1","floor":19},{"not_picked":["Guardian:DonusPower","Guardian:PiercingHide+1"],"picked":"Guardian:Gem_Cyan","floor":22},{"not_picked":["Guardian:PrismaticBeam","Guardian:PrimingBeam"],"picked":"Guardian:Gem_Cyan","floor":23},{"not_picked":["Guardian:GuardianWhirl+1","Guardian:TemporalShield"],"picked":"Guardian:ChargeCore","floor":26},{"not_picked":["Guardian:EvasiveProtocol","Guardian:RollAttack+1"],"picked":"Guardian:Recover","floor":28},{"not_picked":["Guardian:RevengeProtocol","Guardian:SentryBeam"],"picked":"Guardian:Gem_Cyan","floor":30},{"not_picked":["Guardian:TemporalShield","Guardian:PrimingBeam"],"picked":"Guardian:Suspension","floor":31},{"not_picked":["Guardian:Gem_Lightblue","Guardian:Gem_Cyan"],"picked":"Guardian:Orbwalk","floor":32},{"not_picked":["Guardian:Gem_Synthetic","Guardian:StasisStrike"],"picked":"Guardian:Gem_Orange","floor":33},{"not_picked":["Guardian:WalkerClaw+1","Guardian:ShieldSpikes+1"],"picked":"Guardian:StasisField","floor":36},{"not_picked":["Guardian:BronzeOrb+1","Guardian:Gem_Lightblue"],"picked":"Guardian:ShieldCharger+1","floor":37},{"not_picked":["Guardian:ShieldCharger+1","Guardian:PolyBeam+1"],"picked":"Guardian:Gem_Red","floor":39},{"not_picked":["Guardian:Recover","Guardian:Gem_Green"],"picked":"Guardian:Gem_Orange","floor":44}],"player_experience":356609,"relics_obtained":[{"floor":7,"key":"Boot"},{"floor":7,"key":"Blood Vial"},{"floor":9,"key":"Potion Belt"},{"floor":14,"key":"MawBank"},{"floor":24,"key":"The Courier"},{"floor":41,"key":"Bottled Tornado"},{"floor":44,"key":"Tea:ReiMu"}],"event_choices":[{"damage_healed":0,"gold_gain":0,"player_choice":"Donut","damage_taken":0,"max_hp_gain":5,"max_hp_loss":0,"event_name":"Big Fish","floor":5,"gold_loss":0},{"damage_healed":0,"gold_gain":200,"player_choice":"Gold","damage_taken":0,"max_hp_gain":0,"max_hp_loss":0,"event_name":"Wheel of Change","floor":21,"gold_loss":0}],"is_beta":false,"boss_relics":[{"not_picked":["SacredBark","Cursed Key"],"picked":"Tiny House"},{"not_picked":["Philosopher\u0027s Stone","Astrolabe"],"picked":"Empty Cage"}],"items_purged_floors":[6,19],"is_endless":false,"potions_floor_spawned":[15,16,30,31,32,36,44],"killed_by":"downfall:FleeingMerchant","ascension_level":0}}