{"host":"55yei7x27djrlaep","time":1608112743,"event":{"mods":["Act Like it!","BaseMod","BetterRewards","Colored Map","Conspire","Ekko","Friendly Minions","GifTheSpireLib","Marisa????????","Minty Spire (QoL Compilation)","Replay The Spire","StSLib","The Mystic"],"gold_per_floor":[115,115,132,147,54,82,82,94,121,121,150,168,188,216,391,494,494,510,510,510,528,543,569,585,616,643,674,674,691,701,451,451,552,552,566,52,52,52,52,83,83,109,109,141,141,141],"floor_reached":45,"playtime":3003,"items_purged":["Strike_G","Replay:Hysterical Blindness","Doubt"],"score":1017,"play_id":"fb3b90bb-a6e9-49ad-847b-5ff3a10b1cc7","local_time":"20201216125903","is_ascension_mode":true,"campfire_choices":[{"floor":7.0,"key":"REST"},{"data":"Bouncing Flask","floor":10.0,"key":"SMITH"},{"floor":28.0,"key":"REST"},{"data":"Draining Mist","floor":32.0,"key":"SMITH"},{"data":"Catalyst","floor":41,"key":"SMITH"}],"circlet_count":0,"master_deck":["Strike_G+1","Strike_G+1","Defend_G+1","Defend_G+1","Defend_G+1","Survivor","Neutralize","Replay:Poison Smokescreen+1","Tools of the Trade+1","Eviscerate+1","Choke+1","Masterful Stab","Blur","Outmaneuver","Dash","Catalyst+1","Bouncing Flask+1","Wraith Form v2+1","Underhanded Strike","Crippling Poison","Blade Dance","Bullet Time+1","Dodge and Roll+1","Dash","Tactician+1","Calculated Gamble","Outmaneuver+1","Atom Bomb+1","Prepared+1","Dagger Spray","Draining Mist+1","GremboGang","Hidden Blade","Adrenaline+1","Blur+1","Apotheosis+1","Noxious Fumes+1","Deadly Poison","Cloak And Dagger+1","Night Terror+1","Poisoned Stab+1","ReplayTheSpireMod:Necrosis+1"],"relics":["Ring of the Snake","Replay:PocketPolymizer","Golden Egg","Pocketwatch","Peace Pipe","Snake Skull","ReplayTheSpireMod:CursedCoin","Vajra","Replay:Baseball","Regal Pillow","conspire:TopHat","HoveringKite","conspire:GlowingRock","Replay:Bottled Flurry","Oddly Smooth Stone","ReplayTheSpireMod:Ninjato","conspire:SlowCooker","PreservedInsect","Ninja Scroll","Omamori","Blue Doll"],"acts_visited":["Exordium","TheCity","TheBeyond"],"potions_floor_usage":[33,40,44],"damage_taken":[{"damage":0.0,"enemies":"Cultist","floor":1.0,"turns":3.0},{"damage":5.0,"enemies":"Jaw Worm","floor":3.0,"turns":2.0},{"damage":0.0,"enemies":"Small Slimes","floor":4.0,"turns":2.0},{"damage":8.0,"enemies":"3 Sentries","floor":6.0,"turns":9.0},{"damage":0.0,"enemies":"Blue Slaver","floor":8.0,"turns":1.0},{"damage":5.0,"enemies":"Lagavulin","floor":11.0,"turns":3.0},{"damage":1.0,"enemies":"Gremlin Gang","floor":12.0,"turns":5.0},{"damage":0.0,"enemies":"2 Fungi Beasts","floor":13.0,"turns":1.0},{"damage":6.0,"enemies":"Replay:BlueRogue","floor":14.0,"turns":3.0},{"damage":0.0,"enemies":"Hexaghost","floor":16.0,"turns":7.0},{"damage":0.0,"enemies":"Chosen","floor":18.0,"turns":3.0},{"damage":0.0,"enemies":"Spheric Guardian","floor":21.0,"turns":2.0},{"damage":6.0,"enemies":"Snake Plant","floor":22.0,"turns":3.0},{"damage":8.0,"enemies":"Slavers","floor":23.0,"turns":5.0},{"damage":4.0,"enemies":"3 Cultists","floor":24.0,"turns":4.0},{"damage":28.0,"enemies":"Gremlin Leader","floor":25.0,"turns":6.0},{"damage":7.0,"enemies":"Slavers","floor":27.0,"turns":4.0},{"damage":16.0,"enemies":"Centurion and Healer","floor":29.0,"turns":5.0},{"damage":0.0,"enemies":"Chosen and Byrds","floor":30.0,"turns":4.0},{"damage":8,"enemies":"Automaton","floor":33,"turns":6},{"damage":19,"enemies":"3 Shapes","floor":35,"turns":3},{"damage":14,"enemies":"R_Hoarder","floor":40,"turns":6},{"damage":30,"enemies":"Nemesis","floor":42,"turns":5},{"damage":0,"enemies":"Reptomancer","floor":44,"turns":4},{"damage":16,"enemies":"3 Darklings","floor":45,"turns":2}],"seed_played":"-4660540241841425712","potions_obtained":[{"floor":2.0,"key":"Fruit Juice"},{"floor":2.0,"key":"BlessingOfTheForge"},{"floor":2.0,"key":"SneckoOil"},{"floor":4.0,"key":"Ancient Potion"},{"floor":6.0,"key":"SteroidPotion"},{"floor":13.0,"key":"Adrenaline Potion"},{"floor":14.0,"key":"Flashbang"},{"floor":16.0,"key":"EssenceOfSteel"},{"floor":21.0,"key":"CultistPotion"},{"floor":23.0,"key":"SpeedPotion"},{"floor":25.0,"key":"LiquidBronze"},{"floor":27.0,"key":"Poison Potion"},{"floor":33,"key":"Poison Potion"},{"floor":40,"key":"Milkshake"},{"floor":42,"key":"Milkshake"},{"floor":44,"key":"CultistPotion"}],"is_trial":false,"path_per_floor":["M","?","M","M","$","E","R","M","T","R","E","M","M","E","R_BF","B",null,"M","?","?","M","M","E","M","E","T","E","R","M","M","?","R","B",null,"M","$","?","$","?","E","R","E","T","E","M"],"character_chosen":"THE_SILENT","items_purchased":["Replay:PocketPolymizer","Golden Egg","Replay:Poison Smokescreen","Tools of the Trade","Eviscerate","Choke","Snake Skull","ReplayTheSpireMod:CursedCoin","Apotheosis","PreservedInsect","Noxious Fumes"],"campfire_rested":2,"item_purchase_floors":[0,0,0,0,0,0,5,5,36,36,36],"current_hp_per_floor":[20,25,20,20,20,12,34,34,34,34,29,28,28,22,22,22,75,75,75,75,75,69,61,57,29,29,22,59,43,43,43,43,35,75,56,56,56,56,56,42,42,12,12,12,0,0],"gold":141,"neow_bonus":"","is_daily":false,"chose_seed":false,"campfire_upgraded":3,"win_rate":0.0,"timestamp":1608112743,"path_taken":["M","?","M","M","?","E","R","M","T","R","E","M","M","E","R_BF","BOSS","M","?","?","?","M","E","M","E","T","E","R","M","M","?","R","BOSS","M","$","?","?","?","E","R","E","T","E","M"],"items_purchased_type":["Relic","Relic","Card","Card","Card","Card","Relic","Relic","Card","Relic","Card"],"build_version":"2020-12-13","purchased_purges":3,"victory":false,"max_hp_per_floor":[70,75,75,75,75,75,75,75,75,75,75,75,75,75,75,75,75,75,75,75,75,75,75,75,75,75,75,75,75,75,75,75,75,75,75,75,75,75,75,75,75,75,75,75,75,75],"card_choices":[{"not_picked":["Dagger Throw","Sucker Punch"],"picked":"Dodge and Roll","floor":1.0},{"not_picked":["conspire:PoisonWeapons","Quick Slash"],"picked":"Masterful Stab","floor":3.0},{"not_picked":["Dagger Throw","Backflip"],"picked":"Blur","floor":4.0},{"not_picked":["Backflip","Riddle With Holes"],"picked":"Outmaneuver","floor":6.0},{"not_picked":["Quick Slash","Dagger Spray"],"picked":"Catalyst","floor":8.0},{"not_picked":["Quick Slash","Hidden Blade"],"picked":"Wraith Form v2","floor":11.0},{"not_picked":["Blade Dance","Outmaneuver","Sucker Punch"],"picked":"SKIP","floor":12.0},{"not_picked":["Poisoned Stab","PiercingWail"],"picked":"Underhanded Strike","floor":13.0},{"not_picked":["Deadly Poison","Infinite Blades"],"picked":"Crippling Poison","floor":14.0},{"not_picked":["Adrenaline","Grand Finale"],"picked":"Bullet Time","floor":16.0},{"not_picked":["Caltrops","Deadly Poison"],"picked":"Dodge and Roll+1","floor":18.0},{"not_picked":["Concentrate","Toxin Wave"],"picked":"Tactician+1","floor":21.0},{"not_picked":["Deflect","Dash"],"picked":"Riddle With Holes","floor":22.0},{"not_picked":["Accuracy+1","Quick Slash+1"],"picked":"Calculated Gamble","floor":23.0},{"not_picked":["ReplayTheSpireMod:Tripwire","Hidden Blade"],"picked":"Outmaneuver+1","floor":24.0},{"not_picked":["Prepared","Fluid Movement+1"],"picked":"Atom Bomb","floor":25.0},{"not_picked":["Slice","Bouncing Flask"],"picked":"Prepared+1","floor":27.0},{"not_picked":["Riddle With Holes","ReplayTheSpireMod:Exploit Weakness"],"picked":"Draining Mist","floor":29.0},{"not_picked":["Cloak And Dagger","Outmaneuver","PiercingWail"],"picked":"SKIP","floor":30.0},{"not_picked":["Die Die Die","Bullet Time"],"picked":"Adrenaline","floor":33},{"not_picked":["Cloak And Dagger","PiercingWail"],"picked":"Blur+1","floor":35},{"not_picked":["ReplayTheSpireMod:Shiv Toss+1","Prepared+1"],"picked":"Cloak And Dagger+1","floor":40},{"not_picked":["Blade Dance+1","Dodge and Roll+1"],"picked":"Poisoned Stab+1","floor":42},{"not_picked":["Sucker Punch","ReplayTheSpireMod:Tripwire"],"picked":"ReplayTheSpireMod:Necrosis","floor":44}],"player_experience":347563,"relics_obtained":[{"floor":6.0,"key":"Vajra"},{"floor":9.0,"key":"Replay:Baseball"},{"floor":11.0,"key":"Regal Pillow"},{"floor":14.0,"key":"conspire:TopHat"},{"floor":23.0,"key":"conspire:GlowingRock"},{"floor":25.0,"key":"Replay:Bottled Flurry"},{"floor":26.0,"key":"Oddly Smooth Stone"},{"floor":27.0,"key":"ReplayTheSpireMod:Ninjato"},{"floor":40,"key":"Ninja Scroll"},{"floor":42,"key":"Omamori"},{"floor":44,"key":"Blue Doll"}],"event_choices":[{"damage_healed":0.0,"max_hp_gain":0.0,"max_hp_loss":0.0,"gold_gain":0.0,"event_name":"Lab","player_choice":"Got Potions","floor":2.0,"gold_loss":0.0,"damage_taken":0.0},{"damage_healed":0.0,"max_hp_gain":0.0,"max_hp_loss":0.0,"gold_gain":175.0,"event_name":"Liars Game","player_choice":"AGREE","floor":15.0,"gold_loss":0.0,"damage_taken":0.0,"cards_obtained":["Doubt"]},{"damage_healed":0.0,"max_hp_gain":0.0,"max_hp_loss":0.0,"gold_gain":0.0,"event_name":"Back to Basics","player_choice":"Simplicity","floor":19.0,"gold_loss":0.0,"damage_taken":0.0,"cards_upgraded":["Strike_G","Strike_G","Defend_G","Defend_G","Defend_G","Defend_G"]},{"damage_healed":0.0,"max_hp_gain":0.0,"max_hp_loss":0.0,"gold_gain":0.0,"event_name":"Duplicator","player_choice":"Copied","floor":20.0,"gold_loss":0.0,"damage_taken":0.0,"cards_obtained":["Dash"]},{"damage_healed":0,"gold_gain":0,"player_choice":"Bought 0 Potions","damage_taken":0,"max_hp_gain":0,"max_hp_loss":0,"event_name":"The Woman in Blue","floor":37,"gold_loss":0},{"damage_healed":0,"gold_gain":0,"player_choice":"1 cards matched","damage_taken":0,"max_hp_gain":0,"max_hp_loss":0,"event_name":"Match and Keep!","floor":39,"gold_loss":0,"cards_obtained":["Deadly Poison"]}],"is_beta":false,"boss_relics":[{"not_picked":["Coffee Dripper","Honey Jar"],"picked":"HoveringKite"},{"not_picked":["Calling Bell","Ring of Chaos"],"picked":"conspire:SlowCooker"}],"items_purged_floors":[0,5,36],"is_endless":false,"potions_floor_spawned":[4,6,13,14,16,18,21,23,25,27,33,40,42,44],"killed_by":"3 Darklings","ascension_level":4}}