{"host":"7wibw175hth9njsf","time":1608092310,"event":{"mods":["2.2 Compatiblity","Act Like it!","BaseMod","Chen","Friendly Minions","Gensokyo","GifTheSpireLib","Highlight Path","Koishi","MarisaÅiñ∂âJÅ@ñÇóùçπÅj","Minty Spire (QoL Compilation)","Onozuka Komachi Mod","Random Character Button","ReimuÅiîé??öÎÅj","RemiliaÅiÂQïƒ‰ª?Åj","StSLib","The Administrix","The Alterego","The Animator","The Blue Laboratory","The Fake Hero","TheSwordswoman","Waifu the Spire","Åy?ï˚ìÒéü?çÏÅzî™â]éámod"],"gold_per_floor":[111,111,111,135,83,114,114,140,166,184,199,59,71,85,85,182,232,245,265,283,299,316,316,344,344,426,426,191,211,211,239,239,339,339,352,367,382,382,382,382,382,382,382,382,415,429,479,479,479,479,479],"floor_reached":50,"playtime":5621,"items_purged":[],"score":595,"play_id":"dc7954e3-1b1d-4ff8-aeca-113f5e8aac2a","local_time":"20201215231830","is_ascension_mode":false,"campfire_choices":[{"data":"Koishi:RuptureMind","floor":7,"key":"SMITH"},{"data":"Koishi:ReflexRadar","floor":15,"key":"SMITH"},{"data":"Koishi:ConfinedInnocent","floor":23,"key":"SMITH"},{"data":"Koishi:PredatoryInstincts","floor":25,"key":"SMITH"},{"data":"Koishi:ParalyzingFear","floor":27,"key":"SMITH"},{"data":"Koishi:SilentAndRestless","floor":32,"key":"SMITH"},{"data":"Koishi:TerrifyingSpectre","floor":40,"key":"SMITH"},{"data":"Koishi:ReleaseOfTheId","floor":42,"key":"SMITH"},{"data":"Koishi:FreudianInstinct","floor":49,"key":"SMITH"}],"circlet_count":0,"master_deck":["Koishi:BasicStrike","Koishi:BasicStrike","Koishi:BasicStrike","Koishi:BasicStrike","Koishi:BasicDefend","Koishi:BasicDefend","Koishi:BasicDefend","Koishi:BasicDefend+1","Koishi:Provoke","Koishi:DreadfulBlow","Koishi:RuptureMind+1","Koishi:ReflexRadar+1","Koishi:FleetingPhantom","Koishi:ParalyzingFear+1","Koishi:SilentAndRestless+1","Koishi:MindNumbingTerror","Koishi:ReleaseOfTheId+1","Koishi:GeneticsOfTheUnconscious+1","Koishi:PredatoryInstincts+1","Koishi:ConfinedInnocent+1","Koishi:TraumaticStroke+1","Koishi:FreudianInstinct+1","Koishi:DreadfulBlow+1","Koishi:TerrifyingSpectre+1","CurseOfTheBell","Koishi:Jaunt+1","Parasite","Koishi:EmbersOfLove+1","Wraith","Koishi:UnconsciousUprising+1","Koishi:Catatonia+1"],"relics":["Koishi:ImaginaryFriend","NeowsBlessing","Gensokyo:Mercy","Gensokyo:OccultBall","Orichalcum","Dream Catcher","CrazyTorch:ReiMu","Vajra","FossilizedHelix","Tiny House","Lantern","Molten Egg 2","Oddly Smooth Stone","Pen Nib","Calling Bell","Happy Flower","Toxic Egg 2","Torii","Darkstone Periapt","TungstenRod","Thread and Needle"],"acts_visited":["Exordium","Gensokyo:Gensokyo","TheBeyond"],"potions_floor_usage":[16,16,21,24,24,37,50,50,50],"damage_taken":[{"damage":0,"enemies":"Gensokyo:2_Kodama","floor":1,"turns":1},{"damage":0,"enemies":"Gensokyo:Cirno","floor":6,"turns":2},{"damage":0,"enemies":"Gensokyo:Aya","floor":8,"turns":1},{"damage":0,"enemies":"Gensokyo:Gryphon","floor":10,"turns":3},{"damage":0,"enemies":"Gensokyo:3_Fairies","floor":11,"turns":4},{"damage":0,"enemies":"Gensokyo:2_Rabbits","floor":13,"turns":4},{"damage":0,"enemies":"Gensokyo:Kitsune","floor":14,"turns":4},{"damage":31,"enemies":"Gensokyo:Kokoro","floor":16,"turns":10},{"damage":3,"enemies":"Gensokyo:AngelMirror","floor":18,"turns":5},{"damage":0,"enemies":"Gensokyo:Chomper","floor":19,"turns":5},{"damage":0,"enemies":"Gensokyo:Slime_Group","floor":20,"turns":4},{"damage":0,"enemies":"Gensokyo:Swordslinger","floor":21,"turns":6},{"damage":2,"enemies":"Gensokyo:Wraith","floor":22,"turns":4},{"damage":29,"enemies":"Gensokyo:Koishi","floor":24,"turns":7},{"damage":0,"enemies":"Gensokyo:3_Gloops","floor":29,"turns":5},{"damage":32,"enemies":"Gensokyo:Reisen","floor":31,"turns":10},{"damage":27,"enemies":"Gensokyo:Eternal_Rivals","floor":33,"turns":13},{"damage":7,"enemies":"Orb Walker","floor":35,"turns":4},{"damage":2,"enemies":"3 Darklings","floor":36,"turns":3},{"damage":24,"enemies":"Writhing Mass","floor":37,"turns":9},{"damage":33,"enemies":"Nemesis","floor":45,"turns":7},{"damage":0,"enemies":"Maw","floor":46,"turns":11},{"damage":0,"enemies":"Mind Bloom Boss Battle","floor":47,"turns":8},{"damage":69,"enemies":"Donu and Deca","floor":50,"turns":15}],"seed_played":"-7474628964464876314","potions_obtained":[{"floor":1,"key":"AttackPotion"},{"floor":8,"key":"blueLaboratory:FruitPunch"},{"floor":10,"key":"blueLaboratory:BubblePotion"},{"floor":16,"key":"blueLaboratory:ExaltedPotion"},{"floor":17,"key":"blueLaboratory:SavagePotion"},{"floor":20,"key":"blueLaboratory:HummingbirdPotion"},{"floor":21,"key":"Regen Potion"},{"floor":29,"key":"Dexterity Potion"},{"floor":33,"key":"Ancient Potion"},{"floor":37,"key":"Explosive Potion"},{"floor":47,"key":"blueLaboratory:StoneskinPotion"}],"is_trial":false,"path_per_floor":["M","?","?","T","$","E","R","E","T","M","M","?","M","M","R","B",null,"M","M","M","M","M","R","E","R","T","R","$","M","?","E","R","B",null,"M","M","M","?","?","R","?","R","T","?","E","M","?","?","R","B"],"character_chosen":"KOISHI","items_purchased":["Koishi:DreadfulBlow","Koishi:FreudianInstinct","Oddly Smooth Stone"],"campfire_rested":0,"item_purchase_floors":[5,28,28],"current_hp_per_floor":[60,60,60,60,60,60,60,60,60,60,60,60,60,60,60,37,67,64,65,65,67,66,66,53,53,53,53,53,67,67,53,53,46,67,67,65,51,51,51,51,51,51,51,51,26,42,54,54,54,0,0],"gold":479,"neow_bonus":"THREE_ENEMY_KILL","is_daily":false,"chose_seed":false,"campfire_upgraded":9,"win_rate":0.0,"timestamp":1608092310,"path_taken":["M","?","?","?","$","E","R","E","T","?","M","?","M","M","R","BOSS","M","M","M","M","M","R","E","R","T","R","$","M","?","E","R","BOSS","M","M","M","?","?","R","?","R","T","?","E","M","?","?","R","BOSS"],"items_purchased_type":["Card","Card","Relic"],"build_version":"2020-12-13","purchased_purges":0,"victory":false,"max_hp_per_floor":[60,60,60,60,60,60,60,60,60,60,60,60,60,60,60,62,67,67,67,67,67,67,67,67,67,67,67,67,67,67,67,67,67,67,67,67,67,67,67,67,67,67,67,67,67,67,67,67,67,67,67],"card_choices":[{"not_picked":["Koishi:VengefulSpirit","Koishi:SpiritedAway"],"picked":"Koishi:SubterraneanRose","floor":1},{"not_picked":["Koishi:YoukaiPolygraph","Koishi:MassHysteria"],"picked":"Koishi:RuptureMind","floor":6},{"not_picked":["Koishi:Jaunt","Koishi:SubconsciousSweep"],"picked":"Koishi:ReflexRadar","floor":8},{"not_picked":["Koishi:FidgetySnatcher","Koishi:ReflexRadar","Koishi:Jaunt"],"picked":"SKIP","floor":10},{"not_picked":["Koishi:StrangeCloudFist","Koishi:BloodcurdlingScream"],"picked":"Koishi:FleetingPhantom","floor":11},{"not_picked":["Koishi:RollingInRichesHeart","Koishi:Possession","Koishi:CatchAndRose"],"picked":"SKIP","floor":13},{"not_picked":["Koishi:SubconsciousSweep","Koishi:ApparitionsStalkTheNight"],"picked":"Koishi:ParalyzingFear","floor":14},{"not_picked":["Koishi:FormlessExistence","Koishi:RuptureMind"],"picked":"Koishi:SilentAndRestless","floor":16},{"not_picked":["Koishi:CatchAndRose","Koishi:Jaunt"],"picked":"Koishi:MindNumbingTerror","floor":17},{"not_picked":["Koishi:StingingMind","Koishi:UnconsciousUrges"],"picked":"Koishi:ReleaseOfTheId","floor":18},{"not_picked":["Koishi:SprinkleStarAndHeart+1","Koishi:EmbersOfLove"],"picked":"Koishi:GeneticsOfTheUnconscious+1","floor":19},{"not_picked":["Koishi:Untouchable","Koishi:BramblyRoseGarden+1"],"picked":"Koishi:PredatoryInstincts","floor":20},{"not_picked":["Koishi:Vanish","Koishi:Possession"],"picked":"Koishi:ConfinedInnocent","floor":21},{"not_picked":["Koishi:Vanish","Koishi:SpiritedAway","Koishi:Whimsy"],"picked":"SKIP","floor":22},{"not_picked":["Koishi:PredatoryInstincts","Koishi:SuperEgo"],"picked":"Koishi:TraumaticStroke+1","floor":24},{"not_picked":["Koishi:SubterraneanRose","Koishi:FleetingPhantom+1"],"picked":"Koishi:DreadfulBlow+1","floor":29},{"not_picked":["Koishi:SubconsciousSweep+1","Koishi:PhantomBarrier","Koishi:PerfectMindControl"],"picked":"SKIP","floor":31},{"not_picked":["Koishi:PerfectMindControl","Koishi:ConditionedTeleport"],"picked":"Koishi:TerrifyingSpectre","floor":33},{"not_picked":["Koishi:HeartfeltFancy+1","Koishi:FleetingPhantom+1"],"picked":"Koishi:Jaunt+1","floor":35},{"not_picked":["Koishi:BloodcurdlingScream+1","Koishi:UnansweredLove+1","Koishi:SubconsciousSweep+1"],"picked":"SKIP","floor":36},{"not_picked":["Koishi:MentalBreakdown+1","Koishi:FidgetySnatcher"],"picked":"Koishi:EmbersOfLove+1","floor":37},{"not_picked":["Chrysalis+1","Impatience+1"],"picked":"Blind+1","floor":41},{"not_picked":["Koishi:EmbryosDream+1","Koishi:Whimsy+1"],"picked":"Koishi:UnconsciousUprising+1","floor":45},{"not_picked":["Koishi:Jaunt+1","Koishi:DanmakuParanoia+1"],"picked":"Koishi:Catatonia+1","floor":46}],"player_experience":209205,"relics_obtained":[{"floor":4,"key":"Orichalcum"},{"floor":6,"key":"Dream Catcher"},{"floor":8,"key":"CrazyTorch:ReiMu"},{"floor":9,"key":"Vajra"},{"floor":16,"key":"Gensokyo:OccultBall"},{"floor":19,"key":"Gensokyo:OccultBall"},{"floor":22,"key":"Gensokyo:OccultBall"},{"floor":24,"key":"Lantern"},{"floor":26,"key":"Molten Egg 2"},{"floor":31,"key":"Pen Nib"},{"floor":33,"key":"Gensokyo:OccultBall"},{"floor":34,"key":"Happy Flower"},{"floor":34,"key":"Toxic Egg 2"},{"floor":34,"key":"Torii"},{"floor":35,"key":"Gensokyo:OccultBall"},{"floor":43,"key":"Darkstone Periapt"},{"floor":45,"key":"TungstenRod"},{"floor":47,"key":"Thread and Needle"}],"event_choices":[{"damage_healed":0,"gold_gain":0,"player_choice":"Ignored","damage_taken":0,"max_hp_gain":0,"max_hp_loss":0,"event_name":"OrinTheCat","floor":39,"gold_loss":0},{"damage_healed":0,"gold_gain":0,"player_choice":"Memory 1","damage_taken":0,"max_hp_gain":0,"max_hp_loss":0,"event_name":"SensoryStone","floor":41,"gold_loss":0},{"damage_healed":0,"gold_gain":0,"player_choice":"Ignored","damage_taken":0,"max_hp_gain":0,"max_hp_loss":0,"event_name":"Tomb of Lord Red Mask","floor":44,"gold_loss":0},{"damage_healed":0,"gold_gain":0,"player_choice":"Fight","damage_taken":0,"max_hp_gain":0,"max_hp_loss":0,"event_name":"MindBloom","floor":47,"gold_loss":0},{"cards_removed":["Blind"],"damage_healed":0,"gold_gain":0,"player_choice":"Removed Skill","damage_taken":0,"max_hp_gain":0,"max_hp_loss":0,"event_name":"Falling","floor":48,"gold_loss":0}],"is_beta":false,"boss_relics":[{"not_picked":["Sozu","Empty Cage"],"picked":"Tiny House"},{"not_picked":["Busted Crown","SlaversCollar"],"picked":"Calling Bell"}],"items_purged_floors":[],"is_endless":false,"potions_floor_spawned":[1,8,10,16,20,21,29,33,35,37,47],"killed_by":"Donu and Deca","ascension_level":0}}