{"host":"wl5kcyk3ocgwii71","time":1608148528,"event":{"mods":["AchievementEnabler","BaseMod","Better Altar","Better Match","Better Note","Better Sensory Stone","Better Skull","Better Third Choice","Colored Powertips","Downfall","Hermit","Minty Spire (QoL Compilation)","Quick Restart","Replay The Spire","StSLib","The Servant 0.9.4"],"gold_per_floor":[161,175,188,202,160,160,178,190,190,220,220,235,255,289,289,394,394,410,325,325,339,339,339,367,367,367,379,391,7,24,24,24],"floor_reached":31,"playtime":867,"items_purged":["Hallucinations","Strike_G"],"score":347,"play_id":"6aad84e7-fc08-441b-a2b1-fd27bb41a696","local_time":"20201216115528","is_ascension_mode":true,"campfire_choices":[{"data":"Terror","floor":15,"key":"SMITH"},{"data":"Night Terror","floor":23,"key":"SMITH"},{"data":"Neutralize","floor":25,"key":"SMITH"},{"data":"Infinite Blades","floor":28,"key":"SMITH"}],"circlet_count":0,"master_deck":["Strike_G+1","Strike_G","Strike_G","Strike_G+1","Defend_G","Defend_G","Defend_G","Defend_G","Defend_G","Survivor","Neutralize+1","Blade Dance","Quick Slash","Dash","ReplayTheSpireMod:Tripwire","Backstab","Infinite Blades+1","Dagger Spray","Dagger Spray","Poisoned Stab","Terror+1","Hidden Blade","ReplayTheSpireMod:Scrap Shanks","Dagger Spray","Burst","Night Terror+1","Dagger Throw","Backflip","expansioncontent:Collect+1","Dagger Throw"],"relics":["Tiny House","ReplayTheSpireMod:CursedCoin","Ornamental Fan","Sundial","Frozen Egg 2","Ring of Chaos","Golden Egg","Bottled Flame","MawBank","MutagenicStrength","Replay:Arrowhead"],"acts_visited":["Exordium","TheCity"],"potions_floor_usage":[10,10,13,24,31],"damage_taken":[{"damage":0,"enemies":"Small Slimes","floor":1,"turns":3},{"damage":0,"enemies":"Cultist","floor":2,"turns":3},{"damage":2,"enemies":"Jaw Worm","floor":3,"turns":3},{"damage":3,"enemies":"Large Slime","floor":4,"turns":7},{"damage":0,"enemies":"2 Fungi Beasts","floor":7,"turns":3},{"damage":2,"enemies":"3 Louse","floor":8,"turns":2},{"damage":12,"enemies":"Gremlin Nob","floor":10,"turns":4},{"damage":2,"enemies":"Looter","floor":12,"turns":3},{"damage":2,"enemies":"Exordium Wildlife","floor":13,"turns":3},{"damage":8,"enemies":"Lagavulin","floor":14,"turns":5},{"damage":7,"enemies":"Slime Boss","floor":16,"turns":10},{"damage":3,"enemies":"3 Byrds","floor":18,"turns":4},{"damage":8,"enemies":"Shell Parasite","floor":21,"turns":6},{"damage":67,"enemies":"Book of Stabbing","floor":24,"turns":8},{"damage":15,"enemies":"Snecko","floor":30,"turns":5},{"damage":15,"enemies":"Snake Plant","floor":31,"turns":4}],"seed_played":"-2173845576170782678","potions_obtained":[{"floor":0,"key":"DuplicationPotion"},{"floor":4,"key":"hexamod:EctoCoolerPotion"},{"floor":7,"key":"Flashbang"},{"floor":10,"key":"ColorlessPotion"},{"floor":13,"key":"Fruit Juice"},{"floor":18,"key":"FairyPotion"}],"is_trial":false,"path_per_floor":["M","M","M","M","$","?","M","M","T","E","?","M","M","E","R","B",null,"M","?","?","M","?","R","E","R","T","?","R","$","M","M"],"character_chosen":"THE_SILENT","items_purchased":["ReplayTheSpireMod:CursedCoin","Infinite Blades","Dagger Spray","Replay:Arrowhead"],"campfire_rested":0,"item_purchase_floors":[5,5,5,29],"current_hp_per_floor":[68,68,66,63,63,67,67,65,65,53,53,51,54,46,46,39,70,67,67,67,59,59,59,24,24,24,24,24,24,9,0,0],"gold":24,"neow_bonus":"BOSS_RELIC","is_daily":false,"chose_seed":false,"campfire_upgraded":4,"win_rate":0.0,"timestamp":1608148528,"path_taken":["M","M","M","M","$","?","?","M","T","E","?","M","M","E","R","BOSS","M","?","?","M","?","R","E","R","T","?","R","?","M","?"],"items_purchased_type":["Relic","Card","Card","Relic"],"build_version":"2020-12-13","purchased_purges":2,"victory":false,"max_hp_per_floor":[75,75,75,75,75,75,75,75,75,75,75,75,80,80,80,80,80,80,80,80,80,80,80,80,80,80,80,80,80,80,80,80],"card_choices":[{"not_picked":["Dagger Spray","Deflect"],"picked":"Blade Dance","floor":0},{"not_picked":["Concentrate","Bane"],"picked":"Quick Slash","floor":1},{"not_picked":["Blade Dance","Bouncing Flask"],"picked":"Dash","floor":2},{"not_picked":["ReplayTheSpireMod:Speed Training","Masterful Stab"],"picked":"ReplayTheSpireMod:Tripwire","floor":3},{"not_picked":["Blade Dance","Flying Knee"],"picked":"Backstab","floor":4},{"not_picked":["Quick Slash","Hidden Blade"],"picked":"Poisoned Stab","floor":7},{"not_picked":["Hidden Blade","Dagger Throw"],"picked":"Terror","floor":8},{"not_picked":["Sneak Up","Finisher"],"picked":"Hidden Blade","floor":10},{"not_picked":["Dagger Throw","All Out Attack"],"picked":"ReplayTheSpireMod:Scrap Shanks","floor":12},{"not_picked":["Flechettes","Quick Slash"],"picked":"Dagger Spray","floor":13},{"not_picked":["Slice","Choke"],"picked":"Burst","floor":14},{"not_picked":["Replay:Bag of Tricks","Storm of Steel"],"picked":"Night Terror","floor":16},{"not_picked":["Dagger Spray","Finisher"],"picked":"Dagger Throw","floor":18},{"not_picked":["Dodge and Roll","Crippling Poison+1"],"picked":"Backflip","floor":21},{"not_picked":["expansioncontent:ManipulateTime","Blind"],"picked":"expansioncontent:Collect+1","floor":22},{"not_picked":["Bane","Dash","ReplayTheSpireMod:Exploit Weakness"],"picked":"SKIP","floor":24},{"not_picked":["ReplayTheSpireMod:Speed Training+1","Flying Knee"],"picked":"Dagger Throw","floor":30}],"player_experience":361539,"relics_obtained":[{"floor":9,"key":"Ornamental Fan"},{"floor":10,"key":"Sundial"},{"floor":14,"key":"Frozen Egg 2"},{"floor":24,"key":"Bottled Flame"},{"floor":26,"key":"MawBank"}],"event_choices":[{"damage_healed":4,"gold_gain":0,"player_choice":"LEAVE ","damage_taken":0,"relics_obtained":[],"max_hp_gain":0,"max_hp_loss":0,"event_name":"betterSkull:BetterSkull","floor":6,"gold_loss":0,"cards_upgraded":[]},{"damage_healed":0,"gold_gain":0,"player_choice":"Obtained Relic","damage_taken":0,"relics_obtained":["Golden Egg"],"max_hp_gain":0,"max_hp_loss":0,"event_name":"Addict","floor":19,"gold_loss":85},{"damage_healed":0,"gold_gain":0,"player_choice":"Ignored","damage_taken":0,"max_hp_gain":0,"max_hp_loss":0,"event_name":"Vampires","floor":20,"gold_loss":0},{"damage_healed":0,"gold_gain":2,"player_choice":"1","damage_taken":0,"max_hp_gain":0,"max_hp_loss":0,"event_name":"betterStone:BetterStone","floor":22,"gold_loss":0},{"damage_healed":0,"gold_gain":0,"player_choice":"Inject Mutagens","damage_taken":0,"relics_obtained":["MutagenicStrength"],"max_hp_gain":0,"max_hp_loss":0,"event_name":"Drug Dealer","floor":27,"gold_loss":0}],"is_beta":false,"boss_relics":[{"not_picked":["Painkiller Herb","Replay:Ancient Bell"],"picked":"Ring of Chaos"}],"items_purged_floors":[5,29],"is_endless":false,"potions_floor_spawned":[4,7,8,10,13,18],"killed_by":"Snake Plant","ascension_level":6}}