{"host":"pl1fbpkom0aq337f","time":1608116525,"event":{"mods":["AchievementEnabler","BaseMod","Colored Map","Minty Spire (QoL Compilation)"],"gold_per_floor":[116,291,241,261,261,302,302,315,335,335,335,335,335,335,366,387,453,453,582,582,595,235,235,256,290,299,347,372,390,438,482,154,188,211,238,238,368,368,382,382,405,468,477,520,520,564,613,613,74,74,74,116,116,116,116,116,116,64,64,64],"floor_reached":61,"playtime":2795,"items_purged":["Strike_G","Strike_G","Strike_G"],"score":1770,"play_id":"dda4b849-692a-4d1f-9296-5c3dc8b9c451","local_time":"20201216120205","is_ascension_mode":true,"campfire_choices":[{"data":"Neutralize","floor":7.0,"key":"SMITH"},{"floor":12.0,"key":"REST"},{"data":"Leg Sweep","floor":14.0,"key":"SMITH"},{"data":"Crippling Poison","floor":18.0,"key":"SMITH"},{"floor":36.0,"key":"REST"},{"data":"Infinite Blades","floor":45.0,"key":"SMITH"},{"floor":48.0,"key":"RECALL"},{"data":"Storm of Steel","floor":51.0,"key":"SMITH"},{"data":"Accuracy","floor":54.0,"key":"SMITH"},{"data":"Footwork","floor":57.0,"key":"SMITH"}],"circlet_count":0,"master_deck":["Defend_G","Defend_G","Defend_G","Defend_G","Defend_G","Survivor","Trip","Blade Dance+1","Blade Dance","Leg Sweep+1","Cloak And Dagger","PiercingWail","Dodge and Roll+1","Crippling Poison+1","Phantasmal Killer","Backstab+1","Infinite Blades+1","Noxious Fumes","Well Laid Plans","Accuracy+1","Footwork+1","Deflect+1","Crippling Poison","Envenom","Backflip","Blur+1","Backstab+1","Well Laid Plans","Cloak And Dagger","Storm of Steel+1","Pain","Backflip+1","Blade Dance+1","Blade Dance","Terror"],"relics":["Ring of the Snake","Golden Idol","Tiny Chest","The Courier","HornCleat","StoneCalendar","Mummified Hand","WristBlade","CeramicFish","Molten Egg 2","Nunchaku","Pantograph","PreservedInsect","Snake Skull","SlaversCollar","TungstenRod","WarpedTongs","Bottled Tornado","Lizard Tail","Shuriken","StrikeDummy","War Paint"],"acts_visited":["Exordium","TheCity","TheBeyond","TheEnding"],"potions_floor_usage":[],"damage_taken":[{"damage":1.0,"enemies":"2 Louse","floor":1.0,"turns":3.0},{"damage":1.0,"enemies":"Small Slimes","floor":4.0,"turns":4.0},{"damage":39.0,"enemies":"Lagavulin","floor":6.0,"turns":6.0},{"damage":0.0,"enemies":"Cultist","floor":8.0,"turns":3.0},{"damage":7.0,"enemies":"Large Slime","floor":9.0,"turns":6.0},{"damage":2.0,"enemies":"Gremlin Nob","floor":15.0,"turns":5.0},{"damage":0.0,"enemies":"3 Louse","floor":16.0,"turns":5.0},{"damage":4.0,"enemies":"Lagavulin Event","floor":17.0,"turns":7.0},{"damage":4.0,"enemies":"Hexaghost","floor":19.0,"turns":10.0},{"damage":10.0,"enemies":"Spheric Guardian","floor":21.0,"turns":5.0},{"damage":0.0,"enemies":"3 Byrds","floor":24.0,"turns":4.0},{"damage":0.0,"enemies":"3 Cultists","floor":25.0,"turns":3.0},{"damage":5.0,"enemies":"Slavers","floor":27.0,"turns":3.0},{"damage":13.0,"enemies":"Sentry and Sphere","floor":28.0,"turns":5.0},{"damage":12.0,"enemies":"Cultist and Chosen","floor":29.0,"turns":6.0},{"damage":11.0,"enemies":"Book of Stabbing","floor":31.0,"turns":4.0},{"damage":0.0,"enemies":"Centurion and Healer","floor":33.0,"turns":3.0},{"damage":0.0,"enemies":"Snake Plant","floor":34.0,"turns":2.0},{"damage":27.0,"enemies":"Automaton","floor":37.0,"turns":7.0},{"damage":3.0,"enemies":"3 Darklings","floor":39.0,"turns":6.0},{"damage":7.0,"enemies":"Orb Walker","floor":41.0,"turns":3.0},{"damage":0.0,"enemies":"Mind Bloom Boss Battle","floor":42.0,"turns":5.0},{"damage":34.0,"enemies":"Reptomancer","floor":44.0,"turns":6.0},{"damage":0.0,"enemies":"Giant Head","floor":46.0,"turns":5.0},{"damage":0.0,"enemies":"Reptomancer","floor":52.0,"turns":3.0},{"damage":51.0,"enemies":"Time Eater","floor":55.0,"turns":7.0},{"damage":0.0,"enemies":"Shield and Spear","floor":59.0,"turns":1.0},{"damage":68,"enemies":"The Heart","floor":60,"turns":7}],"seed_played":"-939741522231264870","potions_obtained":[{"floor":6.0,"key":"Energy Potion"},{"floor":9.0,"key":"BlessingOfTheForge"},{"floor":16.0,"key":"BlessingOfTheForge"},{"floor":21.0,"key":"FearPotion"},{"floor":25.0,"key":"CunningPotion"},{"floor":27.0,"key":"Energy Potion"},{"floor":33.0,"key":"SmokeBomb"},{"floor":46.0,"key":"SneckoOil"}],"is_trial":false,"path_per_floor":["M","?","?","M","?","E","R","M","M","T","T","R","?","R","E","M","?","R","B",null,"M","$","T","M","M","?","E","M","M","T","E","$","M","M","T","R","B",null,"M","?","M","?","?","E","R","E","T","R","$","T","R","E","$","R","B",null,"R","$","E","B",null],"character_chosen":"THE_SILENT","items_purchased":["Infinite Blades","Noxious Fumes","Well Laid Plans","Accuracy","Footwork","Backstab+1","DistilledChaos","Fire Potion","PreservedInsect","Lizard Tail","Shuriken","Terror"],"campfire_rested":2,"item_purchase_floors":[22,22,22,22,22,32,32,32,32,49,49,58],"current_hp_per_floor":[62,62,62,61,61,22,22,22,15,15,15,34,34,34,32,32,28,28,24,55,45,45,45,45,45,45,40,27,15,15,4,4,4,4,4,23,21,54,51,51,44,65,65,31,31,31,31,31,31,31,31,31,31,31,5,50,50,50,50,32],"gold":64,"neow_bonus":"RANDOM_COLORLESS","is_daily":false,"chose_seed":false,"campfire_upgraded":7,"win_rate":0.0,"timestamp":1608116525,"path_taken":["M","?","?","M","?","E","R","M","M","T","T","R","?","R","E","?","?","R","BOSS","M","$","?","M","?","?","E","M","M","T","E","$","M","?","?","R","BOSS","M","?","M","?","?","E","R","E","T","R","$","?","R","E","?","R","BOSS","R","$","E","BOSS"],"items_purchased_type":["Card","Card","Card","Card","Card","Card","Potion","Potion","Relic","Relic","Relic","Card"],"build_version":"2020-12-13","purchased_purges":3,"victory":true,"max_hp_per_floor":[70,70,70,70,65,65,65,65,65,65,65,65,65,65,65,65,65,65,65,65,65,65,65,65,65,65,65,65,65,65,65,65,65,65,65,65,65,65,65,65,65,65,65,65,65,65,65,65,65,65,65,65,65,65,65,65,65,65,65,65],"card_choices":[{"not_picked":["Forethought","Panacea"],"picked":"Trip","floor":0.0},{"not_picked":["Accuracy","PiercingWail"],"picked":"Blade Dance","floor":1.0},{"not_picked":["PiercingWail","Skewer"],"picked":"Blade Dance","floor":4.0},{"not_picked":["Reflex","Malaise"],"picked":"Leg Sweep","floor":6.0},{"not_picked":["Predator","Footwork"],"picked":"Cloak And Dagger","floor":8.0},{"not_picked":["Flying Knee","Deadly Poison","Underhanded Strike"],"picked":"SKIP","floor":9.0},{"not_picked":["Poisoned Stab","Backstab"],"picked":"Dodge and Roll","floor":15.0},{"not_picked":["Underhanded Strike","Outmaneuver","Masterful Stab"],"picked":"SKIP","floor":16.0},{"not_picked":["Tactician","Predator"],"picked":"Crippling Poison","floor":17.0},{"not_picked":["Unload","Venomology"],"picked":"Phantasmal Killer","floor":19.0},{"not_picked":["Prepared","Sucker Punch"],"picked":"Backstab+1","floor":21.0},{"not_picked":["Riddle With Holes","Dagger Spray+1","Deflect"],"picked":"SKIP","floor":24.0},{"not_picked":["All Out Attack","Calculated Gamble"],"picked":"Deflect+1","floor":25.0},{"not_picked":["Blade Dance","Finisher+1"],"picked":"Envenom","floor":27.0},{"not_picked":["Crippling Poison","Dagger Spray+1"],"picked":"Backflip","floor":28.0},{"not_picked":["Tactician","Caltrops","Flying Knee+1"],"picked":"SKIP","floor":29.0},{"not_picked":["Dagger Throw+1","Expertise"],"picked":"Blur+1","floor":31.0},{"not_picked":["Predator+1","Outmaneuver"],"picked":"Well Laid Plans","floor":33.0},{"not_picked":["Bouncing Flask","Dagger Spray+1"],"picked":"Cloak And Dagger","floor":34.0},{"not_picked":["Bullet Time","Unload+1"],"picked":"Storm of Steel","floor":37.0},{"not_picked":["Quick Slash+1","Flying Knee+1","Infinite Blades"],"picked":"SKIP","floor":39.0},{"not_picked":["Bane+1","Flechettes+1","Deadly Poison"],"picked":"SKIP","floor":41.0},{"not_picked":["Skewer+1","Leg Sweep"],"picked":"Backflip+1","floor":44.0},{"not_picked":["Choke+1","Underhanded Strike+1"],"picked":"Blade Dance+1","floor":46.0},{"not_picked":["Flying Knee+1","Deflect"],"picked":"Blade Dance","floor":52.0}],"player_experience":384763,"relics_obtained":[{"floor":6.0,"key":"Tiny Chest"},{"floor":10.0,"key":"The Courier"},{"floor":11.0,"key":"HornCleat"},{"floor":15.0,"key":"StoneCalendar"},{"floor":17.0,"key":"Mummified Hand"},{"floor":23.0,"key":"CeramicFish"},{"floor":27.0,"key":"Molten Egg 2"},{"floor":30.0,"key":"Nunchaku"},{"floor":31.0,"key":"Pantograph"},{"floor":35.0,"key":"Snake Skull"},{"floor":42.0,"key":"TungstenRod"},{"floor":44.0,"key":"Bottled Tornado"},{"floor":50.0,"key":"StrikeDummy"},{"floor":52.0,"key":"War Paint"}],"event_choices":[{"damage_healed":0.0,"max_hp_gain":0.0,"max_hp_loss":0.0,"gold_gain":175.0,"event_name":"Liars Game","player_choice":"AGREE","floor":2.0,"gold_loss":0.0,"damage_taken":0.0,"cards_obtained":["Doubt"]},{"cards_removed":["Doubt"],"damage_healed":0.0,"max_hp_gain":0.0,"max_hp_loss":0.0,"gold_gain":0.0,"event_name":"The Cleric","player_choice":"Card Removal","floor":3.0,"gold_loss":50.0,"damage_taken":0.0},{"damage_healed":0.0,"max_hp_gain":0.0,"max_hp_loss":5.0,"gold_gain":0.0,"event_name":"Golden Idol","player_choice":"Lose Max HP","floor":5.0,"gold_loss":0.0,"damage_taken":0.0,"relics_obtained":["Golden Idol"]},{"damage_healed":0.0,"max_hp_gain":0.0,"max_hp_loss":0.0,"gold_gain":0.0,"cards_transformed":["Strike_G"],"event_name":"Transmorgrifier","player_choice":"Transformed","floor":13.0,"gold_loss":0.0,"damage_taken":0.0,"cards_obtained":["PiercingWail"]},{"damage_healed":0.0,"max_hp_gain":0.0,"max_hp_loss":0.0,"gold_gain":30.0,"event_name":"Dead Adventurer","player_choice":"Searched \u00273\u0027 times","floor":17.0,"gold_loss":0.0,"damage_taken":0.0},{"damage_healed":0.0,"max_hp_gain":0.0,"max_hp_loss":0.0,"gold_gain":0.0,"cards_transformed":["Strike_G"],"event_name":"Transmorgrifier","player_choice":"Transformed","floor":26.0,"gold_loss":0.0,"damage_taken":0.0,"cards_obtained":["Crippling Poison"]},{"cards_removed":["Neutralize"],"damage_healed":0.0,"max_hp_gain":0.0,"max_hp_loss":0.0,"gold_gain":0.0,"event_name":"Falling","player_choice":"Removed Attack","floor":40.0,"gold_loss":0.0,"damage_taken":0.0},{"damage_healed":0.0,"max_hp_gain":0.0,"max_hp_loss":0.0,"gold_gain":0.0,"event_name":"MindBloom","player_choice":"Fight","floor":42.0,"gold_loss":0.0,"damage_taken":0.0},{"damage_healed":0.0,"max_hp_gain":0.0,"max_hp_loss":0.0,"gold_gain":0.0,"event_name":"Accursed Blacksmith","player_choice":"Rummage","floor":43.0,"gold_loss":0.0,"damage_taken":0.0,"relics_obtained":["WarpedTongs"],"cards_obtained":["Pain"]}],"is_beta":false,"boss_relics":[{"not_picked":["Busted Crown","Runic Dome"],"picked":"WristBlade"},{"not_picked":["Fusion Hammer","Tiny House"],"picked":"SlaversCollar"}],"items_purged_floors":[22,32,49],"is_endless":false,"potions_floor_spawned":[6,9,16,21,25,27,33,34,39,46],"ascension_level":7}}