{"host":"hz5hj4ftqeo22kw2","time":1608160820,"event":{"mods":["BaseMod","Better Third Choice","Jorbs\u0027s Wanderer Trilogy","Minty Spire (QoL Compilation)","Permanent Neow","Quick Restart","RNG Fix","Relic Stats","StSLib","everything is the same but u backflip on backflip","slay the spire mod where everything is the same but ironclad has a cowboy hat"],"gold_per_floor":[111,125,21,36,48,48,48,48,97,126,137,150,150,168,168,267,317,337,350,367,384,60,60,90,0,27,74,88,88,105,121,121,121,121],"floor_reached":33,"playtime":1250,"items_purged":["Strike_G"],"score":298,"play_id":"291348b1-4a46-436b-b383-60b495ed1159","local_time":"20201216182020","is_ascension_mode":false,"campfire_choices":[{"data":"Tactician","floor":6,"key":"SMITH"},{"data":"Prepared","floor":8,"key":"SMITH"},{"data":"Reflex","floor":15,"key":"SMITH"},{"floor":23,"key":"REST"},{"floor":29,"key":"REST"},{"floor":32,"key":"REST"}],"circlet_count":0,"master_deck":["Strike_G","Strike_G","Strike_G","Defend_G","Defend_G","Defend_G","Defend_G","Survivor","Neutralize","Bane+1","Prepared+1","Dagger Throw","Deadly Poison","Deadly Poison","Tactician+1","Crippling Poison","Bouncing Flask","Bullet Time","Terror","Reflex+1","Burst","Acrobatics","Riddle With Holes","Dagger Spray","PiercingWail"],"relics":["Runic Pyramid","Centennial Puzzle","Gremlin Horn","Tiny House","Orichalcum","Pear","Regal Pillow","PreservedInsect"],"acts_visited":["Exordium","TheCity"],"potions_floor_usage":[10,12,18,21,24,28,30,33],"damage_taken":[{"damage":0,"enemies":"Small Slimes","floor":1,"turns":3},{"damage":0,"enemies":"2 Louse","floor":2,"turns":3},{"damage":2,"enemies":"Jaw Worm","floor":4,"turns":3},{"damage":4,"enemies":"Exordium Thugs","floor":5,"turns":4},{"damage":13,"enemies":"Lagavulin","floor":10,"turns":4},{"damage":2,"enemies":"Looter","floor":11,"turns":3},{"damage":0,"enemies":"Large Slime","floor":12,"turns":3},{"damage":4,"enemies":"Blue Slaver","floor":14,"turns":3},{"damage":14,"enemies":"Slime Boss","floor":16,"turns":7},{"damage":43,"enemies":"3 Byrds","floor":18,"turns":5},{"damage":0,"enemies":"Chosen","floor":19,"turns":3},{"damage":12,"enemies":"Snake Plant","floor":20,"turns":4},{"damage":20,"enemies":"Shelled Parasite and Fungi","floor":21,"turns":4},{"damage":27,"enemies":"Book of Stabbing","floor":24,"turns":5},{"damage":8,"enemies":"Sentry and Sphere","floor":28,"turns":4},{"damage":15,"enemies":"Snake Plant","floor":30,"turns":3},{"damage":16,"enemies":"Cultist and Chosen","floor":31,"turns":7},{"damage":58,"enemies":"Automaton","floor":33,"turns":6}],"seed_played":"3765483762685236154","potions_obtained":[{"floor":4,"key":"FearPotion"},{"floor":11,"key":"Ancient Potion"},{"floor":12,"key":"Fruit Juice"},{"floor":17,"key":"DuplicationPotion"},{"floor":20,"key":"LiquidMemories"},{"floor":28,"key":"ColorlessPotion"},{"floor":30,"key":"Ancient Potion"}],"is_trial":false,"path_per_floor":["M","M","$","M","M","R","?","R","T","E","M","M","?","M","R","B",null,"M","M","M","M","$","R","E","?","T","T","M","R","M","M","R","B"],"character_chosen":"THE_SILENT","items_purchased":["Dagger Throw","Deadly Poison","Orichalcum","PowerPotion","PiercingWail"],"campfire_rested":3,"item_purchase_floors":[3,3,22,22,22],"current_hp_per_floor":[70,70,70,68,64,64,64,64,64,51,49,54,54,50,50,36,80,37,37,25,5,5,29,12,12,12,12,4,46,31,15,57,0,0],"gold":121,"neow_bonus":"BOSS_RELIC","is_daily":false,"chose_seed":false,"campfire_upgraded":3,"win_rate":0.0,"timestamp":1608160820,"path_taken":["M","M","$","M","M","R","?","R","T","E","M","M","?","?","R","BOSS","M","M","M","M","$","R","E","?","T","?","M","R","M","?","R","BOSS"],"items_purchased_type":["Card","Card","Relic","Potion","Card"],"build_version":"2020-12-13","purchased_purges":1,"victory":false,"max_hp_per_floor":[70,70,70,70,70,70,70,70,70,70,70,75,75,75,75,75,80,80,80,80,80,80,80,90,90,90,90,90,90,90,90,90,90,90],"relic_stats":{"Centennial Puzzle":[36],"Regal Pillow":30,"Gremlin Horn":[7,8],"counters":[18,74],"PreservedInsect":0,"Orichalcum":[102],"obtain_stats":[{"Centennial Puzzle":9,"Regal Pillow":26,"Tiny House":17,"Pear":24,"Gremlin Horn":10,"PreservedInsect":27,"Orichalcum":22,"Ring of the Snake":0,"Runic Pyramid":0},{"Centennial Puzzle":4,"Regal Pillow":14,"Tiny House":9,"Pear":14,"Gremlin Horn":5,"PreservedInsect":14,"Orichalcum":13,"Ring of the Snake":0,"Runic Pyramid":0},{"Centennial Puzzle":13,"Regal Pillow":54,"Tiny House":33,"Pear":54,"Gremlin Horn":17,"PreservedInsect":54,"Orichalcum":49,"Ring of the Snake":0,"Runic Pyramid":0}]},"card_choices":[{"not_picked":["Distraction","Predator"],"picked":"Bane","floor":1},{"not_picked":["Backflip","Sucker Punch"],"picked":"Prepared","floor":2},{"not_picked":["All Out Attack","Outmaneuver"],"picked":"Deadly Poison","floor":4},{"not_picked":["Bouncing Flask","Escape Plan"],"picked":"Tactician","floor":5},{"not_picked":["Bane","Predator"],"picked":"Crippling Poison","floor":10},{"not_picked":["Outmaneuver","Bouncing Flask","Slice"],"picked":"SKIP","floor":11},{"not_picked":["Outmaneuver","Slice"],"picked":"Bouncing Flask","floor":11},{"not_picked":["Outmaneuver","Accuracy"],"picked":"Bullet Time","floor":12},{"not_picked":["Cloak And Dagger","Noxious Fumes"],"picked":"Reflex","floor":14},{"not_picked":["After Image","Storm of Steel"],"picked":"Burst","floor":16},{"not_picked":["Poisoned Stab","Prepared"],"picked":"Acrobatics","floor":17},{"not_picked":["Poisoned Stab","Quick Slash","Deflect"],"picked":"SKIP","floor":18},{"not_picked":["PiercingWail+1","Dagger Throw+1"],"picked":"Riddle With Holes","floor":19},{"not_picked":["Acrobatics","Flechettes+1","Escape Plan"],"picked":"SKIP","floor":20},{"not_picked":["Cloak And Dagger+1","Dodge and Roll"],"picked":"Dagger Spray","floor":21},{"not_picked":["Cloak And Dagger+1","PiercingWail","Dodge and Roll"],"picked":"SKIP","floor":24},{"not_picked":["Deadly Poison","PiercingWail","Doppelganger"],"picked":"SKIP","floor":28},{"not_picked":["Backflip","Underhanded Strike","Terror"],"picked":"SKIP","floor":30},{"not_picked":["Expertise","PiercingWail","Backflip+1"],"picked":"SKIP","floor":31}],"player_experience":424263,"relics_obtained":[{"floor":9,"key":"Centennial Puzzle"},{"floor":10,"key":"Gremlin Horn"},{"floor":24,"key":"Pear"},{"floor":26,"key":"Regal Pillow"},{"floor":27,"key":"PreservedInsect"}],"event_choices":[{"cards_removed":["Strike_G"],"damage_healed":0,"gold_gain":0,"player_choice":"Card Removal","damage_taken":0,"max_hp_gain":0,"max_hp_loss":0,"event_name":"Wheel of Change","floor":7,"gold_loss":0},{"damage_healed":0,"gold_gain":0,"cards_transformed":["Defend_G"],"player_choice":"Transformed","damage_taken":0,"max_hp_gain":0,"max_hp_loss":0,"event_name":"Transmorgrifier","floor":13,"gold_loss":0,"cards_obtained":["Terror"]},{"damage_healed":0,"gold_gain":0,"player_choice":"Paid Fearfully","damage_taken":0,"max_hp_gain":0,"max_hp_loss":0,"event_name":"Masked Bandits","floor":25,"gold_loss":90}],"is_beta":false,"boss_relics":[{"not_picked":["Astrolabe","Velvet Choker"],"picked":"Tiny House"}],"items_purged_floors":[22],"is_endless":false,"potions_floor_spawned":[4,11,12,20,28,30],"killed_by":"Automaton","ascension_level":0}}