{"host":"wshh0nphwn6jv7vj","time":1608161147,"event":{"mods":["BaseMod","Bestiary","Minty Spire (QoL Compilation)"],"gold_per_floor":[115,1,1,26,26,62,62,62,143,143,177,197,218,252,252,345,345,365,365,380,305,328,328,328,328],"floor_reached":24,"playtime":2799,"items_purged":["Strike_G"],"score":462,"play_id":"d7e7467e-a146-4a22-917e-2d74f00f60dc","local_time":"20201216182547","is_ascension_mode":true,"campfire_choices":[{"data":"Neutralize","floor":8,"key":"SMITH"},{"data":"Footwork","floor":10,"key":"SMITH"},{"data":"Sucker Punch","floor":15,"key":"SMITH"},{"data":"Wraith Form v2","floor":23,"key":"SMITH"}],"circlet_count":0,"master_deck":["AscendersBane","Strike_G","Strike_G","Defend_G","Defend_G","Defend_G","Defend_G","Defend_G","Survivor","Neutralize+1","Flying Knee","Footwork+1","Dagger Spray","Deflect","Cloak And Dagger","Sucker Punch+1","Dodge and Roll","PiercingWail","Heel Hook","Wraith Form v2+1","Footwork","Dash","Dodge and Roll"],"relics":["Ring of the Snake","NeowsBlessing","Golden Idol","Lantern","FossilizedHelix","Mummified Hand","Bag of Preparation","Oddly Smooth Stone","SacredBark"],"acts_visited":["Exordium","TheCity"],"potions_floor_usage":[14,22,24],"damage_taken":[{"damage":0,"enemies":"Cultist","floor":1,"turns":1},{"damage":0,"enemies":"Small Slimes","floor":4,"turns":1},{"damage":0,"enemies":"Lagavulin","floor":6,"turns":1},{"damage":0,"enemies":"3 Sentries","floor":11,"turns":10},{"damage":0,"enemies":"Jaw Worm","floor":12,"turns":4},{"damage":0,"enemies":"Large Slime","floor":13,"turns":8},{"damage":5,"enemies":"Lagavulin","floor":14,"turns":10},{"damage":15,"enemies":"The Guardian","floor":16,"turns":22},{"damage":12,"enemies":"Spheric Guardian","floor":18,"turns":8},{"damage":0,"enemies":"Chosen","floor":20,"turns":9},{"damage":11,"enemies":"Sentry and Sphere","floor":22,"turns":12},{"damage":58,"enemies":"Gremlin Leader","floor":24,"turns":13}],"seed_played":"-7576749387496833295","potions_obtained":[{"floor":4,"key":"Swift Potion"},{"floor":11,"key":"Poison Potion"},{"floor":12,"key":"FearPotion"},{"floor":22,"key":"CunningPotion"}],"is_trial":false,"path_per_floor":["M","$","?","M","?","E","?","R","T","R","E","M","M","E","R","B",null,"M","?","M","?","M","R","E"],"character_chosen":"THE_SILENT","items_purchased":["Footwork"],"campfire_rested":0,"item_purchase_floors":[2],"current_hp_per_floor":[59,59,59,59,59,59,59,59,59,59,59,59,59,54,54,39,55,43,55,55,55,44,44,0,0],"gold":328,"neow_bonus":"THREE_ENEMY_KILL","is_daily":false,"chose_seed":false,"campfire_upgraded":4,"win_rate":0.0,"timestamp":1608161147,"path_taken":["M","$","?","M","?","E","?","R","T","R","E","M","M","E","R","BOSS","M","?","M","?","M","R","E"],"items_purchased_type":["Card"],"build_version":"2020-12-13","purchased_purges":1,"victory":false,"max_hp_per_floor":[66,66,60,60,60,60,60,60,60,60,60,60,60,60,60,60,60,60,60,60,60,60,60,60,60],"card_choices":[{"not_picked":["Dodge and Roll","Deflect"],"picked":"Flying Knee","floor":1},{"not_picked":["Prepared","Quick Slash"],"picked":"Dagger Spray","floor":4},{"not_picked":["Prepared","Escape Plan"],"picked":"Cloak And Dagger","floor":6},{"not_picked":["Reflex","Outmaneuver"],"picked":"Sucker Punch","floor":11},{"not_picked":["Outmaneuver","Flying Knee"],"picked":"Dodge and Roll","floor":12},{"not_picked":["Bouncing Flask","Leg Sweep"],"picked":"PiercingWail","floor":13},{"not_picked":["Reflex","Noxious Fumes"],"picked":"Heel Hook","floor":14},{"not_picked":["Adrenaline","Tools of the Trade"],"picked":"Wraith Form v2","floor":16},{"not_picked":["Slice","Deadly Poison"],"picked":"Footwork","floor":18},{"not_picked":["Endless Agony","Underhanded Strike+1"],"picked":"Dash","floor":20},{"not_picked":["Endless Agony","Skewer"],"picked":"Dodge and Roll","floor":22}],"player_experience":1425697,"relics_obtained":[{"floor":6,"key":"Lantern"},{"floor":9,"key":"Mummified Hand"},{"floor":11,"key":"Bag of Preparation"},{"floor":14,"key":"Oddly Smooth Stone"}],"event_choices":[{"damage_healed":0,"gold_gain":0,"player_choice":"Lose Max HP","damage_taken":0,"relics_obtained":["Golden Idol"],"max_hp_gain":0,"max_hp_loss":6,"event_name":"Golden Idol","floor":3,"gold_loss":0},{"damage_healed":0,"gold_gain":0,"cards_transformed":["Strike_G"],"player_choice":"Change","damage_taken":0,"max_hp_gain":0,"max_hp_loss":0,"event_name":"Living Wall","floor":5,"gold_loss":0,"cards_obtained":["Deflect"]},{"damage_healed":0,"gold_gain":0,"player_choice":"Searched \u00271\u0027 times","damage_taken":0,"relics_obtained":["FossilizedHelix"],"max_hp_gain":0,"max_hp_loss":0,"event_name":"Dead Adventurer","floor":7,"gold_loss":0},{"damage_healed":12,"gold_gain":0,"player_choice":"Heal","damage_taken":0,"max_hp_gain":0,"max_hp_loss":0,"event_name":"The Library","floor":19,"gold_loss":0},{"cards_removed":["Strike_G"],"damage_healed":0,"gold_gain":0,"player_choice":"Gave Gold","damage_taken":0,"max_hp_gain":0,"max_hp_loss":0,"event_name":"Beggar","floor":21,"gold_loss":75}],"is_beta":false,"boss_relics":[{"not_picked":["Runic Dome","Philosopher\u0027s Stone"],"picked":"SacredBark"}],"items_purged_floors":[2],"is_endless":false,"potions_floor_spawned":[4,11,12,22],"killed_by":"Gremlin Leader","ascension_level":15}}