{"host":"eemx8njkng76fu5x","time":1608112454,"event":{"mods":["2.2 Compatiblity","BaseMod","Downfall","Minty Spire (QoL Compilation)","Permanent Neow","StSLib","Unceasing Turn Reminder","Unknown Chances"],"gold_per_floor":[349,364,130,140,157,82,128,128,159,159,169,33,43,58,78,78,78],"floor_reached":16,"playtime":596,"items_purged":["Decay","champ:Strike"],"score":135,"play_id":"01f8f161-4562-4d8f-867a-81593c153f0f","local_time":"20201216175414","is_ascension_mode":true,"campfire_choices":[{"floor":1,"key":"RECALL"},{"data":"champ:BerserkerStyle","floor":6,"key":"SMITH"},{"data":"champ:Taunt","floor":8,"key":"SMITH"},{"data":"champ:Encircle","floor":10,"key":"SMITH"}],"circlet_count":0,"master_deck":["champ:Strike","champ:Strike","champ:Strike","champ:Defend","champ:Defend","champ:Defend","champ:Defend","champ:Execute","champ:Taunt+1","champ:Encircle+1","champ:BerserkerStyle+1","champ:Shatter","champ:EnragedBash","champ:Encircle","champ:AdrenalArmor","champ:BerserkerStyle","champ:Control","champ:HeartStrike"],"relics":["champ:ChampionCrown","downfall:HeartBlessingRed","Strawberry","Smiling Mask"],"acts_visited":["Exordium"],"potions_floor_usage":[12,16],"damage_taken":[{"damage":5,"enemies":"Jaw Worm","floor":2,"turns":5},{"damage":14,"enemies":"downfall:FleeingMerchant","floor":3,"turns":4},{"damage":9,"enemies":"Cultist","floor":4,"turns":4},{"damage":11,"enemies":"2 Louse","floor":5,"turns":3},{"damage":38,"enemies":"Gremlin Nob","floor":9,"turns":4},{"damage":28,"enemies":"Large Slime","floor":11,"turns":3},{"damage":42,"enemies":"downfall:FleeingMerchant","floor":12,"turns":4},{"damage":48,"enemies":"Lots of Slimes","floor":13,"turns":4},{"damage":28,"enemies":"2 Fungi Beasts","floor":14,"turns":2},{"damage":37,"enemies":"Exordium Thugs","floor":15,"turns":3},{"damage":63,"enemies":"downfall:Ironclad","floor":16,"turns":3}],"seed_played":"91566729642662311","potions_obtained":[{"floor":4,"key":"Energy Potion"},{"floor":9,"key":"champ:OpenerPotion"},{"floor":11,"key":"Regen Potion"},{"floor":13,"key":"Fire Potion"},{"floor":14,"key":"CultistPotion"}],"is_trial":false,"path_per_floor":["R","M","$","M","M","R","T","R","E","R","M","$","M","M","M","B"],"character_chosen":"THE_CHAMP","items_purchased":["champ:BerserkerStyle","champ:Shatter","champ:BerserkerStyle"],"campfire_rested":0,"item_purchase_floors":[3,3,12],"current_hp_per_floor":[81,81,76,76,76,76,83,83,64,64,56,65,49,45,36,0,0],"gold":78,"neow_bonus":"TWO_FIFTY_GOLD","is_daily":false,"chose_seed":false,"campfire_upgraded":3,"win_rate":0.0,"timestamp":1608112454,"path_taken":["R","M","$","M","M","R","T","R","E","R","M","$","M","M","M","BOSS"],"items_purchased_type":["Card","Card","Card"],"build_version":"2020-12-13","purchased_purges":2,"victory":false,"max_hp_per_floor":[90,90,90,90,90,90,97,97,97,97,97,97,97,97,97,97,97],"card_choices":[{"not_picked":["champ:PerfectedStrike","champ:Aggression"],"picked":"champ:Encircle","floor":2},{"not_picked":["champ:ViciousMockery","champ:DefensiveStyle","champ:FocusedGladiator"],"picked":"SKIP","floor":3},{"not_picked":["champ:DefensiveStyle","champ:RisingSlash","champ:DefensiveShout"],"picked":"SKIP","floor":4},{"not_picked":["champ:CrookedStrike","champ:SkillfulDodge","champ:BladeFlurry"],"picked":"SKIP","floor":5},{"not_picked":["champ:FalseCounter","champ:RageSigil"],"picked":"champ:EnragedBash","floor":9},{"not_picked":["champ:FocusedDefense","champ:RapidStrikes"],"picked":"champ:Encircle","floor":11},{"not_picked":["champ:FalseCounter","champ:BladeFlurry"],"picked":"champ:AdrenalArmor","floor":12},{"not_picked":["champ:ShieldWall","champ:ShieldThrow","champ:GladiatorsShout"],"picked":"SKIP","floor":13},{"not_picked":["champ:Control","champ:Haymaker","champ:SwordSigil"],"picked":"SKIP","floor":14},{"not_picked":["champ:Haymaker","champ:SwordSigil"],"picked":"champ:Control","floor":14},{"not_picked":["champ:ArenaPreparation","champ:FocusedGladiator"],"picked":"champ:HeartStrike","floor":15}],"player_experience":375685,"relics_obtained":[{"floor":7,"key":"Strawberry"},{"floor":9,"key":"Smiling Mask"}],"event_choices":[],"is_beta":false,"boss_relics":[],"items_purged_floors":[3,12],"is_endless":false,"potions_floor_spawned":[4,9,11,13,14],"killed_by":"downfall:Ironclad","ascension_level":6}}