{"host":"zi8o4akxlgxypwgb","time":1608098132,"event":{"mods":["BaseMod","Minty Spire (QoL Compilation)","Replay The Spire","StSLib","SuperFastMode"],"gold_per_floor":[117,127,144,154,154,154,184,203,203,220,247,265,265,290,290,387,387,407,51,66,66,79,79,108,57,126,126,126],"floor_reached":27,"playtime":3111,"items_purged":["Strike_P"],"score":336,"play_id":"9b558d72-50a4-4e9d-940a-4dfa101284d9","local_time":"20201216135532","is_ascension_mode":true,"campfire_choices":[{"data":"Replay:ManipulateFuture","floor":6,"key":"SMITH"},{"data":"Replay:Hum","floor":13,"key":"SMITH"},{"data":"CrushJoints","floor":15,"key":"SMITH"},{"data":"Secret Weapon","floor":23,"key":"SMITH"}],"circlet_count":0,"master_deck":["Strike_P","Strike_P","Defend_P","Defend_P","Defend_P","Defend_P","Eruption+1","Vigilance","ReachHeaven","Replay:ManipulateFuture+1","BowlingBash","CrushJoints+1","EmptyFist+1","Replay:DivineShield","Replay:BluntJabs+1","WindmillStrike","Replay:Hum+1","ReachHeaven","LessonLearned","SashWhip","Weave","Weave+1","Secret Weapon+1","Nirvana","Sanctity+1","Omniscience","Replay:Battleflow+1","Tantrum","Crescendo"],"relics":["PureWater","NeowsBlessing","Orichalcum","Happy Flower","Regal Pillow","Kunai","Honey Jar","Damaru","ReplayTheSpireMod:Shallot"],"acts_visited":["Exordium","TheCity"],"potions_floor_usage":[12,16,24],"damage_taken":[{"damage":0,"enemies":"Cultist","floor":1,"turns":1},{"damage":0,"enemies":"2 Louse","floor":2,"turns":1},{"damage":0,"enemies":"Small Slimes","floor":3,"turns":1},{"damage":0,"enemies":"Looter","floor":4,"turns":4},{"damage":22,"enemies":"3 Sentries","floor":7,"turns":4},{"damage":7,"enemies":"Blue Slaver","floor":8,"turns":3},{"damage":0,"enemies":"3 Louse","floor":10,"turns":3},{"damage":13,"enemies":"Replay:BlueRogue","floor":11,"turns":3},{"damage":4,"enemies":"Red Slaver","floor":12,"turns":2},{"damage":9,"enemies":"3 Sentries","floor":14,"turns":5},{"damage":0,"enemies":"Fading Forest","floor":16,"turns":11},{"damage":1,"enemies":"3 Byrds","floor":18,"turns":4},{"damage":0,"enemies":"Spheric Guardian","floor":20,"turns":2},{"damage":6,"enemies":"Cultist and Chosen","floor":22,"turns":3},{"damage":53,"enemies":"Gremlin Leader","floor":24,"turns":6},{"damage":55,"enemies":"Shelled Parasite and Fungi","floor":27,"turns":2}],"seed_played":"3889138153040034806","potions_obtained":[{"floor":1,"key":"Elixir"},{"floor":3,"key":"Fire Potion"},{"floor":12,"key":"BottledMiracle"},{"floor":14,"key":"Weak Potion"},{"floor":20,"key":"Elixir"},{"floor":22,"key":"SkillPotion"},{"floor":24,"key":"LiquidMemories"}],"is_trial":false,"path_per_floor":["M","M","M","M","?","R","E","M","T","M","E","M","R","E","R","B",null,"M","$","M","?","M","R","E","$","T","M"],"character_chosen":"WATCHER","items_purchased":["Weave","Secret Weapon","Nirvana","Crescendo"],"campfire_rested":0,"item_purchase_floors":[19,19,19,25],"current_hp_per_floor":[72,72,72,72,72,72,50,43,43,43,30,26,26,17,17,17,72,71,71,71,71,65,65,12,12,12,0,0],"gold":126,"neow_bonus":"THREE_ENEMY_KILL","is_daily":false,"chose_seed":false,"campfire_upgraded":4,"win_rate":0.0,"timestamp":1608098132,"path_taken":["M","?","M","?","?","R","E","M","T","M","E","?","R","E","R","BOSS","M","$","M","?","M","R","E","$","T","M"],"items_purchased_type":["Card","Card","Card","Card"],"build_version":"2020-12-13","purchased_purges":1,"victory":false,"max_hp_per_floor":[72,72,72,72,72,72,72,72,72,72,72,72,72,72,72,72,72,72,72,72,72,72,72,72,72,72,72,72],"card_choices":[{"not_picked":["WheelKick","Perseverance"],"picked":"ReachHeaven","floor":1},{"not_picked":["EmptyFist","FlurryOfBlows"],"picked":"Replay:ManipulateFuture","floor":2},{"not_picked":["Study","Prostrate"],"picked":"BowlingBash","floor":3},{"not_picked":["SandsOfTime","Protect"],"picked":"CrushJoints","floor":4},{"not_picked":["TalkToTheHand","Replay:LoomingThreat"],"picked":"EmptyFist","floor":7},{"not_picked":["WindmillStrike","FlurryOfBlows"],"picked":"Replay:DivineShield","floor":8},{"not_picked":["BowlingBash","EmptyFist"],"picked":"Replay:BluntJabs","floor":10},{"not_picked":["Replay:ManipulateFuture","WaveOfTheHand"],"picked":"WindmillStrike","floor":11},{"not_picked":["Protect","Swivel"],"picked":"Replay:Hum","floor":12},{"not_picked":["SashWhip","FlyingSleeves"],"picked":"ReachHeaven","floor":14},{"not_picked":["DevaForm","Replay:LoomingThreat"],"picked":"LessonLearned","floor":16},{"not_picked":["Collect+1","PathToVictory+1","Replay:AtTheReady"],"picked":"SashWhip","floor":18},{"not_picked":["Nirvana","Replay:AtTheReady","Perseverance+1"],"picked":"Sanctity+1","floor":20},{"not_picked":["CrushJoints","ThirdEye","Weave+1"],"picked":"Replay:Battleflow+1","floor":22},{"not_picked":["Weave+1","TalkToTheHand","Study"],"picked":"Tantrum","floor":24}],"player_experience":326989,"relics_obtained":[{"floor":7,"key":"Orichalcum"},{"floor":9,"key":"Happy Flower"},{"floor":11,"key":"Regal Pillow"},{"floor":14,"key":"Kunai"},{"floor":24,"key":"Damaru"},{"floor":26,"key":"ReplayTheSpireMod:Shallot"}],"event_choices":[{"damage_healed":0,"gold_gain":0,"player_choice":"Upgraded","damage_taken":0,"max_hp_gain":0,"max_hp_loss":0,"event_name":"Upgrade Shrine","floor":5,"gold_loss":0,"cards_upgraded":["Eruption"]},{"damage_healed":0,"gold_gain":0,"cards_transformed":["Strike_P"],"player_choice":"Transformed","damage_taken":0,"max_hp_gain":0,"max_hp_loss":0,"event_name":"Transmorgrifier","floor":21,"gold_loss":0,"cards_obtained":["Omniscience"]}],"is_beta":false,"boss_relics":[{"not_picked":["SlaversCollar","VioletLotus"],"picked":"Honey Jar"}],"items_purged_floors":[19],"is_endless":false,"potions_floor_spawned":[1,3,12,14,20,22,24],"killed_by":"Shelled Parasite and Fungi","ascension_level":2}}