{"host":"63yhhrjweyj22b0v","time":1608077202,"event":{"mods":["BaseMod","Minty Spire (QoL Compilation)","Quick Restart"],"gold_per_floor":[112,112,40,40,40,40,70,88,156,185,201,201,201,219,219,319,319,339,351,73,73,90,90,90],"floor_reached":23,"playtime":1173,"items_purged":["Defend_B"],"score":235,"play_id":"3fc599dc-14e5-4c6a-8d45-7c7ef84cb81b","local_time":"20201215180642","is_ascension_mode":true,"campfire_choices":[{"data":"Glacier","floor":6,"key":"SMITH"},{"floor":12,"key":"REST"},{"data":"Blizzard","floor":15,"key":"SMITH"}],"circlet_count":0,"master_deck":["Strike_B","Strike_B","Strike_B","Defend_B","Defend_B","Zap","Dualcast","Chill+1","Glacier+1","Coolheaded","Multi-Cast","Blizzard+1","Beam Cell","Redo","Chaos","Seek","Go for the Eyes+1","Capacitor+1","Redo+1","Force Field+1"],"relics":["Cracked Core","NeowsBlessing","Singing Bowl","Gremlin Horn","DataDisk","Blood Vial"],"acts_visited":["Exordium","TheCity"],"potions_floor_usage":[19,23,23],"damage_taken":[{"damage":0,"enemies":"Jaw Worm","floor":1,"turns":1},{"damage":0,"enemies":"3 Sentries","floor":7,"turns":1},{"damage":0,"enemies":"Cultist","floor":8,"turns":1},{"damage":40,"enemies":"Gremlin Nob","floor":10,"turns":8},{"damage":0,"enemies":"Small Slimes","floor":11,"turns":3},{"damage":0,"enemies":"Gremlin Gang","floor":14,"turns":3},{"damage":56,"enemies":"The Guardian","floor":16,"turns":13},{"damage":18,"enemies":"Shell Parasite","floor":18,"turns":8},{"damage":1,"enemies":"3 Byrds","floor":19,"turns":4},{"damage":20,"enemies":"Snecko","floor":22,"turns":6},{"damage":43,"enemies":"Book of Stabbing","floor":23,"turns":10}],"seed_played":"-6872054489001282596","potions_obtained":[{"floor":7,"key":"Explosive Potion"},{"floor":14,"key":"Energy Potion"},{"floor":16,"key":"BlessingOfTheForge"}],"is_trial":false,"path_per_floor":["M","?","$","$","?","R","E","M","T","E","M","R","?","M","R","B",null,"M","M","$","?","M","E"],"character_chosen":"DEFECT","items_purchased":["Glacier","Blood Vial","Redo"],"campfire_rested":1,"item_purchase_floors":[3,20,20],"current_hp_per_floor":[75,75,75,75,75,75,75,75,75,35,35,57,57,57,57,1,75,57,56,56,56,38,0,0],"gold":90,"neow_bonus":"THREE_ENEMY_KILL","is_daily":false,"chose_seed":false,"campfire_upgraded":2,"win_rate":0.0,"timestamp":1608077202,"path_taken":["M","?","?","$","?","R","E","?","T","E","M","R","?","M","R","BOSS","M","?","?","?","M","E"],"items_purchased_type":["Card","Relic","Card"],"build_version":"2020-12-13","purchased_purges":1,"victory":false,"max_hp_per_floor":[75,75,75,75,75,75,75,75,75,75,75,75,75,75,75,75,75,75,75,75,75,75,75,75],"card_choices":[{"not_picked":["Leap","Barrage"],"picked":"Chill","floor":1},{"not_picked":["Beam Cell","Barrage"],"picked":"Multi-Cast","floor":7},{"not_picked":["Coolheaded","Streamline"],"picked":"Blizzard","floor":8},{"not_picked":["Streamline","Tempest"],"picked":"Beam Cell","floor":10},{"not_picked":["Hologram","Force Field"],"picked":"Redo","floor":11},{"not_picked":["Sunder","Barrage"],"picked":"Chaos","floor":14},{"not_picked":["Amplify","All For One"],"picked":"Seek","floor":16},{"not_picked":["Undo","Double Energy"],"picked":"Go for the Eyes+1","floor":18},{"not_picked":["Melter","Ball Lightning+1"],"picked":"Capacitor+1","floor":19},{"not_picked":["Hologram","BootSequence"],"picked":"Force Field+1","floor":22}],"player_experience":592677,"relics_obtained":[{"floor":7,"key":"Singing Bowl"},{"floor":9,"key":"Gremlin Horn"},{"floor":10,"key":"DataDisk"}],"event_choices":[{"damage_healed":0,"gold_gain":0,"player_choice":"Upgraded","damage_taken":0,"max_hp_gain":0,"max_hp_loss":0,"event_name":"Upgrade Shrine","floor":2,"gold_loss":0,"cards_upgraded":["Chill"]},{"damage_healed":0,"gold_gain":0,"cards_transformed":["Strike_B"],"player_choice":"Transformed","damage_taken":0,"max_hp_gain":0,"max_hp_loss":0,"event_name":"Transmorgrifier","floor":5,"gold_loss":0,"cards_obtained":["Coolheaded"]},{"cards_removed":["Defend_B"],"damage_healed":0,"gold_gain":0,"player_choice":"Purged","damage_taken":0,"max_hp_gain":0,"max_hp_loss":0,"event_name":"Purifier","floor":13,"gold_loss":0},{"damage_healed":0,"gold_gain":0,"player_choice":"Forge","damage_taken":0,"max_hp_gain":0,"max_hp_loss":0,"event_name":"Accursed Blacksmith","floor":21,"gold_loss":0,"cards_upgraded":["Redo"]}],"is_beta":false,"boss_relics":[{"not_picked":["Snecko Eye","Pandora\u0027s Box","Velvet Choker"]}],"items_purged_floors":[20],"is_endless":false,"potions_floor_spawned":[7,8,14,16,18],"killed_by":"Book of Stabbing","ascension_level":1}}