{"host":"480qzmvu0s2e3e6w","time":1608124229,"event":{"mods":["BaseMod","Colored Map","DeckTracker","Minty Spire (QoL Compilation)","StSLib","SuperFastMode"],"gold_per_floor":[116,142,142,67,79,79,113,113,113,131,149,149,149,161,161,237,237,256,272,272,23,23,23,57,57,57,88,103,115,133,151,151,228,228,246,271,271,291,291,325,325,164,164,179,179,213,213,93,93,93,93,93,39,74,74,74],"floor_reached":55,"playtime":2812,"items_purged":["Strike_R","Strike_R+1","Strike_R+1","Cleave+1"],"score":1423,"play_id":"843aafaa-9526-41f2-8e33-c64a80be728f","local_time":"20201216221029","is_ascension_mode":true,"campfire_choices":[{"data":"Fire Breathing","floor":6.0,"key":"SMITH"},{"data":"Bash","floor":8.0,"key":"SMITH"},{"data":"Cleave","floor":15.0,"key":"SMITH"},{"floor":23.0,"key":"REST"},{"floor":25.0,"key":"REST"},{"floor":32.0,"key":"RECALL"},{"floor":41,"key":"REST"},{"floor":45,"key":"REST"},{"floor":49,"key":"REST"},{"floor":52,"key":"REST"}],"circlet_count":0,"master_deck":["AscendersBane","Defend_R+1","Defend_R+1","Defend_R+1","Defend_R+1","Bash+1","Reckless Charge","Fire Breathing+1","Impervious","Disarm","Twin Strike","Demon Form","Battle Trance","Dual Wield+1","Shrug It Off","Headbutt+1","Berserk","Spot Weakness","Body Slam","Disarm+1","Armaments+1","Immolate","CurseOfTheBell","Feel No Pain","Panacea+1","Finesse+1","Bandage Up+1","Feel No Pain","Second Wind+1","Evolve","Dark Embrace","Flame Barrier+1","Juggernaut"],"relics":["Burning Blood","NeowsBlessing","Lantern","Meat on the Bone","Blood Vial","Mummified Hand","Fusion Hammer","Orrery","Happy Flower","Toxic Egg 2","The Courier","Calling Bell","Red Skull","Kunai","Lizard Tail","Unceasing Top","Strawberry","FossilizedHelix","Oddly Smooth Stone"],"acts_visited":["Exordium","TheCity","TheBeyond","TheEnding"],"potions_floor_usage":[40,46,54],"damage_taken":[{"damage":0.0,"enemies":"Cultist","floor":1.0,"turns":1.0},{"damage":0.0,"enemies":"Small Slimes","floor":5.0,"turns":1.0},{"damage":0.0,"enemies":"3 Sentries","floor":7.0,"turns":2.0},{"damage":2.0,"enemies":"Jaw Worm","floor":10.0,"turns":4.0},{"damage":0.0,"enemies":"Large Slime","floor":11.0,"turns":6.0},{"damage":7.0,"enemies":"Exordium Wildlife","floor":14.0,"turns":4.0},{"damage":0.0,"enemies":"Slime Boss","floor":16.0,"turns":5.0},{"damage":25.0,"enemies":"Spheric Guardian","floor":18.0,"turns":5.0},{"damage":17.0,"enemies":"2 Thieves","floor":19.0,"turns":4.0},{"damage":42.0,"enemies":"Book of Stabbing","floor":24.0,"turns":5.0},{"damage":16.0,"enemies":"Slavers","floor":27.0,"turns":4.0},{"damage":14.0,"enemies":"Cultist and Chosen","floor":28.0,"turns":5.0},{"damage":12.0,"enemies":"Shelled Parasite and Fungi","floor":29.0,"turns":5.0},{"damage":6.0,"enemies":"Centurion and Healer","floor":30.0,"turns":4.0},{"damage":1.0,"enemies":"Cultist and Chosen","floor":31.0,"turns":4.0},{"damage":41.0,"enemies":"Collector","floor":33.0,"turns":8.0},{"damage":0.0,"enemies":"3 Shapes","floor":35.0,"turns":4.0},{"damage":16,"enemies":"Mind Bloom Boss Battle","floor":36,"turns":6},{"damage":8,"enemies":"Orb Walker","floor":38,"turns":3},{"damage":28,"enemies":"Nemesis","floor":40,"turns":11},{"damage":1,"enemies":"Spire Growth","floor":44,"turns":6},{"damage":26,"enemies":"Reptomancer","floor":46,"turns":7},{"damage":49,"enemies":"Time Eater","floor":50,"turns":9},{"damage":68,"enemies":"Shield and Spear","floor":54,"turns":6},{"damage":102,"enemies":"The Heart","floor":55,"turns":11}],"seed_played":"-4085762924096410487","potions_obtained":[{"floor":7.0,"key":"PowerPotion"},{"floor":14.0,"key":"SteroidPotion"},{"floor":24.0,"key":"DuplicationPotion"},{"floor":28.0,"key":"SmokeBomb"},{"floor":31.0,"key":"Swift Potion"},{"floor":33.0,"key":"Swift Potion"},{"floor":44,"key":"Weak Potion"}],"is_trial":false,"path_per_floor":["M","T","?","$","M","R","E","R","T","M","M","T","?","M","R","B",null,"M","M","?","$","?","R","E","R","T","E","M","M","M","M","R","B",null,"M","?","?","M","?","E","R","$","T","M","R","E","T","$","R","B",null,"R","$","E","B"],"character_chosen":"IRONCLAD","items_purchased":["Orrery","Second Wind+1","Flame Barrier+1"],"campfire_rested":6,"item_purchase_floors":[21,42,53],"current_hp_per_floor":[74,74,74,74,75,75,75,75,75,75,75,75,80,79,79,80,80,61,52,52,52,52,76,54,78,78,70,64,60,62,69,69,48,72,80,70,60,66,66,52,76,76,76,80,80,67,67,67,87,50,78,87,87,43,0,0],"gold":74,"neow_bonus":"THREE_ENEMY_KILL","is_daily":false,"chose_seed":false,"campfire_upgraded":3,"win_rate":0.0,"timestamp":1608124229,"path_taken":["M","?","?","$","M","R","E","R","T","M","M","?","?","M","R","BOSS","M","M","?","$","?","R","E","R","T","E","M","M","M","M","R","BOSS","M","?","?","M","?","E","R","?","T","M","R","E","?","$","R","BOSS","R","$","E","BOSS"],"items_purchased_type":["Relic","Card","Card"],"build_version":"2020-12-13","purchased_purges":4,"victory":false,"max_hp_per_floor":[75,75,75,75,75,75,75,75,75,75,75,75,80,80,80,80,80,80,80,80,80,80,80,80,80,80,80,80,80,80,80,80,80,80,80,80,80,80,80,80,80,80,80,80,80,87,87,87,87,87,87,87,87,87,87,87],"card_choices":[{"not_picked":["Flex","Uppercut"],"picked":"Reckless Charge","floor":1.0},{"not_picked":["Iron Wave","Pommel Strike"],"picked":"Fire Breathing","floor":5.0},{"not_picked":["Sword Boomerang","Thunderclap"],"picked":"Impervious","floor":7.0},{"not_picked":["Perfected Strike","Flex"],"picked":"Disarm","floor":10.0},{"not_picked":["Headbutt","Twin Strike"],"picked":"Cleave","floor":11.0},{"not_picked":["Metallicize","Bloodletting"],"picked":"Twin Strike","floor":14.0},{"not_picked":["Limit Break","Impervious"],"picked":"Demon Form","floor":16.0},{"not_picked":["Rage","Clash"],"picked":"Battle Trance","floor":18.0},{"not_picked":["Flex","Thunderclap+1","Dual Wield"],"picked":"SKIP","floor":19.0},{"not_picked":["Flame Barrier","Headbutt"],"picked":"Dual Wield+1","floor":21.0},{"not_picked":["True Grit","Wild Strike"],"picked":"Shrug It Off","floor":21.0},{"not_picked":["Dual Wield","Iron Wave"],"picked":"Headbutt+1","floor":21.0},{"not_picked":["Sentinel","Heavy Blade","Sword Boomerang+1"],"picked":"SKIP","floor":24.0},{"not_picked":["Anger","Dual Wield+1"],"picked":"Body Slam","floor":27.0},{"not_picked":["Infernal Blade+1","Anger","Perfected Strike"],"picked":"SKIP","floor":28.0},{"not_picked":["Perfected Strike","Thunderclap","Brutality"],"picked":"SKIP","floor":29.0},{"not_picked":["Body Slam","Iron Wave"],"picked":"Disarm+1","floor":30.0},{"not_picked":["Cleave+1","Heavy Blade"],"picked":"Armaments+1","floor":31.0},{"not_picked":["Demon Form","Impervious+1"],"picked":"Immolate","floor":33.0},{"not_picked":["Headbutt","Body Slam"],"picked":"Feel No Pain","floor":35.0},{"not_picked":["Forethought+1","Swift Strike"],"picked":"Panacea+1","floor":37},{"not_picked":["Jack Of All Trades+1","Good Instincts+1"],"picked":"Finesse+1","floor":37},{"not_picked":["Discovery+1","Sadistic Nature"],"picked":"Bandage Up+1","floor":37},{"not_picked":["Inflame","Dropkick"],"picked":"Feel No Pain","floor":38},{"not_picked":["Inflame+1","Clothesline","Pommel Strike"],"picked":"SKIP","floor":40},{"not_picked":["Clash","Havoc+1"],"picked":"Evolve","floor":44},{"not_picked":["Seeing Red+1","Cleave"],"picked":"Dark Embrace","floor":46},{"not_picked":["Flex+1","Pummel"],"picked":"Juggernaut","floor":54}],"player_experience":595209,"relics_obtained":[{"floor":2.0,"key":"Lantern"},{"floor":7.0,"key":"Meat on the Bone"},{"floor":9.0,"key":"Blood Vial"},{"floor":12.0,"key":"Mummified Hand"},{"floor":24.0,"key":"Happy Flower"},{"floor":26.0,"key":"Toxic Egg 2"},{"floor":27.0,"key":"The Courier"},{"floor":34.0,"key":"Red Skull"},{"floor":34.0,"key":"Kunai"},{"floor":34.0,"key":"Lizard Tail"},{"floor":36,"key":"Unceasing Top"},{"floor":46,"key":"Strawberry"},{"floor":47,"key":"FossilizedHelix"},{"floor":54,"key":"Oddly Smooth Stone"}],"event_choices":[{"damage_healed":0.0,"max_hp_gain":0.0,"max_hp_loss":0.0,"gold_gain":0.0,"event_name":"Liars Game","player_choice":"Ignored","floor":3.0,"gold_loss":0.0,"damage_taken":0.0},{"damage_healed":0.0,"max_hp_gain":5.0,"max_hp_loss":0.0,"gold_gain":0.0,"event_name":"Big Fish","player_choice":"Donut","floor":13.0,"gold_loss":0.0,"damage_taken":0.0},{"damage_healed":0.0,"max_hp_gain":0.0,"max_hp_loss":0.0,"gold_gain":0.0,"event_name":"Back to Basics","player_choice":"Simplicity","floor":20.0,"gold_loss":0.0,"damage_taken":0.0,"cards_upgraded":["Strike_R","Strike_R","Strike_R","Strike_R","Defend_R","Defend_R","Defend_R","Defend_R"]},{"damage_healed":0.0,"max_hp_gain":0.0,"max_hp_loss":0.0,"gold_gain":0.0,"cards_transformed":["Strike_R","Strike_R"],"event_name":"Drug Dealer","player_choice":"Became Test Subject","floor":22.0,"gold_loss":0.0,"damage_taken":0.0,"cards_obtained":["Berserk","Spot Weakness"]},{"damage_healed":0,"gold_gain":0,"player_choice":"Fight","damage_taken":0,"max_hp_gain":0,"max_hp_loss":0,"event_name":"MindBloom","floor":36,"gold_loss":0},{"damage_healed":0,"gold_gain":0,"player_choice":"Memory 3","damage_taken":10,"max_hp_gain":0,"max_hp_loss":0,"event_name":"SensoryStone","floor":37,"gold_loss":0},{"damage_healed":0,"gold_gain":0,"player_choice":"Ignored","damage_taken":0,"max_hp_gain":0,"max_hp_loss":0,"event_name":"Tomb of Lord Red Mask","floor":39,"gold_loss":0}],"is_beta":false,"boss_relics":[{"not_picked":["Runic Dome","SacredBark"],"picked":"Fusion Hammer"},{"not_picked":["SlaversCollar","Busted Crown"],"picked":"Calling Bell"}],"items_purged_floors":[4,21,42,48],"is_endless":false,"potions_floor_spawned":[7,14,24,28,31,33,35,44],"killed_by":"The Heart","ascension_level":15}}