{"host":"ds28d883r3sz42zs","time":1608130742,"event":{"mods":["2.2 Compatiblity","AchievementEnabler","Act Like it!","BaseMod","Bestiary","Better Match","Better Sensory Stone","Better Silent Start","Better Third Choice","Better-Laid Plans","BetterRewards","Block Reminder","Challenge The Spire","Colored Map","Colored Powertips","DeckTracker","Defuse TimeMaze Blight","Disable Question Mark Monsters","Displayed Cursed Tome","Emptier Cage","GifTheSpireLib","Gold Saver","Minty Spire (QoL Compilation)","Permanent Neow","Practice Mode","Quick Restart","Random Character Button","Rare Cards Sparkle","Relic Filter","Relic Stats","SacredBarkPlus","StSLib","SuperFastMode","Uncapped","Unknown Chances"],"gold_per_floor":[967,419,439,187,198,198,210,210,210,210,236,62,78,3,3,80,80,91,91,125,140,140,166,166,201,228,228,254,254,254,50,50,123,123,137,149,38,38,63,63,92,92,115,130,130,130,141,153,153,153,153,153,5,40,40],"floor_reached":56,"playtime":1947,"items_purged":["Strike_R","Strike_R","Strike_R","Strike_R","Flex+1"],"score":2063,"play_id":"69f73d49-d224-4c33-80f8-a679ad895d93","local_time":"20201216095902","is_ascension_mode":true,"campfire_choices":[{"data":"Searing Blow","floor":6,"key":"SMITH"},{"data":"Searing Blow+1","floor":8,"key":"SMITH"},{"data":"Searing Blow+2","floor":10,"key":"SMITH"},{"data":"Searing Blow+3","floor":15,"key":"SMITH"},{"data":"Searing Blow+4","floor":24,"key":"SMITH"},{"data":"Searing Blow+5","floor":27,"key":"SMITH"},{"data":"Searing Blow+6","floor":30,"key":"SMITH"},{"data":"Searing Blow+7","floor":32,"key":"SMITH"},{"data":"Searing Blow+9","floor":40,"key":"SMITH"},{"data":"Searing Blow+10","floor":42,"key":"SMITH"},{"floor":45,"key":"RECALL"},{"data":"Searing Blow+12","floor":49,"key":"SMITH"},{"data":"Searing Blow+13","floor":52,"key":"SMITH"}],"circlet_count":0,"master_deck":["AscendersBane","Defend_R","Bash+1","Searing Blow+14","Impervious","Shockwave","Combust","Reaper+1","Feel No Pain","Pommel Strike+1","Feed+1","Headbutt+1","Barricade","Clothesline+1","Fiend Fire+1","Sword Boomerang+1","Shrug It Off","Feed+1","Demon Form","Dropkick+1","Shrug It Off","Fire Breathing","Dark Embrace","Reaper+1","Shrug It Off"],"relics":["Burning Blood","Membership Card","Self Forming Clay","Gambling Chip","Molten Egg 2","Orichalcum","Mercury Hourglass","Medical Kit","Snecko Eye","Red Mask","Champion Belt","Lantern","MealTicket","Tiny Chest","Mummified Hand","DollysMirror","Astrolabe","Art of War","Red Skull","Whetstone","Brimstone","Toy Ornithopter"],"acts_visited":["Exordium","TheCity","TheBeyond","TheEnding"],"potions_floor_usage":[18,28,55],"damage_taken":[{"damage":1,"enemies":"Cultist","floor":1,"turns":3},{"damage":6,"enemies":"2 Louse","floor":3,"turns":3},{"damage":3,"enemies":"Jaw Worm","floor":5,"turns":3},{"damage":5,"enemies":"3 Louse","floor":7,"turns":4},{"damage":5,"enemies":"Gremlin Nob","floor":11,"turns":3},{"damage":5,"enemies":"Looter","floor":13,"turns":3},{"damage":15,"enemies":"The Guardian","floor":16,"turns":7},{"damage":0,"enemies":"Shell Parasite","floor":18,"turns":3},{"damage":20,"enemies":"Masked Bandits","floor":20,"turns":4},{"damage":1,"enemies":"Spheric Guardian","floor":21,"turns":2},{"damage":43,"enemies":"Book of Stabbing","floor":23,"turns":7},{"damage":13,"enemies":"Gremlin Leader","floor":25,"turns":5},{"damage":7,"enemies":"Slavers","floor":28,"turns":4},{"damage":6,"enemies":"Champ","floor":33,"turns":9},{"damage":2,"enemies":"3 Shapes","floor":35,"turns":4},{"damage":0,"enemies":"3 Darklings","floor":36,"turns":3},{"damage":3,"enemies":"Reptomancer","floor":41,"turns":4},{"damage":5,"enemies":"Transient","floor":44,"turns":5},{"damage":3,"enemies":"Writhing Mass","floor":47,"turns":2},{"damage":10,"enemies":"4 Shapes","floor":48,"turns":4},{"damage":57,"enemies":"Awakened One","floor":50,"turns":7},{"damage":22,"enemies":"Shield and Spear","floor":54,"turns":5},{"damage":104,"enemies":"The Heart","floor":55,"turns":5}],"seed_played":"-7016680344586771113","potions_obtained":[{"floor":1,"key":"SpeedPotion"},{"floor":11,"key":"SneckoOil"},{"floor":16,"key":"Strength Potion"},{"floor":18,"key":"Swift Potion"},{"floor":28,"key":"Fire Potion"},{"floor":54,"key":"BlessingOfTheForge"}],"is_trial":false,"path_per_floor":["M","$","M","$","M","R","M","R","T","R","E","$","M","$","R","B",null,"M","?","?","M","?","E","R","E","T","R","E","?","R","$","R","B",null,"M","M","$","?","T","R","E","R","T","M","R","?","M","M","R","B",null,"R","$","E","B",null],"character_chosen":"IRONCLAD","items_purchased":["Membership Card","Self Forming Clay","Gambling Chip","Impervious","Molten Egg 2","Orichalcum","Medical Kit","Feel No Pain","Mummified Hand","DollysMirror","Shrug It Off","Reaper+1","Brimstone"],"campfire_rested":0,"item_purchase_floors":[2,2,2,2,4,4,12,12,31,31,37,53,53],"current_hp_per_floor":[73,73,73,73,75,75,75,75,75,75,75,75,75,75,75,73,75,75,54,46,51,51,25,25,36,36,36,60,60,60,75,75,79,92,104,108,108,108,108,108,112,112,112,112,112,112,112,120,120,82,117,117,128,136,99],"gold":40,"neow_bonus":"UPGRADE_CARD","is_daily":false,"chose_seed":false,"campfire_upgraded":12,"win_rate":0.0,"timestamp":1608130742,"path_taken":["M","?","M","$","?","R","M","R","T","R","E","$","M","$","R","BOSS","M","?","?","M","?","E","R","E","T","R","E","?","R","?","R","BOSS","M","M","$","?","?","R","E","R","T","M","R","?","M","?","R","BOSS","R","$","E","BOSS"],"items_purchased_type":["Relic","Relic","Relic","Card","Relic","Relic","Relic","Card","Relic","Relic","Card","Card","Relic"],"build_version":"2020-12-13","purchased_purges":5,"victory":true,"max_hp_per_floor":[75,75,75,75,75,75,75,75,75,75,75,75,75,75,75,75,75,75,80,80,80,80,84,84,88,88,88,92,92,92,92,92,96,96,104,108,108,108,108,108,112,112,112,112,112,112,112,120,120,128,128,128,128,136,136],"relic_stats":{"counters":[23,97],"Self Forming Clay":[258],"Astrolabe":["Dropkick","Seeing Red","Flex"],"Whetstone":["Searing Blow"],"Orichalcum":[72],"Medical Kit":[10],"Burning Blood":98,"Mercury Hourglass":[340],"Mummified Hand":[78],"Gambling Chip":[69],"Snecko Eye":[155,164,158,150],"MealTicket":26,"Tiny Chest":1,"Art of War":[0],"Champion Belt":[36],"obtain_stats":[{"Lantern":25,"Self Forming Clay":2,"Astrolabe":34,"Whetstone":43,"Orichalcum":4,"Medical Kit":12,"Burning Blood":0,"Mercury Hourglass":11,"Mummified Hand":31,"DollysMirror":31,"Brimstone":53,"Gambling Chip":2,"Snecko Eye":17,"Molten Egg 2":4,"MealTicket":26,"Tiny Chest":28,"Red Mask":20,"Art of War":39,"Membership Card":2,"Champion Belt":23,"Red Skull":41,"Toy Ornithopter":54},{"Lantern":12,"Self Forming Clay":1,"Astrolabe":14,"Whetstone":17,"Orichalcum":2,"Medical Kit":5,"Burning Blood":0,"Mercury Hourglass":5,"Mummified Hand":13,"DollysMirror":13,"Brimstone":21,"Gambling Chip":1,"Snecko Eye":7,"Molten Egg 2":2,"MealTicket":12,"Tiny Chest":13,"Red Mask":9,"Art of War":16,"Membership Card":1,"Champion Belt":11,"Red Skull":17,"Toy Ornithopter":22},{"Lantern":45,"Self Forming Clay":3,"Astrolabe":58,"Whetstone":69,"Orichalcum":6,"Medical Kit":16,"Burning Blood":0,"Mercury Hourglass":16,"Mummified Hand":49,"DollysMirror":49,"Brimstone":87,"Gambling Chip":3,"Snecko Eye":25,"Molten Egg 2":6,"MealTicket":45,"Tiny Chest":49,"Red Mask":31,"Art of War":65,"Membership Card":3,"Champion Belt":40,"Red Skull":69,"Toy Ornithopter":92}],"Toy Ornithopter":1},"card_choices":[{"not_picked":["Rupture","Ghostly Armor"],"picked":"Searing Blow","floor":1},{"not_picked":["Searing Blow","Warcry"],"picked":"Shockwave","floor":3},{"not_picked":["Pummel+1","Sentinel"],"picked":"Combust","floor":5},{"not_picked":["Ghostly Armor","Warcry"],"picked":"Anger+1","floor":7},{"not_picked":["Body Slam+1","Warcry"],"picked":"Reaper+1","floor":11},{"not_picked":["Havoc","Perfected Strike+1"],"picked":"Pommel Strike+1","floor":13},{"not_picked":["Bludgeon+1","Brutality"],"picked":"Feed+1","floor":16},{"not_picked":["Sever Soul+1","Thunderclap+1"],"picked":"Headbutt+1","floor":18},{"not_picked":["Blood for Blood+1","Infernal Blade"],"picked":"Barricade","floor":21},{"not_picked":["Perfected Strike+1","Thunderclap+1"],"picked":"Clothesline+1","floor":23},{"not_picked":["Clothesline+1","Headbutt+1"],"picked":"Fiend Fire+1","floor":25},{"not_picked":["Sword Boomerang+1","Whirlwind+1","Intimidate+1"],"picked":"SKIP","floor":28},{"not_picked":["Limit Break","Bludgeon+1"],"picked":"Demon Form","floor":33},{"not_picked":["Thunderclap+1","Iron Wave+1","Searing Blow+1"],"picked":"SKIP","floor":35},{"not_picked":["Metallicize","Clothesline+1","Whirlwind+1"],"picked":"SKIP","floor":36},{"not_picked":["Flex","Wild Strike+1","Immolate+1"],"picked":"SKIP","floor":41},{"not_picked":["Anger+1","Clash+1","Headbutt+1"],"picked":"SKIP","floor":44},{"not_picked":["Twin Strike+1","Pommel Strike+1"],"picked":"Dark Embrace","floor":47},{"not_picked":["Pommel Strike+1","Rampage+1","Battle Trance"],"picked":"SKIP","floor":48},{"not_picked":["Seeing Red","Armaments"],"picked":"Shrug It Off","floor":54}],"player_experience":665720,"relics_obtained":[{"floor":11,"key":"Mercury Hourglass"},{"floor":20,"key":"Red Mask"},{"floor":23,"key":"Champion Belt"},{"floor":25,"key":"Lantern"},{"floor":26,"key":"MealTicket"},{"floor":28,"key":"Tiny Chest"},{"floor":39,"key":"Art of War"},{"floor":41,"key":"Red Skull"},{"floor":43,"key":"Whetstone"},{"floor":54,"key":"Toy Ornithopter"}],"event_choices":[{"damage_healed":0,"gold_gain":0,"player_choice":"Shed Blood","damage_taken":26,"max_hp_gain":5,"max_hp_loss":0,"event_name":"Forgotten Altar","floor":19,"gold_loss":0},{"damage_healed":0,"gold_gain":0,"player_choice":"Fought Bandits","damage_taken":0,"max_hp_gain":0,"max_hp_loss":0,"event_name":"Masked Bandits","floor":20,"gold_loss":0},{"damage_healed":0,"gold_gain":0,"player_choice":"Ignored","damage_taken":0,"max_hp_gain":0,"max_hp_loss":0,"event_name":"Vampires","floor":22,"gold_loss":0},{"damage_healed":0,"gold_gain":0,"cards_transformed":["Anger","Strike_R"],"player_choice":"Became Test Subject","damage_taken":0,"max_hp_gain":0,"max_hp_loss":0,"event_name":"Drug Dealer","floor":29,"gold_loss":0,"cards_obtained":["Sword Boomerang","Shrug It Off"]},{"damage_healed":0,"gold_gain":0,"player_choice":"Forge","damage_taken":0,"max_hp_gain":0,"max_hp_loss":0,"event_name":"Accursed Blacksmith","floor":38,"gold_loss":0,"cards_upgraded":["Searing Blow"]},{"damage_healed":0,"gold_gain":0,"cards_transformed":["Seeing Red"],"player_choice":"Transformed","damage_taken":0,"max_hp_gain":0,"max_hp_loss":0,"event_name":"Transmorgrifier","floor":46,"gold_loss":0,"cards_obtained":["Fire Breathing"]}],"is_beta":false,"boss_relics":[{"not_picked":["Busted Crown","Calling Bell"],"picked":"Snecko Eye"},{"not_picked":["Runic Cube","Runic Pyramid"],"picked":"Astrolabe"}],"items_purged_floors":[2,4,12,14,37],"is_endless":false,"potions_floor_spawned":[1,11,16,18,25,28,44,47,54],"ascension_level":15}}