{"host":"ndqkyrxelzss439h","time":1608144587,"event":{"mods":["2.2 Compatiblity","Act Like it!","BaseMod","Better Third Choice","Colored Map","Colored Powertips","Gensokyo","Highlight Path","Infinite Spire","Koishi","Minty Spire (QoL Compilation)","Permanent Neow","Quick Restart","Replay The Spire","StSLib","The Administrix","???????????mod"],"gold_per_floor":[113,128,128,128,145,145,156,171,220,236,236,269,269,280,280,376,376,387,267,52,302,314,343,362,375,375,375,375],"floor_reached":27,"playtime":3368,"items_purged":[],"score":237,"play_id":"1081bc37-5c55-4231-814c-8741edf58011","local_time":"20201216134946","is_ascension_mode":false,"campfire_choices":[{"data":"AdministrixMod:NoblePath","floor":6,"key":"SMITH"},{"floor":11,"key":"REST"},{"floor":13,"key":"REST"},{"floor":15,"key":"RECALL"}],"circlet_count":0,"master_deck":["AdministrixMod:Strike_Administrix","AdministrixMod:Strike_Administrix","AdministrixMod:Strike_Administrix","AdministrixMod:Strike_Administrix","AdministrixMod:RedCloak","AdministrixMod:Defend_Administrix","AdministrixMod:Defend_Administrix","AdministrixMod:Defend_Administrix","AdministrixMod:Defend_Administrix","AdministrixMod:BlueCloak","AdministrixMod:NoblePath+1","AdministrixMod:FeastOfDew","AdministrixMod:Transition","AdministrixMod:ShadowPlay","AdministrixMod:FuneraryRites","AdministrixMod:SealAway","AdministrixMod:Convergence","AdministrixMod:XianArts","AdministrixMod:TouchOfCinnabar","AdministrixMod:TouchOfCinnabar","AdministrixMod:HaveItAll","AdministrixMod:HiddenPower","AdministrixMod:XianArts","AdministrixMod:GuanyinBlessing","AdministrixMod:LightOfYourLife+1"],"relics":["AdministrixMod:ConductorRitualBaton","Orichalcum","Pet Ghost","Mercury Hourglass","Sozu","Gensokyo:MaskOfHope","ClockworkSouvenir","Juzu Bracelet"],"acts_visited":["Gensokyo:Gensokyo","Gensokyo:Gensokyoer"],"potions_floor_usage":[8,12,16,16,18],"damage_taken":[{"damage":3,"enemies":"Gensokyo:Python","floor":1,"turns":3},{"damage":0,"enemies":"Gensokyo:2_Kodama","floor":2,"turns":3},{"damage":0,"enemies":"Gensokyo:Gryphon","floor":5,"turns":3},{"damage":2,"enemies":"Gensokyo:VengefulSpirit","floor":7,"turns":5},{"damage":20,"enemies":"Gensokyo:LivingMonolith","floor":8,"turns":4},{"damage":10,"enemies":"Gensokyo:CorruptedTreant","floor":10,"turns":5},{"damage":25,"enemies":"Gensokyo:Cirno","floor":12,"turns":6},{"damage":0,"enemies":"Gensokyo:5_Fairies","floor":14,"turns":3},{"damage":34,"enemies":"Gensokyo:Yukari","floor":16,"turns":14},{"damage":10,"enemies":"Gensokyo:AngelMirror","floor":18,"turns":5},{"damage":1,"enemies":"Gensokyo:Chomper","floor":22,"turns":4},{"damage":14,"enemies":"Gensokyo:Reisen","floor":23,"turns":7},{"damage":5,"enemies":"Gensokyo:3_Gloops","floor":24,"turns":4},{"damage":24,"enemies":"Gensokyo:Wraith","floor":25,"turns":6},{"damage":12,"enemies":"Gensokyo:Slime_Group","floor":27,"turns":1}],"seed_played":"-2921748089221757553","potions_obtained":[{"floor":1,"key":"ColorlessPotion"},{"floor":7,"key":"CultistPotion"},{"floor":8,"key":"Fire Potion"},{"floor":14,"key":"FearPotion"},{"floor":16,"key":"DistilledChaos"}],"is_trial":false,"path_per_floor":["M","M","?","?","M","R","M","M","T","M","R","E","R","M","R_BF","B",null,"M","?","$","?","M","E","M","M","T","M"],"character_chosen":"TheAdministrix","items_purchased":["ClockworkSouvenir","AdministrixMod:HiddenPower"],"campfire_rested":2,"item_purchase_floors":[20,20],"current_hp_per_floor":[62,62,62,62,62,62,60,40,40,30,49,24,43,43,43,9,65,55,55,55,55,54,40,35,11,11,0,0],"gold":375,"neow_bonus":"RANDOM_COMMON_RELIC","is_daily":false,"chose_seed":false,"campfire_upgraded":1,"win_rate":0.0,"timestamp":1608144586,"path_taken":["M","M","?","?","M","R","M","?","T","M","R","E","R","M","R_BF","BOSS","M","?","?","?","?","E","M","M","T","M"],"items_purchased_type":["Relic","Card"],"build_version":"2020-12-13","purchased_purges":0,"victory":false,"max_hp_per_floor":[65,65,65,65,65,65,65,65,65,65,65,65,65,65,65,65,65,65,65,65,62,62,62,62,62,62,62,62],"card_choices":[{"not_picked":["AdministrixMod:CrackingPangu","AdministrixMod:DiversionaryTactic"],"picked":"AdministrixMod:NoblePath","floor":1},{"not_picked":["AdministrixMod:ImmortalGrace","AdministrixMod:DiversionaryTactic"],"picked":"AdministrixMod:FeastOfDew","floor":2},{"not_picked":["AdministrixMod:ImmortalGrace","AdministrixMod:Untouchable"],"picked":"AdministrixMod:Transition","floor":3},{"not_picked":["AdministrixMod:ExtolVirtue","AdministrixMod:DiversionaryTactic"],"picked":"AdministrixMod:ShadowPlay","floor":3},{"not_picked":["AdministrixMod:RebukeDesires","AdministrixMod:QuietConspiracy"],"picked":"AdministrixMod:FuneraryRites","floor":5},{"not_picked":["AdministrixMod:Overdrive","AdministrixMod:ExtolVirtue"],"picked":"AdministrixMod:SealAway","floor":7},{"not_picked":["AdministrixMod:BishamonBlessing","AdministrixMod:SipOfSparks"],"picked":"AdministrixMod:Convergence","floor":8},{"not_picked":["AdministrixMod:CosmosControl","AdministrixMod:SyncreticPlunge"],"picked":"AdministrixMod:XianArts","floor":10},{"not_picked":["AdministrixMod:FuneraryRites","AdministrixMod:SeventeenArticleLaser"],"picked":"AdministrixMod:TouchOfCinnabar","floor":12},{"not_picked":["AdministrixMod:RegentEdict","AdministrixMod:ImmortalGrace"],"picked":"AdministrixMod:TouchOfCinnabar","floor":14},{"not_picked":["AdministrixMod:LifeforceNet","AdministrixMod:FaithfulFlames"],"picked":"AdministrixMod:HaveItAll","floor":16},{"not_picked":["AdministrixMod:ImmortalGrace+1","AdministrixMod:CenturiesAscent","AdministrixMod:TouchOfCinnabar"],"picked":"SKIP","floor":18},{"not_picked":["AdministrixMod:NoblePath+1","AdministrixMod:RegentEdict+1"],"picked":"AdministrixMod:XianArts","floor":22},{"not_picked":["AdministrixMod:UnstableVigor","AdministrixMod:CrackingPangu"],"picked":"AdministrixMod:GuanyinBlessing","floor":23},{"not_picked":["AdministrixMod:Overdrive","AdministrixMod:PassageOfAges"],"picked":"AdministrixMod:LightOfYourLife+1","floor":24},{"not_picked":["AdministrixMod:CenturiesAscent","AdministrixMod:LifeforceNet","AdministrixMod:TrickOfTheLight"],"picked":"SKIP","floor":25}],"player_experience":98854,"relics_obtained":[{"floor":9,"key":"Pet Ghost"},{"floor":12,"key":"Mercury Hourglass"},{"floor":23,"key":"Juzu Bracelet"}],"event_choices":[],"is_beta":false,"boss_relics":[{"not_picked":["ReplayTheSpireMod:DimensionalGlitch","Busted Crown"],"picked":"Sozu"}],"items_purged_floors":[],"is_endless":false,"potions_floor_spawned":[1,7,8,14,16,23],"killed_by":"Gensokyo:Slime_Group","ascension_level":0}}