{"host":"hc8xbdd8p6sd75vx","time":1608092437,"event":{"mods":["AchievementEnabler","AlwaysNeverKeys","BaseMod","Better Altar","Better Match","Better Sensory Stone","Better Skull","Better Third Choice","Colored Map","Hermit","Minty Spire (QoL Compilation)","Quick Restart","Shade Mod","Shop Mod","Spicy Shops","StSLib","The Servant 0.9.4"],"gold_per_floor":[114,134,134,134,134,165,191,203,286,298,324,369,23,49,49,149,149,165,178,9,9,9],"floor_reached":21,"playtime":869,"items_purged":[],"score":259,"play_id":"e6954992-f825-45b0-afd8-960cfbbbcb96","local_time":"20201215202037","is_ascension_mode":true,"campfire_choices":[{"data":"hermit:Misfire","floor":10,"key":"SMITH"},{"data":"hermit:GoldenBullet","floor":15,"key":"SMITH"}],"circlet_count":0,"master_deck":["hermit:Strike_Hermit","hermit:Strike_Hermit","hermit:Strike_Hermit","hermit:Strike_Hermit","hermit:Defend_Hermit","hermit:Defend_Hermit","hermit:Defend_Hermit","hermit:Defend_Hermit","hermit:Snapshot","hermit:Covet","hermit:Quickdraw","hermit:Glare","hermit:Vantage","hermit:Misfire+1","hermit:Headshot","hermit:ItchyTrigger","hermit:Headshot","hermit:PistolWhip","hermit:GoldenBullet+1","hermit:Ricochet","hermit:OverwhelmingPower+1","hermit:Purgatory","hermit:GoldenBullet","hermit:Maintenance","hermit:Combo+1"],"relics":["hermit:Momento","NeowsBlessing","The Courier","hermit:Horseshoe","MerchantsRug","Frozen Egg 2","Black Star","Dead Branch"],"acts_visited":["Exordium","TheCity"],"potions_floor_usage":[12,12,12,16,19],"damage_taken":[{"damage":0,"enemies":"Jaw Worm","floor":1,"turns":1},{"damage":0,"enemies":"Cultist","floor":2,"turns":1},{"damage":0,"enemies":"Lagavulin","floor":6,"turns":1},{"damage":0,"enemies":"2 Louse","floor":7,"turns":2},{"damage":0,"enemies":"Large Slime","floor":11,"turns":5},{"damage":9,"enemies":"3 Sentries","floor":12,"turns":4},{"damage":0,"enemies":"Gremlin Nob","floor":14,"turns":3},{"damage":44,"enemies":"Slime Boss","floor":16,"turns":13},{"damage":56,"enemies":"3 Byrds","floor":18,"turns":4},{"damage":6,"enemies":"Chosen","floor":19,"turns":3},{"damage":30,"enemies":"Centurion and Healer","floor":21,"turns":4}],"seed_played":"8815394959203717782","potions_obtained":[{"floor":1,"key":"AttackPotion"},{"floor":7,"key":"ColorlessPotion"},{"floor":11,"key":"ColorlessPotion"},{"floor":12,"key":"Block Potion"},{"floor":18,"key":"Fire Potion"}],"is_trial":false,"path_per_floor":["M","M","?","$","T","E","M","T","T","R","M","E","$","E","R","B",null,"M","M","$","M"],"character_chosen":"HERMIT","items_purchased":["MerchantsRug","hermit:ItchyTrigger","hermit:Headshot","hermit:PistolWhip","hermit:GoldenBullet","hermit:Ricochet","Dead Branch","hermit:Combo+1"],"campfire_rested":0,"item_purchase_floors":[13,13,13,13,13,13,20,20],"current_hp_per_floor":[75,75,75,75,75,75,75,75,75,75,75,76,76,76,76,32,85,29,23,23,0,0],"gold":9,"neow_bonus":"THREE_ENEMY_KILL","is_daily":false,"chose_seed":false,"campfire_upgraded":2,"win_rate":0.0,"timestamp":1608092437,"path_taken":["M","M","?","$","?","E","?","?","T","R","M","E","?","E","R","BOSS","M","M","$","M"],"items_purchased_type":["Relic","Card","Card","Card","Card","Card","Relic","Card"],"build_version":"2020-12-13","purchased_purges":0,"victory":false,"max_hp_per_floor":[75,75,75,75,75,75,75,75,75,75,75,85,85,85,85,85,85,85,85,85,85,85],"card_choices":[{"not_picked":["hermit:TakeCover","hermit:Roulette"],"picked":"hermit:Quickdraw","floor":1},{"not_picked":["hermit:LowProfile","hermit:Showdown"],"picked":"hermit:Glare","floor":2},{"not_picked":["hermit:Horror","hermit:HoleUp","hermit:FullyLoaded"],"picked":"hermit:Vantage","floor":6},{"not_picked":["hermit:ShadowCloak","hermit:Magnum","hermit:Roulette"],"picked":"hermit:Misfire","floor":7},{"not_picked":["hermit:SprayPray","hermit:LuckOfTheDraw","hermit:LowProfile","hermit:Showdown"],"picked":"SKIP","floor":11},{"not_picked":["hermit:FullyLoaded","hermit:OverwhelmingPower","hermit:Feint"],"picked":"hermit:Headshot","floor":12},{"not_picked":["hermit:Quickdraw","hermit:ItchyTrigger","hermit:PistolWhip"],"picked":"hermit:OverwhelmingPower+1","floor":14},{"not_picked":["hermit:Magnum","hermit:Dissolve","hermit:Reprieve"],"picked":"hermit:Purgatory","floor":16},{"not_picked":["hermit:Enervate","hermit:Glare","hermit:Misfire"],"picked":"hermit:GoldenBullet","floor":18},{"not_picked":["hermit:Dive","hermit:FlashPowder","hermit:TakeCover+1"],"picked":"hermit:Maintenance","floor":19}],"player_experience":216800,"relics_obtained":[{"floor":5,"key":"Question Card"},{"floor":6,"key":"MawBank"},{"floor":8,"key":"The Courier"},{"floor":9,"key":"hermit:Horseshoe"},{"floor":12,"key":"Pear"},{"floor":14,"key":"Frozen Egg 2"}],"event_choices":[{"damage_healed":0,"gold_gain":0,"player_choice":"Bought 0 Potions","damage_taken":0,"max_hp_gain":0,"max_hp_loss":0,"event_name":"The Woman in Blue","floor":3,"gold_loss":0}],"is_beta":false,"boss_relics":[{"not_picked":["Empty Cage","SacredBark"],"picked":"Black Star"}],"items_purged_floors":[],"is_endless":false,"potions_floor_spawned":[1,7,11,12,18],"killed_by":"Centurion and Healer","ascension_level":1}}