{"host":"dth8fvkfiulu86fi","time":1608112415,"event":{"mods":["2.2 Compatiblity","AchievementEnabler","BaseMod","Better Third Choice","Colored Map","Colored Powertips","Minty Spire (QoL Compilation)","Rare Cards Sparkle","StSLib","SuperFastMode","Synergy Search"],"gold_per_floor":[114,114,129,129,144,174,174,204,229,244,244,259,274,24,24,124,124,139,154,169,184,199,199,229,229,229],"floor_reached":25,"playtime":1018,"items_purged":[],"score":337,"play_id":"51f399db-3fb0-43ec-9909-88d381034b04","local_time":"20201216105335","daily_mods":["SealedDeck","ControlledChaos","Terminal"],"is_ascension_mode":false,"campfire_choices":[{"data":"Static Discharge","floor":7,"key":"SMITH"},{"data":"Gash","floor":11,"key":"SMITH"},{"data":"FTL","floor":15,"key":"SMITH"},{"data":"Cold Snap","floor":23,"key":"SMITH"}],"circlet_count":0,"master_deck":["Streamline","Ball Lightning","Aggregate","Gash+1","Conserve Battery","Leap","Go for the Eyes","Beam Cell","Cold Snap+1","Conserve Battery","Static Discharge+1","FTL+1","Beam Cell","Reboot","Beam Cell","Leap","Beam Cell+1"],"relics":["Cracked Core","Frozen Eye","Symbiotic Virus","Kunai","Art of War","Bottled Flame","Philosopher\u0027s Stone","Potion Belt"],"acts_visited":["Exordium","TheCity"],"potions_floor_usage":[6],"damage_taken":[{"damage":0,"enemies":"Jaw Worm","floor":1,"turns":2},{"damage":0,"enemies":"Cultist","floor":3,"turns":2},{"damage":0,"enemies":"2 Louse","floor":5,"turns":1},{"damage":2,"enemies":"Gremlin Nob","floor":6,"turns":3},{"damage":0,"enemies":"3 Sentries","floor":8,"turns":6},{"damage":4,"enemies":"Gremlin Gang","floor":10,"turns":4},{"damage":0,"enemies":"2 Fungi Beasts","floor":12,"turns":2},{"damage":0,"enemies":"3 Louse","floor":13,"turns":2},{"damage":0,"enemies":"Slime Boss","floor":16,"turns":7},{"damage":0,"enemies":"Chosen","floor":18,"turns":3},{"damage":0,"enemies":"Shell Parasite","floor":19,"turns":2},{"damage":0,"enemies":"3 Cultists","floor":20,"turns":3},{"damage":8,"enemies":"Snake Plant","floor":21,"turns":2},{"damage":0,"enemies":"Chosen and Byrds","floor":22,"turns":5},{"damage":15,"enemies":"Slavers","floor":24,"turns":4},{"damage":35,"enemies":"3 Cultists","floor":25,"turns":4}],"seed_played":"4580661739168851385","potions_obtained":[{"floor":3,"key":"PowerPotion"},{"floor":10,"key":"Weak Potion"},{"floor":16,"key":"FocusPotion"},{"floor":18,"key":"SteroidPotion"},{"floor":19,"key":"SteroidPotion"},{"floor":24,"key":"EntropicBrew"}],"is_trial":false,"path_per_floor":["M","?","M","?","M","E","R","E","T","M","R","M","M","$","R","B",null,"M","M","M","M","M","R","E","M"],"character_chosen":"DEFECT","items_purchased":["Bottled Flame"],"campfire_rested":0,"item_purchase_floors":[14],"current_hp_per_floor":[73,72,71,70,69,67,67,66,65,61,61,61,61,60,59,58,57,56,55,54,46,46,46,31,0,0],"gold":229,"neow_bonus":"","is_daily":true,"chose_seed":false,"campfire_upgraded":4,"win_rate":0.0,"timestamp":1608112415,"path_taken":["M","?","?","?","M","E","R","E","T","M","R","M","M","$","R","BOSS","M","M","M","M","?","R","E","M"],"items_purchased_type":["Relic"],"build_version":"2020-12-13","purchased_purges":0,"victory":false,"max_hp_per_floor":[73,72,71,70,69,68,67,66,65,64,63,62,61,60,59,58,57,56,55,54,53,52,51,50,50,50],"card_choices":[{"not_picked":["Hello World","Consume"],"picked":"Cold Snap","floor":1},{"not_picked":["Leap","Ball Lightning"],"picked":"Conserve Battery","floor":3},{"not_picked":["Hologram","Fusion","Steam"],"picked":"SKIP","floor":5},{"not_picked":["Go for the Eyes","Redo"],"picked":"Static Discharge","floor":6},{"not_picked":["Compile Driver","Chaos","Undo"],"picked":"SKIP","floor":8},{"not_picked":["Force Field","Auto Shields","Darkness"],"picked":"SKIP","floor":10},{"not_picked":["Beam Cell","Auto Shields"],"picked":"FTL","floor":12},{"not_picked":["Streamline","Consume"],"picked":"Beam Cell","floor":13},{"not_picked":["Hyperbeam","Rainbow"],"picked":"Reboot","floor":16},{"not_picked":["Hologram","Rebound"],"picked":"Beam Cell","floor":18},{"not_picked":["Steam+1","Thunder Strike"],"picked":"Leap","floor":19},{"not_picked":["Aggregate+1","Force Field+1","Capacitor"],"picked":"SKIP","floor":20},{"not_picked":["White Noise","Double Energy"],"picked":"Beam Cell+1","floor":21},{"not_picked":["Skim","Barrage","Darkness"],"picked":"SKIP","floor":22},{"not_picked":["Sweeping Beam","Seek","Hologram"],"picked":"SKIP","floor":24}],"player_experience":1107926,"relics_obtained":[{"floor":6,"key":"Symbiotic Virus"},{"floor":8,"key":"Kunai"},{"floor":9,"key":"Art of War"},{"floor":24,"key":"Potion Belt"}],"event_choices":[{"cards_removed":["Rebound"],"damage_healed":0,"gold_gain":0,"player_choice":"Card Removal","damage_taken":0,"max_hp_gain":0,"max_hp_loss":0,"event_name":"Wheel of Change","floor":2,"gold_loss":0},{"cards_removed":["Ball Lightning"],"damage_healed":0,"gold_gain":0,"player_choice":"Purged","damage_taken":0,"max_hp_gain":0,"max_hp_loss":0,"event_name":"Purifier","floor":4,"gold_loss":0}],"is_beta":false,"boss_relics":[{"not_picked":["SacredBark","Astrolabe"],"picked":"Philosopher\u0027s Stone"}],"items_purged_floors":[],"is_endless":false,"potions_floor_spawned":[3,10,16,18,19,24],"killed_by":"3 Cultists","ascension_level":0}}