{"host":"tj6tjcyqgbd0xj5u","time":1608087154,"event":{"mods":["Aspiration","BaseMod","Better Match","BetterRewards","Challenge The Spire","Conspire","Defuse TimeMaze Blight","Energized Spire","GifTheSpireLib","Gremlin Mod","Halation","Hubris","Infinite Spire","Minty Spire (QoL Compilation)","Replay The Spire","Reworked Bosses","Robot Space Explorer","Spikes Relics","StSLib","Stuff the Spire","The Gatherer","The Sage","vexMod"],"gold_per_floor":[117,130,130,145,220,246,96,96,96,113,139,94,119,138,138,235,235,255,267,51,51,71,53,70,70,96,131,56,74,74,94,94,193,193,160,160,160,60,74,111,130,130,202,225,325,356,51,80,80,80],"floor_reached":51,"playtime":2098,"items_purged":["Regret","Voices"],"score":1088,"play_id":"a42f1525-bb28-41a6-83c3-82673ddc8b8d","local_time":"20201215225234","is_ascension_mode":true,"campfire_choices":[{"data":"Self Repair","floor":8,"key":"SMITH"},{"floor":15,"key":"REST"},{"floor":25,"key":"REST"},{"data":"hubris:Ukulele","floor":32,"key":"SMITH"},{"floor":42,"key":"REST"},{"floor":49,"key":"REST"}],"circlet_count":0,"master_deck":["Strike_B","Strike_B+1","Strike_B+1","Strike_B","Defend_B","Defend_B","Defend_B","Defend_B","Zap","Dualcast+1","BasicCrystalCard","Self Repair+1","Ball Lightning","Leap","Capacitor","Ball Lightning","Coolheaded","Streamline","Creative AI+1","Ball Lightning+1","hubris:Ukulele+1","Storm+1","hubris:Ukulele","StuffTheSpire:Plugnplay","Sunder+1","Compile Driver","Sweeping Beam","StuffTheSpire:CelestialWarden+1","RefreshScreen+1","StuffTheSpire:Plugnplay+1","Creative AI+1","StuffTheSpire:Plugnplay+1","StuffTheSpire:Synthwave+1","Defragment","Go for the Eyes+1","Cold Snap+1","Skim+1","Ball Lightning+1"],"relics":["Cracked Core","NeowsBlessing","infinitespire:Satchel","Ornamental Fan","infinitespire:Freezer","infinitespire:FocusingShard","Lantern","Gremlin Food","hubris:BlackHole","hubris:Icosahedron","SpikesRelics:ToyHorsey","StuffTheSpire:GrapeVine","aspiration:HiddenCompartment","aspiration:Stellarator","infinitespire:EvilPickle","Ring of Chaos","Ring of Misfortune","Replay:Rubber Ducky","Toxic Egg 2","Guide Book","Nunchaku","hubris:ToyBattleship"],"acts_visited":["Exordium","TheCity","TheBeyond"],"potions_floor_usage":[11,13,16,22,23,27,27,29,33,41,41],"damage_taken":[{"damage":0,"enemies":"Small Slimes","floor":1,"turns":1},{"damage":0,"enemies":"Jaw Worm","floor":2,"turns":1},{"damage":0,"enemies":"Cultist","floor":4,"turns":1},{"damage":41,"enemies":"Lagavulin","floor":6,"turns":6},{"damage":7,"enemies":"Exordium Wildlife","floor":10,"turns":5},{"damage":12,"enemies":"Gremlin Nob","floor":11,"turns":4},{"damage":3,"enemies":"3 Sentries","floor":13,"turns":7},{"damage":9,"enemies":"Looter","floor":14,"turns":3},{"damage":65,"enemies":"Fading Forest","floor":16,"turns":11},{"damage":1,"enemies":"Chosen","floor":18,"turns":3},{"damage":21,"enemies":"Shell Parasite","floor":19,"turns":7},{"damage":0,"enemies":"Cultist and Chosen","floor":22,"turns":4},{"damage":42,"enemies":"Slavers","floor":23,"turns":4},{"damage":14,"enemies":"Snake Plant","floor":24,"turns":2},{"damage":10,"enemies":"Book of Stabbing","floor":27,"turns":3},{"damage":0,"enemies":"Chosen and Byrds","floor":29,"turns":3},{"damage":0,"enemies":"Sentry and Sphere","floor":31,"turns":4},{"damage":1,"enemies":"Pondfish","floor":33,"turns":7},{"damage":11,"enemies":"3 Darklings","floor":35,"turns":3},{"damage":3,"enemies":"3 Shapes","floor":39,"turns":3},{"damage":40,"enemies":"Nemesis","floor":40,"turns":5},{"damage":0,"enemies":"3 Darklings","floor":41,"turns":4},{"damage":8,"enemies":"Spire Growth","floor":44,"turns":3},{"damage":24,"enemies":"Writhing Mass","floor":46,"turns":4},{"damage":33,"enemies":"Giant Head","floor":48,"turns":7},{"damage":32,"enemies":"hubris:GrandSnecko","floor":50,"turns":8}],"seed_played":"6161485549574309665","potions_obtained":[{"floor":10,"key":"DistilledChaos"},{"floor":11,"key":"LifebloodPotion"},{"floor":13,"key":"Milkshake"},{"floor":14,"key":"DuplicationPotion"},{"floor":16,"key":"Adrenaline Potion"},{"floor":22,"key":"PowerPotion"},{"floor":23,"key":"Elixir"},{"floor":27,"key":"Block Potion"},{"floor":29,"key":"LifebloodPotion"},{"floor":39,"key":"AttackPotion"},{"floor":40,"key":"Explosive Potion"},{"floor":48,"key":"SpeedPotion"}],"is_trial":false,"path_per_floor":["M","M","?","M","?","E","$","R","T","M","E","$","E","M","R","B",null,"M","M","$","?","M","E","M","R","T","E","?","M","?","M","R","B",null,"M","?","?","$","M","E","M","R","T","M","?","M","$","E","R","B",null],"character_chosen":"DEFECT","items_purchased":["infinitespire:Freezer","Ball Lightning","Storm+1","hubris:Ukulele","Guide Book","Nunchaku"],"campfire_rested":4,"item_purchase_floors":[7,12,20,20,47,47],"current_hp_per_floor":[75,75,75,75,64,30,30,30,30,33,31,31,38,29,51,20,75,74,63,63,63,73,41,37,59,59,59,59,59,59,69,69,75,75,64,64,64,64,71,41,51,73,73,65,65,51,51,28,50,28],"gold":80,"neow_bonus":"THREE_ENEMY_KILL","is_daily":false,"chose_seed":false,"campfire_upgraded":2,"win_rate":0.0,"timestamp":1608087154,"path_taken":["M","M","?","M","?","E","?","R","T","M","E","$","E","M","R","BOSS","M","M","$","?","M","E","M","R","T","E","?","?","?","M","R","BOSS","M","?","?","$","M","E","M","R","T","M","?","M","$","E","R","BOSS"],"items_purchased_type":["Relic","Card","Card","Card","Relic","Relic"],"build_version":"2020-12-13","purchased_purges":2,"victory":true,"max_hp_per_floor":[75,75,75,75,75,75,75,75,75,75,75,75,75,75,75,75,75,75,75,75,75,75,75,75,75,75,75,75,75,75,75,75,75,75,75,75,75,75,75,75,75,75,75,75,75,75,75,75,75,75],"card_choices":[{"not_picked":["Fusion","Cold Snap"],"picked":"BasicCrystalCard","floor":1},{"not_picked":["Go for the Eyes","Sweeping Beam"],"picked":"Self Repair","floor":2},{"not_picked":["Leap","Hologram"],"picked":"Ball Lightning","floor":4},{"not_picked":["Hello World","Beam Cell","Seek"],"picked":"SKIP","floor":6},{"not_picked":["Panic Button","StuffTheSpire:Plugnplay"],"picked":"Leap","floor":10},{"not_picked":["Beam Cell","Gash"],"picked":"Capacitor","floor":11},{"not_picked":["Gash","Steam"],"picked":"Coolheaded","floor":13},{"not_picked":["Lockon","Rip and Tear"],"picked":"Streamline","floor":14},{"not_picked":["StuffTheSpire:Purify","hubris:Prefetch"],"picked":"Creative AI","floor":16},{"not_picked":["StuffTheSpire:Plugnplay","Skim"],"picked":"Ball Lightning+1","floor":18},{"not_picked":["Double Energy+1","Sweeping Beam+1"],"picked":"hubris:Ukulele","floor":19},{"not_picked":["Compile Driver+1","Conserve Battery"],"picked":"StuffTheSpire:Plugnplay","floor":22},{"not_picked":["hubris:DoWhile","Hello World"],"picked":"Sunder+1","floor":23},{"not_picked":["StuffTheSpire:LoadUp","Conserve Battery+1"],"picked":"Compile Driver","floor":24},{"not_picked":["hubris:PowerSurge","Biased Cognition"],"picked":"Sweeping Beam","floor":27},{"not_picked":["Redo","Static Discharge+1"],"picked":"RefreshScreen+1","floor":29},{"not_picked":["Double Energy","Time Bomb+1"],"picked":"StuffTheSpire:Plugnplay+1","floor":31},{"not_picked":["Reboot","Electrodynamics"],"picked":"Creative AI","floor":33},{"not_picked":["Barrage+1","Force Field+1"],"picked":"StuffTheSpire:Plugnplay","floor":35},{"not_picked":["Auto Shields+1","Sweeping Beam+1"],"picked":"StuffTheSpire:Synthwave+1","floor":39},{"not_picked":["Turbo+1","Beam Cell"],"picked":"Defragment","floor":40},{"not_picked":["Turbo+1","StuffTheSpire:GlassShard"],"picked":"Go for the Eyes+1","floor":41},{"not_picked":["StuffTheSpire:CleanHardDrive+1","Hyperbeam"],"picked":"Cold Snap+1","floor":44},{"not_picked":["Reprogram+1","ReplayTheSpireMod:Calculation Training+1"],"picked":"Skim+1","floor":46},{"not_picked":["Consume+1","Reboot+1"],"picked":"Ball Lightning+1","floor":48}],"player_experience":39724,"relics_obtained":[{"floor":6,"key":"Ornamental Fan"},{"floor":9,"key":"infinitespire:FocusingShard"},{"floor":11,"key":"Lantern"},{"floor":13,"key":"Gremlin Food"},{"floor":23,"key":"SpikesRelics:ToyHorsey"},{"floor":26,"key":"StuffTheSpire:GrapeVine"},{"floor":27,"key":"aspiration:HiddenCompartment"},{"floor":37,"key":"Ring of Chaos"},{"floor":37,"key":"Ring of Misfortune"},{"floor":40,"key":"Replay:Rubber Ducky"},{"floor":43,"key":"Toxic Egg 2"},{"floor":48,"key":"hubris:ToyBattleship"}],"event_choices":[{"damage_healed":0,"gold_gain":0,"player_choice":"Box","damage_taken":0,"relics_obtained":["infinitespire:Satchel"],"max_hp_gain":0,"max_hp_loss":0,"event_name":"Big Fish","floor":3,"gold_loss":0,"cards_obtained":["Regret"]},{"damage_healed":0,"gold_gain":75,"player_choice":"Gather Gold","damage_taken":11,"max_hp_gain":0,"max_hp_loss":0,"event_name":"World of Goop","floor":5,"gold_loss":0},{"damage_healed":0,"gold_gain":0,"player_choice":"Ignored","damage_taken":0,"max_hp_gain":0,"max_hp_loss":0,"event_name":"Ghosts","floor":30,"gold_loss":0},{"damage_healed":0,"gold_gain":100,"player_choice":"Pray","damage_taken":0,"max_hp_gain":0,"max_hp_loss":0,"event_name":"Golden Shrine","floor":45,"gold_loss":0}],"is_beta":false,"boss_relics":[{"not_picked":["conspire:SeveredTorchhead","sagemod:Falmels_Amulet"],"picked":"hubris:BlackHole"},{"not_picked":["Ring of Chaos","Philosopher\u0027s Stone"],"picked":"aspiration:Stellarator"}],"items_purged_floors":[20,38],"is_endless":false,"potions_floor_spawned":[10,11,13,14,16,22,23,27,29,39,40,48],"ascension_level":1}}