{"host":"oc5h2hqz0xgb0igf","time":1608119256,"event":{"mods":["AchievementEnabler","BaseMod","Card Forge","Colored Map","Colored Powertips","Minty Spire (QoL Compilation)","Rare Cards Sparkle","StSLib"],"gold_per_floor":[213,232,246,246,77,77,141,191,216,321,358,413,450,506,506,604,604,642,679,778,475,390,420,420,477,477,504,539,539,539,619,619,745,745,782,823,908,951,996,996,1052,1113,1113,1113,1113,1113,1145,1212,1212,1212,1212,1212,494,546,546],"floor_reached":56,"playtime":2785,"items_purged":[],"score":1942,"play_id":"6f8ab549-4dd7-4b34-9a14-4ed4cef7f0cf","local_time":"20201216034736","is_ascension_mode":true,"campfire_choices":[{"data":"HandOfGreed","floor":6,"key":"SMITH"},{"floor":15,"key":"RECALL"},{"data":"Eviscerate","floor":24,"key":"SMITH"},{"data":"Malaise","floor":32,"key":"SMITH"},{"floor":40,"key":"REST"},{"floor":46,"key":"REST"},{"floor":49,"key":"REST"},{"floor":52,"key":"REST"}],"circlet_count":0,"master_deck":["Reflex+1","Tactician+1","Calculated Gamble+1","Adrenaline+1","Reflex+1","Tactician+1","Calculated Gamble+1","Choke+1","Reflex+1","Tactician+1","Calculated Gamble+1","Escape Plan+1","Eviscerate+1","Prepared+1","Reflex+1","Escape Plan+1","HandOfGreed+1","Malaise+1"],"relics":["Ring of the Snake","Hammer of Thor","Seething Fire","Anvil of the Gods","Tiny Chest","Omamori","Juzu Bracelet","War Paint","Meat on the Bone","WristBlade","Vajra","Strange Spoon","Kunai","Bottled Lightning","Orichalcum","Tingsha","Ice Cream","Whetstone","Sozu","MealTicket","Unceasing Top","Tough Bandages","Ornamental Fan","PrismaticShard","Boot"],"acts_visited":["Exordium","TheCity","TheBeyond","TheEnding"],"potions_floor_usage":[55],"damage_taken":[{"damage":0,"enemies":"2 Louse","floor":1,"turns":1},{"damage":0,"enemies":"Small Slimes","floor":2,"turns":1},{"damage":0,"enemies":"Cultist","floor":3,"turns":1},{"damage":0,"enemies":"Exordium Thugs","floor":7,"turns":1},{"damage":0,"enemies":"Gremlin Nob","floor":8,"turns":1},{"damage":0,"enemies":"3 Sentries","floor":10,"turns":1},{"damage":0,"enemies":"Blue Slaver","floor":11,"turns":1},{"damage":0,"enemies":"Lagavulin","floor":12,"turns":1},{"damage":0,"enemies":"Looter","floor":13,"turns":1},{"damage":0,"enemies":"Gremlin Nob","floor":14,"turns":1},{"damage":0,"enemies":"The Guardian","floor":16,"turns":1},{"damage":0,"enemies":"Chosen","floor":18,"turns":1},{"damage":0,"enemies":"2 Thieves","floor":19,"turns":1},{"damage":0,"enemies":"Gremlin Leader","floor":23,"turns":1},{"damage":0,"enemies":"Book of Stabbing","floor":25,"turns":1},{"damage":0,"enemies":"Gremlin Leader","floor":27,"turns":1},{"damage":0,"enemies":"Cultist and Chosen","floor":28,"turns":1},{"damage":0,"enemies":"Slavers","floor":31,"turns":1},{"damage":0,"enemies":"Champ","floor":33,"turns":1},{"damage":0,"enemies":"3 Darklings","floor":35,"turns":1},{"damage":0,"enemies":"Orb Walker","floor":36,"turns":1},{"damage":0,"enemies":"4 Shapes","floor":37,"turns":1},{"damage":0,"enemies":"3 Darklings","floor":38,"turns":1},{"damage":0,"enemies":"Writhing Mass","floor":39,"turns":1},{"damage":0,"enemies":"Reptomancer","floor":41,"turns":1},{"damage":0,"enemies":"Sphere and 2 Shapes","floor":42,"turns":1},{"damage":0,"enemies":"Nemesis","floor":47,"turns":1},{"damage":0,"enemies":"Jaw Worm Horde","floor":48,"turns":1},{"damage":0,"enemies":"Donu and Deca","floor":50,"turns":1},{"damage":0,"enemies":"Shield and Spear","floor":54,"turns":1},{"damage":21,"enemies":"The Heart","floor":55,"turns":4}],"seed_played":"-3650564518653122629","potions_obtained":[{"floor":1,"key":"LiquidMemories"},{"floor":7,"key":"DuplicationPotion"},{"floor":11,"key":"PowerPotion"},{"floor":13,"key":"Dexterity Potion"},{"floor":28,"key":"DuplicationPotion"}],"is_trial":false,"path_per_floor":["M","M","M","?","$","R","M","E","T","E","M","E","M","E","R","B",null,"M","M","?","$","?","E","R","E","T","E","M","?","T","E","R","B",null,"M","M","M","M","M","R","E","M","T","?","$","R","E","M","R","B",null,"R","$","E","B",null],"character_chosen":"THE_SILENT","items_purchased":["HandOfGreed","Vajra","Strange Spoon","Tough Bandages","Ornamental Fan","PrismaticShard"],"campfire_rested":4,"item_purchase_floors":[5,21,21,53,53,53],"current_hp_per_floor":[70,70,70,70,70,70,70,70,70,70,70,70,70,70,70,70,70,70,70,70,70,70,70,70,70,70,70,70,70,70,70,70,70,70,70,70,70,70,70,70,70,70,70,70,70,70,70,70,70,70,70,70,70,70,49],"gold":546,"neow_bonus":"HUNDRED_GOLD","is_daily":false,"chose_seed":false,"campfire_upgraded":3,"win_rate":0.0,"timestamp":1608119256,"path_taken":["M","M","M","?","$","R","M","E","T","E","M","E","M","E","R","BOSS","M","M","?","$","?","E","R","E","T","E","M","?","?","E","R","BOSS","M","M","M","M","M","R","E","M","T","?","$","R","E","M","R","BOSS","R","$","E","BOSS"],"items_purchased_type":["Card","Relic","Relic","Relic","Relic","Relic"],"build_version":"2020-12-13","purchased_purges":0,"victory":true,"max_hp_per_floor":[70,70,70,70,70,70,70,70,70,70,70,70,70,70,70,70,70,70,70,70,70,70,70,70,70,70,70,70,70,70,70,70,70,70,70,70,70,70,70,70,70,70,70,70,70,70,70,70,70,70,70,70,70,70,70],"card_choices":[{"not_picked":["Tactician","Dagger Spray","Blade Dance"],"picked":"SKIP","floor":1},{"not_picked":["Deadly Poison","Expertise","Footwork"],"picked":"SKIP","floor":2},{"not_picked":["Bane","Prepared","Backflip"],"picked":"SKIP","floor":3},{"not_picked":["Eviscerate","Backflip","Dagger Throw"],"picked":"SKIP","floor":7},{"not_picked":["Underhanded Strike","Dagger Throw","Blade Dance"],"picked":"SKIP","floor":8},{"not_picked":["Deflect","Cloak And Dagger","Finisher"],"picked":"SKIP","floor":10},{"not_picked":["Endless Agony","Crippling Poison","Eviscerate"],"picked":"SKIP","floor":11},{"not_picked":["Tactician","Backflip","Prepared"],"picked":"SKIP","floor":12},{"not_picked":["Unload","Sucker Punch","Dash"],"picked":"SKIP","floor":13},{"not_picked":["Infinite Blades","Blade Dance","Quick Slash"],"picked":"SKIP","floor":14},{"not_picked":["Calculated Gamble+1","Prepared","Leg Sweep"],"picked":"SKIP","floor":18},{"not_picked":["Dagger Spray","Poisoned Stab","PiercingWail"],"picked":"SKIP","floor":19},{"not_picked":["Deflect+1","Masterful Stab","Dodge and Roll"],"picked":"SKIP","floor":23},{"not_picked":["Quick Slash","Dash","Caltrops"],"picked":"SKIP","floor":25},{"not_picked":["Tactician","Distraction","Masterful Stab"],"picked":"SKIP","floor":27},{"not_picked":["Leg Sweep+1","Blade Dance+1"],"picked":"Malaise","floor":28},{"not_picked":["Heel Hook","Masterful Stab+1","Backstab"],"picked":"SKIP","floor":31},{"not_picked":["Quick Slash","Flying Knee+1","Backflip"],"picked":"SKIP","floor":35},{"not_picked":["Cloak And Dagger","Sucker Punch","Heel Hook"],"picked":"SKIP","floor":36},{"not_picked":["Bane+1","Caltrops","Dagger Throw+1"],"picked":"SKIP","floor":37},{"not_picked":["Outmaneuver","Backflip","Acrobatics"],"picked":"SKIP","floor":38},{"not_picked":["PiercingWail","Prepared","Envenom"],"picked":"SKIP","floor":39},{"not_picked":["Quick Slash+1","PiercingWail","Dagger Throw+1"],"picked":"SKIP","floor":41},{"not_picked":["Quick Slash+1","Eviscerate+1","Cloak And Dagger+1"],"picked":"SKIP","floor":42},{"not_picked":["Blade Dance","Outmaneuver","Acrobatics+1"],"picked":"SKIP","floor":47},{"not_picked":["Well Laid Plans","Noxious Fumes","Dodge and Roll+1"],"picked":"SKIP","floor":48},{"not_picked":["JustLucky+1","Thunderclap+1","Underhanded Strike"],"picked":"SKIP","floor":54}],"player_experience":83360,"relics_obtained":[{"floor":8,"key":"Tiny Chest"},{"floor":9,"key":"Omamori"},{"floor":10,"key":"Juzu Bracelet"},{"floor":12,"key":"War Paint"},{"floor":14,"key":"Meat on the Bone"},{"floor":23,"key":"Bottled Lightning"},{"floor":25,"key":"Orichalcum"},{"floor":26,"key":"Tingsha"},{"floor":27,"key":"Ice Cream"},{"floor":31,"key":"Whetstone"},{"floor":41,"key":"MealTicket"},{"floor":47,"key":"Unceasing Top"},{"floor":54,"key":"Boot"}],"event_choices":[{"damage_healed":0,"gold_gain":0,"player_choice":"Leave","damage_taken":0,"max_hp_gain":0,"max_hp_loss":0,"event_name":"The Cleric","floor":4,"gold_loss":0},{"damage_healed":0,"gold_gain":99,"player_choice":"Stole From Cult","damage_taken":0,"max_hp_gain":0,"max_hp_loss":0,"event_name":"Nest","floor":20,"gold_loss":0},{"damage_healed":0,"gold_gain":0,"player_choice":"Obtained Relic","damage_taken":0,"relics_obtained":["Kunai"],"max_hp_gain":0,"max_hp_loss":0,"event_name":"Addict","floor":22,"gold_loss":85},{"damage_healed":0,"gold_gain":0,"player_choice":"Ignored","damage_taken":0,"max_hp_gain":0,"max_hp_loss":0,"event_name":"Vampires","floor":29,"gold_loss":0},{"cards_removed":["Prepared"],"damage_healed":5,"gold_gain":0,"player_choice":"Offered Common","damage_taken":0,"max_hp_gain":0,"max_hp_loss":0,"event_name":"Bonfire Elementals","floor":44,"gold_loss":0},{"cards_removed":["Prepared"],"damage_healed":5,"gold_gain":0,"player_choice":"Offered Special","damage_taken":0,"max_hp_gain":0,"max_hp_loss":0,"event_name":"Bonfire Elementals","floor":44,"gold_loss":0}],"is_beta":false,"boss_relics":[{"not_picked":["Astrolabe","Coffee Dripper"],"picked":"WristBlade"},{"not_picked":["Velvet Choker","Runic Dome"],"picked":"Sozu"}],"items_purged_floors":[],"is_endless":false,"potions_floor_spawned":[1,7,11,13,28,31,37,47,48,54],"ascension_level":1}}