{"host":"deadgod","time":1608130056,"event":{"mods":["2.2 Compatiblity","BaseMod","Bestiary","Colored Map","GungeonMod","HololiveMod","Minty Spire (QoL Compilation)","Permanent Neow","Relic Filter","Relic Sorter","StSLib","The Alterego","The Dragon Tamer","UnlockEverythingMod","Waifu the Spire","【?物卡牌】REMEMod"],"gold_per_floor":[85,10,10,10,23,23,44,44,121,121,146,207,207,253,253,391,391,434,475,475,575,594,594,594,621,647,647,679,679,725,743,743,871,871,889,904,904,916,956,956,956,956,1007,1023,682,682,801,859,859,940,940,940,256,315,372],"floor_reached":56,"playtime":5597,"items_purged":["Hololive_Strike","Hololive_Defend","Hololive_AWSL"],"score":1640,"play_id":"0bcb46a8-f2da-4fa1-b1d1-a4b9b8d24a83","local_time":"20201216224736","is_ascension_mode":false,"campfire_choices":[{"data":"Hololive_RevenueBasedLive","floor":6.0,"key":"SMITH"},{"data":"Hololive_CallHoushouMarine","floor":8.0,"key":"SMITH"},{"data":"Hololive_CallTokoyamiTowa","floor":10.0,"key":"SMITH"},{"data":"Hololive_CallNakiriAyame","floor":13.0,"key":"SMITH"},{"data":"Hololive_CallAkaiHaato","floor":15.0,"key":"SMITH"},{"data":"Hololive_CallAyundaRisu","floor":24.0,"key":"SMITH"},{"data":"Hololive_WolfAndLamb","floor":29,"key":"SMITH"},{"data":"Hololive_Rebirth","floor":32,"key":"SMITH"},{"data":"Hololive_CallHoshimachiSuisei","floor":40,"key":"SMITH"},{"data":"Hololive_CallShirakamiFubuki","floor":42,"key":"SMITH"},{"floor":49,"key":"RECALL"},{"data":"Hololive_DDD","floor":52,"key":"SMITH"}],"circlet_count":0,"master_deck":["Hololive_Strike+1","Hololive_Defend","Hololive_ManjiGathering","Hololive_CallTokoyamiTowa+1","Hololive_CallAkaiHaato+1","Hololive_CallNatsuiroMatsuri","Hololive_CallHoshimachiSuisei+1","Hololive_CallCivia","Hololive_CallYuzukiChoco","Hololive_CallHoushouMarine+1","Hololive_RevenueBasedLive+1","Hololive_CallSakuraMiko","Hololive_Trident","Hololive_CallNakiriAyame+1","Hololive_WolfAndLamb+1","Hololive_StrengthChampion+2","Hololive_CallAyundaRisu+1","Hololive_CocoNews","Hololive_FlyingPonyTail+1","Hololive_Teleport+1","Hololive_Rebirth+1","Hololive_CallShirakamiFubuki+1","Hololive_Nanodesu","Hololive_CallYogiri+1","Hololive_CallKiryuuCoco+1","Hololive_CallAZKi+1","Hololive_DDD+1","Hololive_Recruit","Hololive_BringToTrial","Mayhem","Hololive_CallManoAloe+1"],"relics":["Hololive_TheStar","REME_ComplimentaryCards","StoneCalendar","DemoMod:GlassGuonStoneRelic","Pantograph","MealTicket","Hololive_Finger","Red Mask","alterego_mod:FleetingLove","Boot","Gremlin Horn","DemoMod:ClearGuonStone","Hololive_ChaosS","Whetstone","REME_ArchaeologicalTools","DemoMod:MeltedRock","War Paint","Happy Flower","Bronze Scales","DemoMod:NanoMachines","DemoMod:Armor"],"acts_visited":["Exordium","TheCity","TheBeyond","TheEnding"],"potions_floor_usage":[55,55,55],"damage_taken":[{"damage":0.0,"enemies":"Cultist","floor":1.0,"turns":3.0},{"damage":0.0,"enemies":"Small Slimes","floor":5.0,"turns":3.0},{"damage":0.0,"enemies":"Jaw Worm","floor":7.0,"turns":3.0},{"damage":0.0,"enemies":"3 Louse","floor":11.0,"turns":3.0},{"damage":0.0,"enemies":"3 Sentries","floor":12.0,"turns":6.0},{"damage":0.0,"enemies":"Lots of Slimes","floor":14.0,"turns":4.0},{"damage":0.0,"enemies":"Slime Boss","floor":16.0,"turns":6.0},{"damage":0.0,"enemies":"2 Thieves","floor":18.0,"turns":4.0},{"damage":0.0,"enemies":"Masked Bandits","floor":19.0,"turns":4.0},{"damage":0.0,"enemies":"Chosen","floor":22.0,"turns":3.0},{"damage":0.0,"enemies":"Snecko","floor":25.0,"turns":4.0},{"damage":0.0,"enemies":"Book of Stabbing","floor":28.0,"turns":5.0},{"damage":0,"enemies":"REME_1_Revenger","floor":30,"turns":4},{"damage":0,"enemies":"Snake Plant","floor":31,"turns":3},{"damage":0,"enemies":"Collector","floor":33,"turns":7},{"damage":0,"enemies":"Orb Walker","floor":35,"turns":3},{"damage":0,"enemies":"3 Shapes","floor":36,"turns":2},{"damage":0,"enemies":"Writhing Mass","floor":38,"turns":3},{"damage":0,"enemies":"Maw","floor":39,"turns":4},{"damage":0,"enemies":"Jaw Worm Horde","floor":44,"turns":4},{"damage":0,"enemies":"Nemesis","floor":47,"turns":4},{"damage":0,"enemies":"Spire Growth","floor":48,"turns":3},{"damage":0,"enemies":"Time Eater","floor":50,"turns":8},{"damage":0,"enemies":"Shield and Spear","floor":54,"turns":6},{"damage":0,"enemies":"The Heart","floor":55,"turns":8}],"seed_played":"9026280623133941921","potions_obtained":[{"floor":11.0,"key":"PowerPotion"},{"floor":14.0,"key":"Explosive Potion"},{"floor":16.0,"key":"BlessingOfTheForge"},{"floor":18.0,"key":"DuplicationPotion"},{"floor":47,"key":"PowerPotion"}],"is_trial":false,"path_per_floor":["M","$","T","$","M","R","M","R","T","R","M","E","R","M","R","B",null,"M","?","?","?","M","T","R","M","T","?","E","R","E","M","R","B",null,"M","M","?","M","M","R","?","R","T","M","$","T","E","M","R","B",null,"R","$","E","B",null],"character_chosen":"Hololive_HololiveCharacter","items_purchased":["REME_ArchaeologicalTools","Happy Flower","Bronze Scales","Hololive_BringToTrial","Mayhem"],"campfire_rested":0,"item_purchase_floors":[45,53,53,53,53],"current_hp_per_floor":[33,33,33,33,34,34,35,35,35,35,36,37,37,38,38,39,39,40,41,41,41,42,42,42,43,43,37,38,38,39,40,40,52,52,53,54,54,55,56,56,56,56,56,57,57,57,58,59,59,60,60,60,60,60,60],"gold":372,"neow_bonus":"THREE_RARE_CARDS","is_daily":false,"chose_seed":false,"campfire_upgraded":11,"win_rate":0.0,"timestamp":1608130056,"path_taken":["M","$","?","?","M","R","M","R","T","R","M","E","R","?","R","BOSS","M","?","?","?","?","?","R","?","T","?","E","R","E","M","R","BOSS","M","M","?","M","?","R","?","R","T","?","$","?","E","M","R","BOSS","R","$","E","BOSS"],"items_purchased_type":["Relic","Relic","Relic","Card","Card"],"build_version":"2020-11-17","purchased_purges":3,"victory":true,"max_hp_per_floor":[33,33,33,33,34,34,35,35,35,35,36,37,37,38,38,39,39,40,41,41,41,42,42,42,43,43,48,49,49,50,51,51,52,52,53,54,54,55,56,56,56,56,56,57,57,57,58,59,59,60,60,60,60,60,60],"card_choices":[{"not_picked":["Hololive_BeCareful","Hololive_HighAtkLowDef"],"picked":"Hololive_AWSL","floor":0.0},{"not_picked":["Hololive_ILoveYou","Hololive_Psychosis","Hololive_Sequa"],"picked":"Hololive_CallHoushouMarine","floor":1.0},{"not_picked":["Hololive_CallOkamiMio","Hololive_Drill","Hololive_CallShishiroBotan"],"picked":"Hololive_RevenueBasedLive","floor":5.0},{"not_picked":["Hololive_Drill","Hololive_Sequa","Hololive_Teleport"],"picked":"Hololive_CallSakuraMiko","floor":7.0},{"not_picked":["Hololive_HuntDinosaur","Hololive_SoulCatcher","Hololive_StrengthChampion"],"picked":"Hololive_Trident","floor":11.0},{"not_picked":["Hololive_FlyingPonyTail","Hololive_CandyCastle","Hololive_Sequa"],"picked":"Hololive_CallNakiriAyame","floor":12.0},{"not_picked":["Hololive_HuntDinosaur","Hololive_CallNatsuiroMatsuri","Hololive_CocoNews","Hololive_Sequa"],"picked":"SKIP","floor":14.0},{"not_picked":["Hololive_ASMR","Hololive_IdolExercise","Hololive_Nanodesu"],"picked":"Hololive_WolfAndLamb","floor":16.0},{"not_picked":["Hololive_FlyingPonyTail","Hololive_CallOzoraSubaru","Hololive_Psychosis"],"picked":"Hololive_StrengthChampion+1","floor":18.0},{"not_picked":["Hololive_Breathe","Hololive_OvertimeWork","Hololive_CallYuzukiChoco+1"],"picked":"Hololive_CallAyundaRisu","floor":19.0},{"not_picked":["Hololive_CallNakiriAyame","Hololive_CallMinatoAqua","Hololive_Breathe"],"picked":"Hololive_CocoNews","floor":22.0},{"not_picked":["Hololive_StrengthChampion","Hololive_Breathe","Hololive_CallNakiriAyame"],"picked":"Hololive_FlyingPonyTail","floor":25.0},{"not_picked":["Hololive_FlyingPonyTail","Hololive_CallAkiRosenthal","Hololive_StrengthChampion"],"picked":"Hololive_Teleport","floor":28},{"not_picked":["Hololive_RevenueBasedLive","Hololive_StrengthChampion","Hololive_Breathe"],"picked":"Hololive_Rebirth","floor":30},{"not_picked":["Hololive_Sequa+1","Hololive_RevenueBasedLive","Hololive_CallYuzukiChoco+1"],"picked":"Hololive_CallShirakamiFubuki","floor":31},{"not_picked":["Hololive_ASMR","Hololive_StarCraft","Hololive_DiamondStrike"],"picked":"Hololive_Nanodesu","floor":33},{"not_picked":["Hololive_HuntDinosaur+1","Hololive_Rebound","Hololive_CallUsadaPekora+1","Hololive_Teleport+1"],"picked":"SKIP","floor":35},{"not_picked":["Hololive_Trident","Hololive_StrengthChampion","Hololive_RevenueBasedLive"],"picked":"Hololive_CallYogiri+1","floor":36},{"not_picked":["Hololive_LuckPotion+1","Hololive_Rebound+1","Hololive_RevenueBasedLive","Hololive_HuntDinosaur"],"picked":"SKIP","floor":38},{"not_picked":["Hololive_SummonFox+1","Hololive_CallAiraniIofifteen","Hololive_OvertimeWork+1"],"picked":"Hololive_CallKiryuuCoco+1","floor":39},{"not_picked":["Hololive_Rebound+1","Hololive_StrengthChampion+1","Hololive_RevenueBasedLive+1"],"picked":"Hololive_CallAZKi+1","floor":44},{"not_picked":["Hololive_HuntDinosaur+1","Hololive_BeCareful","Hololive_CallYuzukiChoco"],"picked":"Hololive_DDD","floor":47},{"not_picked":["Hololive_CallArtia","Hololive_CallUsadaPekora","Hololive_CocoNews"],"picked":"Hololive_Recruit","floor":48},{"not_picked":["Hololive_HuntDinosaur+1","Hololive_CallArtia","Hololive_DiamondStrike"],"picked":"Hololive_CallManoAloe+1","floor":54}],"player_experience":12717,"relics_obtained":[{"floor":3.0,"key":"StoneCalendar"},{"floor":9.0,"key":"Pantograph"},{"floor":12.0,"key":"MealTicket"},{"floor":19.0,"key":"Red Mask"},{"floor":26.0,"key":"Boot"},{"floor":28,"key":"Gremlin Horn"},{"floor":30,"key":"DemoMod:ClearGuonStone"},{"floor":43,"key":"Whetstone"},{"floor":46,"key":"DemoMod:MeltedRock"},{"floor":47,"key":"War Paint"},{"floor":54,"key":"DemoMod:NanoMachines"}],"event_choices":[{"damage_healed":0.0,"max_hp_gain":0.0,"max_hp_loss":0.0,"gold_gain":0.0,"event_name":"Masked Bandits","player_choice":"Fought Bandits","floor":19.0,"gold_loss":0.0,"damage_taken":0.0},{"damage_healed":0.0,"max_hp_gain":0.0,"max_hp_loss":0.0,"gold_gain":0.0,"event_name":"?的神圣花?","player_choice":"Choice 1","floor":20.0,"gold_loss":0.0,"damage_taken":0.0,"relics_obtained":["alterego_mod:FleetingLove"]},{"damage_healed":0.0,"max_hp_gain":0.0,"max_hp_loss":0.0,"gold_gain":100.0,"event_name":"Golden Shrine","player_choice":"Pray","floor":21.0,"gold_loss":0.0,"damage_taken":0.0},{"damage_healed":0.0,"max_hp_gain":5.0,"max_hp_loss":0.0,"gold_gain":0.0,"event_name":"Forgotten Altar","player_choice":"Shed Blood","floor":27.0,"gold_loss":0.0,"damage_taken":11.0},{"damage_healed":0,"gold_gain":0,"player_choice":"0 cards matched","damage_taken":0,"max_hp_gain":0,"max_hp_loss":0,"event_name":"Match and Keep!","floor":37,"gold_loss":0,"cards_obtained":[]},{"damage_healed":0,"gold_gain":0,"player_choice":"Bought 0 Potions","damage_taken":0,"max_hp_gain":0,"max_hp_loss":0,"event_name":"The Woman in Blue","floor":41,"gold_loss":0}],"is_beta":true,"boss_relics":[{"not_picked":["Philosopher\u0027s Stone","REME_DemonsWealth"],"picked":"Hololive_Finger"},{"not_picked":["Velvet Choker","Snecko Eye"],"picked":"Hololive_ChaosS"}],"items_purged_floors":[2,45,53],"is_endless":false,"potions_floor_spawned":[11,14,16,18,30,33,36,38,39,47,54],"ascension_level":0}}