{"host":"2n2g1vowfllvjtvi","time":1608112424,"event":{"mods":["AchievementEnabler","BaseMod","Custom Start","GifTheSpireLib","Keyboard Shortcuts","Minty Spire (QoL Compilation)","Quick Restart","Rare Cards Sparkle","StSLib","SuperFastMode"],"gold_per_floor":[12,12,22,32,32,32,67,88,168,168,194,194,194,51,51,126,126,126,126],"floor_reached":18,"playtime":620,"items_purged":["Strike_G"],"score":282,"play_id":"3b995475-c306-4cb1-aa3b-6f1e91f3bac2","local_time":"20201216185344","is_ascension_mode":true,"campfire_choices":[{"data":"Neutralize","floor":6,"key":"SMITH"},{"floor":10,"key":"REST"},{"data":"Prepared","floor":13,"key":"SMITH"},{"data":"Calculated Gamble","floor":15,"key":"SMITH"}],"circlet_count":0,"master_deck":["AscendersBane","Strike_G+1","Strike_G+1","Defend_G","Defend_G","Defend_G","Defend_G","Survivor","Neutralize+1","Deadly Poison","Flash of Steel","Tools of the Trade","Prepared+1","Adrenaline","Dagger Throw","Calculated Gamble+1","Malaise"],"relics":["Ring of the Snake","Whetstone","Odd Mushroom","Question Card","WingedGreaves","Toy Ornithopter","Empty Cage"],"acts_visited":["Exordium","TheCity"],"potions_floor_usage":[7,11,16],"damage_taken":[{"damage":4.0,"enemies":"Jaw Worm","floor":1.0,"turns":7.0},{"damage":0,"enemies":"Cultist","floor":3,"turns":3},{"damage":0,"enemies":"2 Louse","floor":4,"turns":2},{"damage":17,"enemies":"3 Sentries","floor":7,"turns":8},{"damage":14,"enemies":"The Mushroom Lair","floor":8,"turns":5},{"damage":14,"enemies":"Gremlin Nob","floor":11,"turns":4},{"damage":17,"enemies":"The Guardian","floor":16,"turns":13},{"damage":0,"enemies":"3 Byrds","floor":18,"turns":3}],"seed_played":"-8303191765136019549","potions_obtained":[{"floor":3,"key":"CunningPotion"},{"floor":8,"key":"Swift Potion"},{"floor":11,"key":"SkillPotion"}],"is_trial":false,"path_per_floor":["M","?","M","M","$","R","E","?","T","R","E","?","R","$","R","B",null,"M"],"character_chosen":"THE_SILENT","items_purchased":["Calculated Gamble"],"campfire_rested":1,"item_purchase_floors":[14],"current_hp_per_floor":[55,55,55,55,55,55,38,24,24,43,29,26,26,26,26,14,53,53,53],"gold":126,"neow_bonus":"REMOVE_TWO","is_daily":false,"chose_seed":false,"campfire_upgraded":3,"win_rate":0.0,"timestamp":1608112424,"path_taken":["M","?","M","?","?","R","E","?","T","R","E","?","R","$","R","BOSS","M"],"items_purchased_type":["Card"],"build_version":"2020-12-13","purchased_purges":1,"victory":false,"max_hp_per_floor":[66,66,66,66,66,66,66,66,66,66,66,66,66,66,66,66,66,66,66],"card_choices":[{"not_picked":["Bane","Slice"],"picked":"Deadly Poison","floor":1.0},{"not_picked":["Expertise","Caltrops"],"picked":"Prepared","floor":3},{"not_picked":["Sucker Punch","Slice"],"picked":"Adrenaline","floor":4},{"not_picked":["Heel Hook","Outmaneuver","Deadly Poison"],"picked":"SKIP","floor":7},{"not_picked":["Slice","Sucker Punch","Masterful Stab"],"picked":"Dagger Throw","floor":11},{"not_picked":["Doppelganger","Wraith Form v2","Glass Knife"],"picked":"Malaise","floor":16}],"player_experience":423148,"relics_obtained":[{"floor":7,"key":"Whetstone"},{"floor":8,"key":"Odd Mushroom"},{"floor":9,"key":"Question Card"},{"floor":11,"key":"WingedGreaves"}],"event_choices":[{"damage_healed":0,"gold_gain":0,"player_choice":"3 cards matched","damage_taken":0,"max_hp_gain":0,"max_hp_loss":0,"event_name":"Match and Keep!","floor":2,"gold_loss":0,"cards_obtained":["Flash of Steel","Tools of the Trade","Masterful Stab"]},{"damage_healed":0,"gold_gain":0,"player_choice":"Fought Mushrooms","damage_taken":0,"max_hp_gain":0,"max_hp_loss":0,"event_name":"Mushrooms","floor":8,"gold_loss":0},{"damage_healed":0,"gold_gain":0,"player_choice":"Success","damage_taken":3,"relics_obtained":["Toy Ornithopter"],"max_hp_gain":0,"max_hp_loss":0,"event_name":"Scrap Ooze","floor":12,"gold_loss":0}],"is_beta":false,"boss_relics":[{"not_picked":["SlaversCollar","Snecko Eye"],"picked":"Empty Cage"}],"items_purged_floors":[14],"is_endless":false,"potions_floor_spawned":[3,8,11],"killed_by":"3 Byrds","ascension_level":14}}