{"host":"wonp23fsqqcu31ie","time":1608108163,"event":{"mods":["2.2 Compatiblity","AchievementEnabler","Aspiration","BaseMod","Bestiary","Better Altar","Better Match","Better Sensory Stone","Better Skull","Better Third Choice","BetterRewards","Block Reminder","Colored Map","Colored Powertips","Conspire","DeckTracker","Displayed Cursed Tome","Downfall","Hermit","Highlight Path","Hubris","Minty Spire (QoL Compilation)","Permanent Neow","Quick Restart","Rare Cards Sparkle","Relic Stats","Replay The Spire","Shade Mod","Shop Mod","StSLib","SuperFastMode","The Animator","The Cursed","The Gatherer","The Necromancer","The Runesmith","The Servant 0.9.4"],"gold_per_floor":[112,112,62,74,3,36,36,66,66,83,83,83],"floor_reached":11,"playtime":251,"items_purged":[],"score":85,"play_id":"1072c504-473c-495a-bfaa-45a158823d2f","local_time":"20201216194243","is_ascension_mode":true,"campfire_choices":[{"floor":7,"key":"REST"}],"circlet_count":0,"master_deck":["Runesmith:Strike_RS","Runesmith:Strike_RS","Runesmith:Strike_RS","Runesmith:Strike_RS","Runesmith:Defend_RS","Runesmith:Defend_RS","Runesmith:Defend_RS","Runesmith:Defend_RS","Runesmith:CraftFirestone","Runesmith:Fortify","Runesmith:UnstableHammer","Sadistic Nature","Runesmith:EnergizedChisel","Outmaneuver","Runesmith:WhiteBalance","Runesmith:Overpower","Runesmith:ChiselStab","Runesmith:CraftMagma"],"relics":["Runesmith:BrokenRuby","aspiration:Nostalgia","Replay:M_StaffOfTheSnake","hubris:TinFlute","Dead Branch","conspire:DecoderRing"],"acts_visited":["Exordium"],"potions_floor_usage":[11],"damage_taken":[{"damage":0,"enemies":"conspire:RoseBush","floor":1,"turns":3},{"damage":7,"enemies":"2 Louse","floor":4,"turns":3},{"damage":31,"enemies":"Gremlin Nob","floor":6,"turns":4},{"damage":25,"enemies":"Replay:BlueRogue","floor":8,"turns":5},{"damage":1,"enemies":"Cultist","floor":10,"turns":3},{"damage":27,"enemies":"Lagavulin","floor":11,"turns":3}],"seed_played":"-6982525552417844965","potions_obtained":[{"floor":8,"key":"sneckomod:MuddlingPotion"}],"is_trial":false,"path_per_floor":["M","?","$","M","$","E","R","E","T","M","E"],"character_chosen":"RUNESMITH_CLASS","items_purchased":["Runesmith:EnergizedChisel","Runesmith:WhiteBalance"],"campfire_rested":1,"item_purchase_floors":[3,5],"current_hp_per_floor":[70,70,70,63,63,32,53,28,28,27,0,0],"gold":83,"neow_bonus":"NOSTALGIA","is_daily":false,"chose_seed":false,"campfire_upgraded":0,"win_rate":0.0,"timestamp":1608108163,"path_taken":["M","?","$","M","$","E","R","E","T","M","E"],"items_purchased_type":["Card","Card"],"build_version":"2020-12-13","purchased_purges":0,"victory":false,"max_hp_per_floor":[70,70,70,70,70,70,70,70,70,70,70,70],"relic_stats":{"counters":[19,83],"Dead Branch":[2],"obtain_stats":[{"MerchantsRug":19,"Runesmith:BrokenRuby":0,"Lee\u0027s Waffle":19,"Replay:M_StaffOfTheSnake":0,"aspiration:Nostalgia":0,"Dead Branch":8,"Ring of Chaos":17,"Replay:Mystery Machine":6,"conspire:DecoderRing":9,"Slimebound:AbsorbEndCombat":0,"hubris:TenFootPole":9,"hubris:TinFlute":6,"hubris:Reverence":14},{"MerchantsRug":11,"Runesmith:BrokenRuby":0,"Lee\u0027s Waffle":11,"Replay:M_StaffOfTheSnake":13,"aspiration:Nostalgia":0,"Dead Branch":17,"Ring of Chaos":10,"Replay:Mystery Machine":4,"conspire:DecoderRing":17,"Slimebound:AbsorbEndCombat":0,"hubris:TenFootPole":5,"hubris:TinFlute":16,"hubris:Reverence":9},{"MerchantsRug":52,"Runesmith:BrokenRuby":0,"Lee\u0027s Waffle":52,"Replay:M_StaffOfTheSnake":62,"aspiration:Nostalgia":0,"Dead Branch":77,"Ring of Chaos":45,"Replay:Mystery Machine":13,"conspire:DecoderRing":77,"Slimebound:AbsorbEndCombat":0,"hubris:TenFootPole":16,"hubris:TinFlute":72,"hubris:Reverence":35}]},"card_choices":[{"not_picked":["Nirvana","Dagger Throw"],"picked":"Runesmith:UnstableHammer","floor":1},{"not_picked":["Survey Options","Finesse"],"picked":"Sadistic Nature","floor":2},{"not_picked":["JustLucky","Runesmith:StaticCage"],"picked":"Outmaneuver","floor":4},{"not_picked":["ClearTheMind","EmptyMind"],"picked":"Runesmith:Overpower","floor":6},{"not_picked":["MasterReality","Runesmith:FieryHammer"],"picked":"Runesmith:ChiselStab","floor":8},{"not_picked":["Outmaneuver","Runesmith:ChiselStab"],"picked":"Runesmith:CraftMagma","floor":10}],"player_experience":618913,"relics_obtained":[{"floor":6,"key":"hubris:TinFlute"},{"floor":8,"key":"Dead Branch"},{"floor":9,"key":"conspire:DecoderRing"}],"event_choices":[{"damage_healed":0,"gold_gain":1,"player_choice":"1","damage_taken":0,"max_hp_gain":0,"max_hp_loss":0,"event_name":"betterStone:BetterStone","floor":2,"gold_loss":0}],"is_beta":false,"boss_relics":[],"items_purged_floors":[],"is_endless":false,"potions_floor_spawned":[8],"killed_by":"Lagavulin","ascension_level":1}}