{"host":"kh6fvhxn285ncg0o","time":1608088691,"event":{"mods":["Act Like it!","BaseMod","Colored Map","Friendly Minions","Keyboard Shortcuts","Minty Spire (QoL Compilation)","Quick Restart","Relic Stats","StSLib","SuperFastMode"],"gold_per_floor":[114,131,146,146,166,195,195,195,195],"floor_reached":8,"playtime":205,"items_purged":[],"score":116,"play_id":"47fc1c66-d0d6-42d7-802d-1cde869ab977","local_time":"20201216121811","is_ascension_mode":true,"campfire_choices":[{"floor":7,"key":"REST"}],"circlet_count":0,"master_deck":["AscendersBane","Strike_R","Strike_R","Strike_R","Strike_R","Strike_R+1","Defend_R","Defend_R","Defend_R","Defend_R","Bash+1","Body Slam","Dropkick","Dual Wield","Fire Breathing","Armaments"],"relics":["Burning Blood","Whetstone","Red Skull"],"acts_visited":["Exordium"],"potions_floor_usage":[],"damage_taken":[{"damage":4.0,"enemies":"2 Louse","floor":1.0,"turns":3.0},{"damage":7.0,"enemies":"Jaw Worm","floor":2.0,"turns":3.0},{"damage":15.0,"enemies":"Small Slimes","floor":3.0,"turns":4.0},{"damage":7.0,"enemies":"Looter","floor":5.0,"turns":4.0},{"damage":42.0,"enemies":"Lagavulin","floor":6.0,"turns":9.0},{"damage":55,"enemies":"Gremlin Nob","floor":8,"turns":4}],"seed_played":"-5221028139652814586","potions_obtained":[{"floor":1.0,"key":"Energy Potion"},{"floor":3.0,"key":"PowerPotion"}],"is_trial":false,"path_per_floor":["M","M","M","?","M","E","R","E"],"character_chosen":"IRONCLAD","items_purchased":[],"campfire_rested":1,"item_purchase_floors":[],"current_hp_per_floor":[70,69,60,60,59,23,45,0,0],"gold":195,"neow_bonus":"RANDOM_COMMON_RELIC","is_daily":false,"chose_seed":false,"campfire_upgraded":0,"win_rate":0.0,"timestamp":1608088691,"path_taken":["M","M","M","?","M","E","R","E"],"items_purchased_type":[],"build_version":"2020-12-13","purchased_purges":0,"victory":false,"max_hp_per_floor":[75,75,75,75,75,75,75,75,75],"relic_stats":{"counters":[6,27],"Whetstone":["Strike_R","Bash"],"obtain_stats":[{"Whetstone":0,"Burning Blood":0,"Red Skull":6},{"Whetstone":0,"Burning Blood":0,"Red Skull":5},{"Whetstone":0,"Burning Blood":0,"Red Skull":23}],"Burning Blood":30},"card_choices":[{"not_picked":["Rupture","Dark Embrace"],"picked":"Body Slam","floor":1.0},{"not_picked":["Thunderclap","Combust"],"picked":"Dropkick","floor":2.0},{"not_picked":["Disarm","Pommel Strike"],"picked":"Dual Wield","floor":3.0},{"not_picked":["Entrench","Dark Embrace"],"picked":"Fire Breathing","floor":5.0},{"not_picked":["Iron Wave","Body Slam"],"picked":"Armaments","floor":6.0}],"player_experience":3190704,"relics_obtained":[{"floor":6.0,"key":"Red Skull"}],"event_choices":[{"damage_healed":0.0,"max_hp_gain":0.0,"max_hp_loss":0.0,"gold_gain":0.0,"event_name":"Liars Game","player_choice":"Ignored","floor":4.0,"gold_loss":0.0,"damage_taken":0.0}],"is_beta":false,"boss_relics":[],"items_purged_floors":[],"is_endless":false,"potions_floor_spawned":[1,3,5],"killed_by":"Gremlin Nob","ascension_level":20}}