{"host":"sgwqwgbtco1nn2mb","time":1608116282,"event":{"mods":["Act Like it!","BaseMod","Gensokyo","KinomotoSakuraMod(Ä¾Ö®±¾Ó£)","Marisa£¨ìFÓê¡¡Ä§ÀíÉ³£©","Minty Spire (QoL Compilation)","MostiFishMod","Quick Restart","Remilia£¨ÀÙÃ×ÀòÑÇ£©","Replay The Spire","RumiaBox-Â¶Ã×æ«µÄÉñÃØºÐ×Ó","StSLib","Youmu£¨»êÆÇÑýÃÎ£©","Yuyuko","¡¾¹¦ÄÜMod¡¿»ìãçÖ®»·ÐÞ¸´²¹¶¡"],"gold_per_floor":[362,382,399,409,409,409,442,442,442,517,528,544,555,574,749,870,870,881,897,932,454,474,525,525,537,563,579,579,611,961,986,986,1133,1133,1173,1183,440,440,72,72,168,168,214,237,237,310,410,426,426,494,494,494,0,50,140],"floor_reached":56,"playtime":2201,"items_purged":["Doubt","Voices","ReplayTheSpireMod:Doomed","Strike_RM"],"score":1550,"play_id":"c1dc73d7-33d6-46ca-b2e9-b543dc94c68b","local_time":"20201216185802","is_ascension_mode":false,"campfire_choices":[{"data":"DiffusionOfMisfortune","floor":6,"key":"SMITH"},{"data":"ScarletMeister","floor":8,"key":"SMITH"},{"data":"BloodySeventeenLaser","floor":24,"key":"SMITH"},{"floor":32,"key":"RECALL"},{"data":"MostiFishMod:MusicBox","floor":40,"key":"SMITH"},{"data":"TwelveNightmare","floor":42,"key":"SMITH"},{"data":"DemonKingCradle","floor":45,"key":"SMITH"},{"data":"Amnesia","floor":49,"key":"PURGE"},{"data":"QueenOfMidnight","floor":52,"key":"SMITH"}],"circlet_count":0,"master_deck":["Strike_RM","Strike_RM","Defend_RM","Defend_RM","Defend_RM","Defend_RM","RedMoon","ScarletShoot","DiffusionOfMisfortune+1","ScarletImprint","MastersStateliness","HunterOfTheNight","ScarletMeister+1","FavorOfDestiny","CharismaGuard","ForecastOfChange","BloodyTrap","BloodySeventeenLaser+1","EternalNight","ScarletSymphony","RedNightlessCastle","FitfulNightmare","CurseOfVladTepes","TwelveNightmare","BloodHunter+1","QueenOfMidnight+1","Parasite","DiffusionOfMisfortune+1","DemonKingCradle+1","ScarletMeister","Specialist","MostiFishMod:MusicBox+1","TwelveNightmare+1","MastersStateliness","UnstableMagic+1","TricksterDevil","BlasphemousPunishment+1","MostiFishMod:JungleRules+1","BlasphemousPunishment+1","Delirium"],"relics":["ScarletHat","DaveBox","ArrowTower","Question Card","PreservedInsect","Blue Candle","ImportantClient","BirthdayGift-Icosahedron","GodSword1","Garlic","Mummified Hand","ZombieArmy","GodSword6","GodSword7","Ring of Greed","Ring of Searing","Replay:Bandana","Old Coin","APieceOfRedMist","MagicDraw2","HandDrill","Replay:Wax Seal","Toxic Egg 2","Omamori","Replay:Baseball","SSSystem","Chameleon Ring"],"acts_visited":["Exordium","TheCity","TheBeyond","TheEnding"],"potions_floor_usage":[16,48,50,50,55],"damage_taken":[{"damage":5,"enemies":"Small Slimes","floor":1,"turns":3},{"damage":0,"enemies":"2 Louse","floor":2,"turns":1},{"damage":0,"enemies":"Cultist","floor":3,"turns":3},{"damage":0,"enemies":"Looter","floor":4,"turns":4},{"damage":4,"enemies":"Gremlin Nob","floor":7,"turns":3},{"damage":0,"enemies":"Exordium Wildlife","floor":11,"turns":3},{"damage":9,"enemies":"Exordium Thugs","floor":12,"turns":3},{"damage":0,"enemies":"3 Louse","floor":13,"turns":2},{"damage":0,"enemies":"Blue Slaver","floor":14,"turns":2},{"damage":13,"enemies":"Slime Boss","floor":16,"turns":7},{"damage":0,"enemies":"2 Thieves","floor":18,"turns":2},{"damage":0,"enemies":"3 Byrds","floor":19,"turns":2},{"damage":0,"enemies":"Sentry and Sphere","floor":20,"turns":1},{"damage":0,"enemies":"Snecko","floor":22,"turns":2},{"damage":0,"enemies":"Replay:Snechameleon","floor":23,"turns":2},{"damage":0,"enemies":"Centurion and Healer","floor":25,"turns":2},{"damage":0,"enemies":"Cultist and Chosen","floor":27,"turns":2},{"damage":0,"enemies":"Gremlin Leader","floor":29,"turns":1},{"damage":0,"enemies":"3 Cultists","floor":31,"turns":1},{"damage":0,"enemies":"Automaton","floor":33,"turns":1},{"damage":0,"enemies":"Orb Walker","floor":35,"turns":1},{"damage":0,"enemies":"3 Shapes","floor":36,"turns":1},{"damage":0,"enemies":"R_Hoarder","floor":41,"turns":2},{"damage":0,"enemies":"Spire Growth","floor":44,"turns":1},{"damage":5,"enemies":"Writhing Mass","floor":46,"turns":3},{"damage":0,"enemies":"Jaw Worm Horde","floor":48,"turns":1},{"damage":5,"enemies":"Donu and Deca","floor":50,"turns":2},{"damage":1,"enemies":"Shield and Spear","floor":54,"turns":1},{"damage":58,"enemies":"The Heart","floor":55,"turns":3}],"seed_played":"-6901638535320057922","potions_obtained":[{"floor":7,"key":"Swift Potion"},{"floor":12,"key":"SkillPotion"},{"floor":12,"key":"BlessingOfTheForge"},{"floor":13,"key":"Explosive Potion"},{"floor":16,"key":"SkillPotion"},{"floor":16,"key":"AttackPotion"},{"floor":41,"key":"Toxic Potion"},{"floor":41,"key":"PowerPotion"},{"floor":54,"key":"Swift Potion"}],"is_trial":false,"path_per_floor":["M","M","M","M","?","R","E","R","T","?","M","M","M","M","R","B",null,"M","M","M","$","M","E","R","M","T","M","?","E","?","M","R","B",null,"M","M","$","?","$","R","E","R","T","M","R","M","?","M","R","B",null,"R","$","E","B",null],"character_chosen":"REMILIA","items_purchased":["GodSword1","Garlic","FitfulNightmare","MagicDraw2","ScarletMeister","HandDrill","Specialist","MostiFishMod:MusicBox","Replay:Wax Seal","Toxic Egg 2","TwelveNightmare","Replay:Baseball","MostiFishMod:JungleRules+1","SSSystem"],"campfire_rested":0,"item_purchase_floors":[21,21,21,37,37,37,37,37,39,39,39,53,53,53],"current_hp_per_floor":[65,65,65,65,58,58,57,57,57,46,46,37,37,37,37,34,68,68,68,68,68,68,68,68,68,68,68,68,68,68,68,68,68,68,68,68,68,65,65,65,65,65,65,65,65,65,65,65,65,65,65,65,65,65,65],"gold":140,"neow_bonus":"TWO_FIFTY_GOLD","is_daily":false,"chose_seed":false,"campfire_upgraded":7,"win_rate":0.0,"timestamp":1608116282,"path_taken":["M","M","M","M","?","R","E","R","T","?","M","M","M","M","R","BOSS","M","M","M","$","M","E","R","M","T","M","?","E","?","M","R","BOSS","M","M","$","?","$","R","E","R","T","M","R","M","?","?","R","BOSS","R","$","E","BOSS"],"items_purchased_type":["Relic","Relic","Card","Relic","Card","Relic","Card","Card","Relic","Relic","Card","Relic","Card","Relic"],"build_version":"2020-12-13","purchased_purges":4,"victory":true,"max_hp_per_floor":[68,68,68,68,68,68,68,68,68,68,68,68,68,68,68,68,68,68,68,68,68,68,68,68,68,68,68,68,68,68,68,68,68,68,68,68,68,65,65,65,65,65,65,65,65,65,65,65,65,65,65,65,65,65,65],"card_choices":[{"not_picked":["BlasphemousPunishment","FavorOfDestiny"],"picked":"DiffusionOfMisfortune","floor":1},{"not_picked":["DiffusionOfMisfortune","Stigmanizer","MillenniumVampire"],"picked":"ScarletImprint","floor":2},{"not_picked":["MillenniumVampire","BombardNight","GlobalNightmare"],"picked":"MastersStateliness","floor":3},{"not_picked":["NightLord","EmergencyRegeneration","UltimateOffering"],"picked":"HunterOfTheNight","floor":4},{"not_picked":["ReincarnationDial","ScarletDevil","BloodyMagicSquare"],"picked":"ScarletMeister","floor":7},{"not_picked":["StarOfDavid","BlasphemousPunishment","EndlessAdversity"],"picked":"FavorOfDestiny","floor":11},{"not_picked":["Ultimatum","ScarletDream","StarOfDavid"],"picked":"CharismaGuard","floor":12},{"not_picked":["MastersStateliness","UnstableMagic","DiffusionOfMisfortune"],"picked":"ForecastOfChange","floor":13},{"not_picked":["CharismaGuard","BombardNight","BloodyMagicSquare"],"picked":"BloodyTrap","floor":14},{"not_picked":["HellCatastrophe","ForecastOfChange","TransientEternity"],"picked":"BloodySeventeenLaser","floor":16},{"not_picked":["Stigmanizer+1","RedRainbow+1","FavorOfDestiny"],"picked":"EternalNight","floor":18},{"not_picked":["Maim+1","MastersStateliness","DevilSight+1"],"picked":"ScarletSymphony","floor":19},{"not_picked":["FavorOfDestiny","RedMagic+1","BloodHunter"],"picked":"RedNightlessCastle","floor":20},{"not_picked":["FavorOfDestiny+1","ScarletDevil","ReincarnationDial"],"picked":"CurseOfVladTepes","floor":22},{"not_picked":["Stigmanizer+1","UnderTheZenith","ScarletDevil","DiffusionOfMisfortune"],"picked":"SKIP","floor":23},{"not_picked":["BombardNight","CharismaGuard+1","FavorOfDestiny"],"picked":"TwelveNightmare","floor":25},{"not_picked":["HunterOfTheNight+1","UnstableMagic","BloodyTrap"],"picked":"BloodHunter+1","floor":27},{"not_picked":["ScarletDevil","ScarletImprint","FavorOfDestiny+1"],"picked":"QueenOfMidnight","floor":29},{"not_picked":["EndlessAdversity","ScarletImprint","Ultimatum+1"],"picked":"DiffusionOfMisfortune+1","floor":31},{"not_picked":["KillingBlow","ScarletCoffin","BloodySeventeenLaser"],"picked":"DemonKingCradle","floor":33},{"not_picked":["BombardNight","VampireKiss+1","ReincarnationDial+1","StarOfDavid+1"],"picked":"SKIP","floor":35},{"not_picked":["EndlessAdversity","MillenniumVampire","BloodHunter","HunterOfTheNight"],"picked":"SKIP","floor":36},{"not_picked":["UnderTheZenith+1","ScarletGensokyo+1","ForbiddenFruit+1"],"picked":"MastersStateliness","floor":41},{"not_picked":["DiffusionOfMisfortune","RedRainbow+1","VampireKiss+1"],"picked":"UnstableMagic+1","floor":44},{"not_picked":["NightDance","UnstableMagic+1","RedNightlessCastle"],"picked":"TricksterDevil","floor":46},{"not_picked":["BloodHunter+1","ChainGang","ScarletImprint"],"picked":"BlasphemousPunishment+1","floor":48},{"not_picked":["Stigmanizer+1","HunterOfTheNight+1","UnderTheZenith+1"],"picked":"BlasphemousPunishment+1","floor":54}],"player_experience":481537,"relics_obtained":[{"floor":1,"key":"Question Card"},{"floor":7,"key":"PreservedInsect"},{"floor":9,"key":"Blue Candle"},{"floor":16,"key":"ImportantClient"},{"floor":23,"key":"Mummified Hand"},{"floor":26,"key":"ZombieArmy"},{"floor":29,"key":"GodSword7"},{"floor":30,"key":"Ring of Greed"},{"floor":30,"key":"Ring of Searing"},{"floor":30,"key":"Replay:Bandana"},{"floor":30,"key":"Old Coin"},{"floor":41,"key":"Omamori"},{"floor":54,"key":"Chameleon Ring"}],"event_choices":[{"cards_removed":["Strike_RM"],"damage_healed":0,"gold_gain":0,"player_choice":"Card Removal","damage_taken":7,"max_hp_gain":0,"max_hp_loss":0,"event_name":"Golden Wing","floor":5,"gold_loss":0},{"damage_healed":0,"gold_gain":75,"player_choice":"Gather Gold","damage_taken":11,"max_hp_gain":0,"max_hp_loss":0,"event_name":"World of Goop","floor":10,"gold_loss":0},{"damage_healed":0,"gold_gain":175,"player_choice":"AGREE","damage_taken":0,"max_hp_gain":0,"max_hp_loss":0,"event_name":"Liars Game","floor":15,"gold_loss":0,"cards_obtained":["Doubt"]},{"damage_healed":0,"gold_gain":0,"player_choice":"Max HP","damage_taken":0,"max_hp_gain":0,"max_hp_loss":3,"event_name":"Winding Halls","floor":38,"gold_loss":0},{"damage_healed":0,"gold_gain":100,"player_choice":"Pray","damage_taken":0,"max_hp_gain":0,"max_hp_loss":0,"event_name":"Golden Shrine","floor":47,"gold_loss":0}],"is_beta":false,"boss_relics":[{"not_picked":["Runic Pyramid","FixedStarFall"],"picked":"BirthdayGift-Icosahedron"},{"not_picked":["TakeMeEscape","Replay:Ancient Bell"],"picked":"APieceOfRedMist"}],"items_purged_floors":[21,37,39,53],"is_endless":false,"potions_floor_spawned":[7,12,13,14,16,19,20,25,27,36,41,54],"ascension_level":0}}