{"host":"nn0usk9aafse27ii","time":1608159055,"event":{"mods":["BaseMod","Colored Map","Highlight Path","Minty Spire (QoL Compilation)","Replay The Spire","Shop Mod","StSLib"],"gold_per_floor":[112,72,87,87,100,100,100,100,100,100,9,35,35,48,48,144,144,84,84],"floor_reached":18,"playtime":1261,"items_purged":["Strike_G"],"score":148,"play_id":"31d19559-38c3-4566-963f-49345ab7f32c","local_time":"20201216145055","is_ascension_mode":false,"campfire_choices":[{"floor":6,"key":"REST"},{"data":"Neutralize","floor":10,"key":"SMITH"},{"floor":15,"key":"REST"}],"circlet_count":0,"master_deck":["Strike_G","Defend_G","Defend_G","Defend_G","Defend_G+1","Defend_G","Survivor","Neutralize+1","Leg Sweep","Caltrops","Heel Hook","Replay:Poison Smokescreen+1","Sucker Punch","ReplayTheSpireMod:IOU","Discovery","Well Laid Plans","Acrobatics","Bane","Replay:Bag of Tricks","CurseOfTheBell"],"relics":["Ring of the Snake","War Paint","Replay:Wax Seal","BargainBundle","Calling Bell","Bag of Preparation","Molten Egg 2","Replay:Multitool"],"acts_visited":["Exordium","TheCity"],"potions_floor_usage":[2,5,16,16,16,16,16,18],"damage_taken":[{"damage":2,"enemies":"2 Louse","floor":1,"turns":4},{"damage":0,"enemies":"Cultist","floor":3,"turns":5},{"damage":0,"enemies":"Jaw Worm","floor":5,"turns":2},{"damage":29,"enemies":"Gremlin Gang","floor":14,"turns":5},{"damage":23,"enemies":"Slime Boss","floor":16,"turns":9},{"damage":20,"enemies":"2 Thieves","floor":18,"turns":4}],"seed_played":"-7669273735550005393","potions_obtained":[{"floor":2,"key":"CultistPotion"},{"floor":2,"key":"Fruit Juice"},{"floor":2,"key":"CunningPotion"},{"floor":4,"key":"EntropicBrew"},{"floor":5,"key":"Elixir"},{"floor":14,"key":"Energy Potion"},{"floor":16,"key":"BlessingOfTheForge"}],"is_trial":false,"path_per_floor":["M","?","M","?","M","R","?","?","T","R","$","T","$","M","R","B",null,"M"],"character_chosen":"THE_SILENT","items_purchased":["BargainBundle","Discovery","Well Laid Plans","Acrobatics"],"campfire_rested":2,"item_purchase_floors":[11,11,11,11],"current_hp_per_floor":[47,52,52,52,52,74,67,67,67,67,67,67,67,38,60,37,75,55,55],"gold":84,"neow_bonus":"TRANSFORM_TWO_CARDS","is_daily":false,"chose_seed":false,"campfire_upgraded":1,"win_rate":0.0,"timestamp":1608159055,"path_taken":["M","?","?","?","?","R","?","?","T","R","$","?","?","M","R","BOSS","M"],"items_purchased_type":["Relic","Card","Card","Card"],"build_version":"2020-12-13","purchased_purges":1,"victory":false,"max_hp_per_floor":[70,75,75,75,75,75,75,75,75,75,75,75,75,75,75,75,75,75,75],"card_choices":[{"not_picked":["Blade Dance","Cloak And Dagger"],"picked":"Heel Hook","floor":1},{"not_picked":["Prepared","Hidden Blade"],"picked":"Replay:Poison Smokescreen","floor":3},{"not_picked":["Riddle With Holes","Flying Knee"],"picked":"Sucker Punch","floor":5},{"not_picked":["Choke","Dash"],"picked":"Bane","floor":14},{"not_picked":["Venomology","Unload"],"picked":"Replay:Bag of Tricks","floor":16}],"player_experience":297843,"relics_obtained":[{"floor":9,"key":"Replay:Wax Seal"},{"floor":17,"key":"Bag of Preparation"},{"floor":17,"key":"Molten Egg 2"},{"floor":17,"key":"Replay:Multitool"}],"event_choices":[{"damage_healed":0,"gold_gain":0,"player_choice":"Bought 3 Potions","damage_taken":0,"max_hp_gain":0,"max_hp_loss":0,"event_name":"The Woman in Blue","floor":2,"gold_loss":0},{"damage_healed":0,"gold_gain":0,"player_choice":"Got Potions","damage_taken":0,"max_hp_gain":0,"max_hp_loss":0,"event_name":"Lab","floor":4,"gold_loss":0},{"cards_removed":["Strike_G"],"damage_healed":0,"gold_gain":0,"player_choice":"Card Removal","damage_taken":7,"max_hp_gain":0,"max_hp_loss":0,"event_name":"Golden Wing","floor":7,"gold_loss":0},{"damage_healed":0,"gold_gain":0,"player_choice":"Searched \u00271\u0027 times","damage_taken":0,"relics_obtained":["War Paint"],"max_hp_gain":0,"max_hp_loss":0,"event_name":"Dead Adventurer","floor":8,"gold_loss":0}],"is_beta":false,"boss_relics":[{"not_picked":["Snecko Scales","Painkiller Herb"],"picked":"Calling Bell"}],"items_purged_floors":[11],"is_endless":false,"potions_floor_spawned":[5,14,16],"killed_by":"2 Thieves","ascension_level":0}}