{"host":"kmq7aw60w430zvtx","time":1608131321,"event":{"mods":["BaseMod","Downfall","GifTheSpireLib","Hermit","Hubris","Minty Spire (QoL Compilation)","Replay The Spire","StSLib","The Construct","The Cursed","The Hierophant","The Jungle","The Necromancer","The Runesmith"],"gold_per_floor":[210,210,285,5,23,48,48,48,121,133,158,178,23,40,40,145,145,158,158,176,176,25,25,25],"floor_reached":23,"playtime":1219,"items_purged":["Strike_R"],"score":239,"play_id":"0580fce3-3aa0-4ce1-b0d6-15478d10cb80","local_time":"20201216160841","is_ascension_mode":true,"campfire_choices":[{"floor":7,"key":"RECALL"}],"circlet_count":0,"master_deck":["Strike_R+1","Strike_R","Strike_R","Strike_R","Defend_R","Defend_R","Defend_R","Bash","Disarm","Thunderclap+1","Anger","Shrug It Off","Flame Barrier+1","Seeing Red+1","Shrug It Off+1","Flame Barrier+1","Intimidate+1","Clothesline+1","Replay:Undeath\u0027s Touch+1","Wild Strike","Demonic Infusion+1","Body Slam+1","hubris:ReadiedAction+1"],"relics":["Burning Blood","Oddly Smooth Stone","Toxic Egg 2","Golden Egg","hubris:IronBody","Pet Ghost","Runic Cube","hubris:Towel","Whetstone"],"acts_visited":["Exordium","theJungle:Jungle"],"potions_floor_usage":[6,11,23,23],"damage_taken":[{"damage":16,"enemies":"Jaw Worm","floor":1,"turns":4},{"damage":0,"enemies":"2 Louse","floor":5,"turns":2},{"damage":17,"enemies":"Lagavulin","floor":6,"turns":5},{"damage":0,"enemies":"Small Slimes","floor":10,"turns":4},{"damage":17,"enemies":"3 Sentries","floor":11,"turns":11},{"damage":0,"enemies":"Red Slaver","floor":12,"turns":3},{"damage":2,"enemies":"Looter","floor":14,"turns":3},{"damage":10,"enemies":"Hexaghost","floor":16,"turns":11},{"damage":20,"enemies":"theJungle:5_Spyders","floor":18,"turns":10},{"damage":19,"enemies":"theJungle:MUSHROOMGANG","floor":20,"turns":5},{"damage":60,"enemies":"theJungle:MamaSnecko","floor":23,"turns":5}],"seed_played":"-5221561966029951385","potions_obtained":[{"floor":1,"key":"Adrenaline Potion"},{"floor":6,"key":"Death Potion"},{"floor":12,"key":"Weak Potion"},{"floor":20,"key":"SneckoOil"}],"is_trial":false,"path_per_floor":["M","?","?","$","M","E","R","T","T","M","E","M","$","M","R","B",null,"M","?","M","?","$","E"],"character_chosen":"IRONCLAD","items_purchased":["Oddly Smooth Stone","Anger","Intimidate+1","Clothesline","Clash","Whetstone"],"campfire_rested":0,"item_purchase_floors":[4,4,13,13,13,22],"current_hp_per_floor":[70,70,59,59,65,54,54,54,54,60,49,55,55,59,59,55,80,66,68,55,55,55,0,0],"gold":25,"neow_bonus":"HUNDRED_GOLD","is_daily":false,"chose_seed":false,"campfire_upgraded":0,"win_rate":0.0,"timestamp":1608131321,"path_taken":["M","?","?","$","M","E","R","?","T","M","E","M","?","M","R","BOSS","M","?","M","?","$","E"],"items_purchased_type":["Relic","Card","Card","Card","Card","Relic"],"build_version":"2020-12-13","purchased_purges":1,"victory":false,"max_hp_per_floor":[80,80,80,80,80,80,80,80,80,80,80,80,80,80,80,80,80,80,80,80,80,80,80,80],"card_choices":[{"not_picked":["Warcry","Iron Wave"],"picked":"Disarm","floor":1},{"not_picked":["Clothesline","Twin Strike"],"picked":"Shrug It Off","floor":5},{"not_picked":["Dual Wield+1","Havoc+1"],"picked":"Flame Barrier+1","floor":6},{"not_picked":["Entrench+1","ReplayTheSpireMod:Stacked+1"],"picked":"Seeing Red+1","floor":10},{"not_picked":["Bloodletting+1","Wild Strike"],"picked":"Shrug It Off+1","floor":11},{"not_picked":["Wild Strike","Run Through"],"picked":"Flame Barrier+1","floor":12},{"not_picked":["Second Wind+1","Burning Pact+1"],"picked":"Replay:Undeath\u0027s Touch","floor":14},{"not_picked":["Berserk","Brutality"],"picked":"Demonic Infusion+1","floor":16},{"not_picked":["Pommel Strike","Abandon+1"],"picked":"Body Slam+1","floor":18},{"not_picked":["Pommel Strike","Heavy Blade"],"picked":"hubris:ReadiedAction+1","floor":20}],"player_experience":234547,"relics_obtained":[{"floor":6,"key":"Toxic Egg 2"},{"floor":8,"key":"Golden Egg"},{"floor":9,"key":"hubris:IronBody"},{"floor":11,"key":"Pet Ghost"}],"event_choices":[{"damage_healed":0,"gold_gain":75,"player_choice":"Gather Gold","damage_taken":11,"max_hp_gain":0,"max_hp_loss":0,"event_name":"World of Goop","floor":3,"gold_loss":0}],"is_beta":false,"boss_relics":[{"not_picked":["Runic Dome","Kintsugi"],"picked":"Runic Cube"}],"items_purged_floors":[4],"is_endless":false,"potions_floor_spawned":[1,6,12,20],"killed_by":"theJungle:MamaSnecko","ascension_level":4}}