{"host":"v0dnu0zs4qo0v13s","time":1608147743,"event":{"mods":["BaseMod","Colored Map","Colored Powertips","Minty Spire (QoL Compilation)","Relic Stats","StSLib","SuperFastMode","everything is the same but u backflip on backflip"],"gold_per_floor":[115,40,53,53,72,72,72,86,164,197,222,255,270,289,289,419,419,439,15,15,35,35,35,76,76,76,13,25,51,76,213,225,366,378,410,441,472,498,165,198,198,214,214,214,249,249,50,50,50,50],"floor_reached":51,"playtime":4634,"items_purged":["Defend_P","Strike_P","Strike_P","Strike_P"],"score":1127,"play_id":"5ec6f589-e8aa-40b5-8a76-58977fd15700","local_time":"20201216144223","is_ascension_mode":true,"campfire_choices":[{"floor":6.0,"key":"REST"},{"floor":15.0,"key":"REST"},{"data":"Tantrum","floor":23.0,"key":"SMITH"},{"data":"Ragnarok","floor":25.0,"key":"SMITH"},{"data":"MentalFortress","floor":28.0,"key":"SMITH"},{"data":"Wallop","floor":32.0,"key":"SMITH"},{"data":"MentalFortress","floor":44,"key":"SMITH"},{"data":"Adaptation","floor":46,"key":"SMITH"},{"data":"EmptyFist","floor":49,"key":"SMITH"}],"circlet_count":0,"master_deck":["Eruption","Vigilance","SandsOfTime","Wireheading+1","EmptyMind","Adaptation+1","MentalFortress+1","CarveReality","EmptyFist+1","Prostrate","Ragnarok+1","EmptyBody+1","Tantrum+1","Crescendo+1","FearNoEvil","Wallop+1","SpiritShield+1","Sanctity+1","DeceiveReality+1","MentalFortress+1","Swivel+1","ThirdEye+1"],"relics":["Runic Pyramid","Golden Idol","Mummified Hand","Potion Belt","Anchor","Coffee Dripper","Toxic Egg 2","Nilry\u0027s Codex","Sundial","MawBank","FossilizedHelix","TeardropLocket","Empty Cage","Sling","Bag of Marbles","Bottled Flame","Dream Catcher"],"acts_visited":["Exordium","TheCity","TheBeyond"],"potions_floor_usage":[45,50],"damage_taken":[{"damage":4.0,"enemies":"Small Slimes","floor":1.0,"turns":3.0},{"damage":12.0,"enemies":"2 Louse","floor":3.0,"turns":2.0},{"damage":0.0,"enemies":"Cultist","floor":5.0,"turns":2.0},{"damage":8.0,"enemies":"Blue Slaver","floor":8.0,"turns":4.0},{"damage":22.0,"enemies":"Lagavulin","floor":10.0,"turns":5.0},{"damage":9.0,"enemies":"3 Louse","floor":11.0,"turns":3.0},{"damage":5.0,"enemies":"3 Sentries","floor":12.0,"turns":5.0},{"damage":3.0,"enemies":"Looter","floor":13.0,"turns":2.0},{"damage":0.0,"enemies":"Large Slime","floor":14.0,"turns":5.0},{"damage":19.0,"enemies":"Hexaghost","floor":16.0,"turns":7.0},{"damage":0.0,"enemies":"2 Thieves","floor":18.0,"turns":2.0},{"damage":0.0,"enemies":"Spheric Guardian","floor":21.0,"turns":2.0},{"damage":25.0,"enemies":"Book of Stabbing","floor":24.0,"turns":3.0},{"damage":8.0,"enemies":"Shelled Parasite and Fungi","floor":29.0,"turns":5.0},{"damage":2.0,"enemies":"Sentry and Sphere","floor":30.0,"turns":3.0},{"damage":8.0,"enemies":"Colosseum Slavers","floor":31.0,"turns":3.0},{"damage":4.0,"enemies":"Colosseum Nobs","floor":31.0,"turns":3.0},{"damage":0.0,"enemies":"Collector","floor":33.0,"turns":8.0},{"damage":13.0,"enemies":"3 Darklings","floor":35.0,"turns":4.0},{"damage":12.0,"enemies":"3 Shapes","floor":36.0,"turns":4.0},{"damage":2.0,"enemies":"Sphere and 2 Shapes","floor":37.0,"turns":5.0},{"damage":0.0,"enemies":"Jaw Worm Horde","floor":38.0,"turns":4.0},{"damage":0.0,"enemies":"Giant Head","floor":40.0,"turns":8.0},{"damage":0,"enemies":"Writhing Mass","floor":42,"turns":5},{"damage":0,"enemies":"Reptomancer","floor":45,"turns":2},{"damage":18,"enemies":"Time Eater","floor":50,"turns":10}],"seed_played":"7332417239932887564","potions_obtained":[{"floor":1.0,"key":"EntropicBrew"},{"floor":8.0,"key":"Energy Potion"},{"floor":10.0,"key":"PowerPotion"},{"floor":13.0,"key":"ColorlessPotion"},{"floor":16.0,"key":"SteroidPotion"},{"floor":30.0,"key":"Regen Potion"},{"floor":35.0,"key":"SmokeBomb"},{"floor":36.0,"key":"LiquidMemories"},{"floor":37.0,"key":"SpeedPotion"}],"is_trial":false,"path_per_floor":["M","$","M","?","M","R","?","M","T","E","M","E","M","M","R","B",null,"M","$","?","M","?","R","E","R","T","?","R","M","M","?","R","B",null,"M","M","M","M","$","E","?","M","T","R","E","R","$","?","R","B",null],"character_chosen":"WATCHER","items_purchased":["Toxic Egg 2","Tantrum","Sling","GamblersBrew","Swift Potion"],"campfire_rested":2,"item_purchase_floors":[19,19,39,39,47],"current_hp_per_floor":[61,61,49,49,49,67,67,59,59,37,28,23,20,20,40,21,56,56,56,40,40,40,40,24,24,24,24,24,16,14,11,11,11,53,40,28,26,26,26,26,26,26,26,26,26,26,26,59,59,41],"gold":50,"neow_bonus":"BOSS_RELIC","is_daily":false,"chose_seed":false,"campfire_upgraded":7,"win_rate":0.0,"timestamp":1608147743,"path_taken":["M","$","M","?","M","R","?","?","T","E","M","E","M","M","R","BOSS","M","$","?","M","?","R","E","R","T","?","R","M","M","?","R","BOSS","M","M","M","M","$","E","?","M","T","R","E","R","$","?","R","BOSS"],"items_purchased_type":["Relic","Card","Relic","Potion","Potion"],"build_version":"2020-12-13","purchased_purges":4,"victory":true,"max_hp_per_floor":[72,72,72,67,67,67,67,67,67,67,67,67,67,67,67,67,67,67,67,67,67,67,67,67,67,67,67,67,67,67,67,67,67,67,67,67,67,67,67,67,67,67,67,67,67,67,67,59,59,59],"relic_stats":{"Dream Catcher":0,"counters":[26,109],"Golden Idol":188,"Mummified Hand":[102],"Sundial":[6],"MawBank":156,"obtain_stats":[{"Potion Belt":10,"Golden Idol":4,"Nilry\u0027s Codex":20,"TeardropLocket":31,"MawBank":26,"Empty Cage":34,"Sling":39,"Anchor":12,"Bottled Flame":43,"Dream Catcher":45,"Mummified Hand":9,"Sundial":24,"Coffee Dripper":17,"Bag of Marbles":40,"PureWater":0,"Toxic Egg 2":19,"FossilizedHelix":31,"Runic Pyramid":0},{"Potion Belt":5,"Golden Idol":2,"Nilry\u0027s Codex":11,"TeardropLocket":17,"MawBank":13,"Empty Cage":18,"Sling":22,"Anchor":7,"Bottled Flame":24,"Dream Catcher":25,"Mummified Hand":4,"Sundial":13,"Coffee Dripper":10,"Bag of Marbles":23,"PureWater":0,"Toxic Egg 2":11,"FossilizedHelix":17,"Runic Pyramid":0},{"Potion Belt":16,"Golden Idol":5,"Nilry\u0027s Codex":40,"TeardropLocket":59,"MawBank":45,"Empty Cage":67,"Sling":84,"Anchor":24,"Bottled Flame":97,"Dream Catcher":99,"Mummified Hand":11,"Sundial":45,"Coffee Dripper":38,"Bag of Marbles":92,"PureWater":0,"Toxic Egg 2":40,"FossilizedHelix":59,"Runic Pyramid":0}]},"card_choices":[{"not_picked":["Pray","Crescendo"],"picked":"SandsOfTime","floor":1.0},{"not_picked":["Collect","EmptyFist"],"picked":"Wireheading","floor":3.0},{"not_picked":["Consecrate","Fasting2"],"picked":"EmptyMind","floor":5.0},{"not_picked":["Crescendo","FollowUp"],"picked":"Adaptation","floor":8.0},{"not_picked":["CrushJoints","Perseverance"],"picked":"MentalFortress","floor":10.0},{"not_picked":["Conclude","FollowUp"],"picked":"CarveReality","floor":11.0},{"not_picked":["Collect","SashWhip"],"picked":"EmptyFist","floor":12.0},{"not_picked":["BowlingBash","CrushJoints","Prostrate"],"picked":"SKIP","floor":13.0},{"not_picked":["CrushJoints","Sanctity"],"picked":"Prostrate","floor":14.0},{"not_picked":["Establishment","Omniscience"],"picked":"Ragnarok","floor":16.0},{"not_picked":["BattleHymn+1","Prostrate+1"],"picked":"EmptyBody+1","floor":18.0},{"not_picked":["FollowUp","Prostrate+1"],"picked":"Crescendo+1","floor":21.0},{"not_picked":["Halt+1","EmptyFist"],"picked":"FearNoEvil","floor":24.0},{"not_picked":["Nirvana+1","Crescendo+1"],"picked":"Wallop","floor":29.0},{"not_picked":["Indignation+1","BowlingBash","FlyingSleeves+1"],"picked":"SKIP","floor":30.0},{"not_picked":["Devotion","Omniscience+1"],"picked":"SpiritShield+1","floor":33.0},{"not_picked":["EmptyBody+1","Crescendo+1"],"picked":"Sanctity+1","floor":35.0},{"not_picked":["Prostrate+1","WheelKick+1"],"picked":"DeceiveReality+1","floor":36.0},{"not_picked":["FollowUp","LikeWater+1"],"picked":"MentalFortress","floor":37.0},{"not_picked":["Protect+1","Tantrum"],"picked":"Swivel+1","floor":38.0},{"not_picked":["Collect+1","SandsOfTime"],"picked":"ThirdEye+1","floor":40.0},{"not_picked":["Halt+1","Vengeance+1","SashWhip+1"],"picked":"SKIP","floor":42},{"not_picked":["Prostrate+1","EmptyBody+1","FlyingSleeves"],"picked":"SKIP","floor":45}],"player_experience":607402,"relics_obtained":[{"floor":9.0,"key":"Mummified Hand"},{"floor":10.0,"key":"Potion Belt"},{"floor":12.0,"key":"Anchor"},{"floor":20.0,"key":"Nilry\u0027s Codex"},{"floor":24.0,"key":"Sundial"},{"floor":26.0,"key":"MawBank"},{"floor":31.0,"key":"FossilizedHelix"},{"floor":31.0,"key":"TeardropLocket"},{"floor":40.0,"key":"Bag of Marbles"},{"floor":43,"key":"Bottled Flame"},{"floor":45,"key":"Dream Catcher"}],"event_choices":[{"damage_healed":0.0,"max_hp_gain":0.0,"max_hp_loss":5.0,"gold_gain":0.0,"event_name":"Golden Idol","player_choice":"Lose Max HP","floor":4.0,"gold_loss":0.0,"damage_taken":0.0,"relics_obtained":["Golden Idol"]},{"damage_healed":0.0,"max_hp_gain":0.0,"max_hp_loss":0.0,"gold_gain":0.0,"event_name":"Upgrade Shrine","player_choice":"Upgraded","floor":7.0,"gold_loss":0.0,"damage_taken":0.0,"cards_upgraded":["Wireheading"]},{"damage_healed":0.0,"max_hp_gain":0.0,"max_hp_loss":0.0,"gold_gain":0.0,"event_name":"Cursed Tome","player_choice":"Obtained Book","floor":20.0,"gold_loss":0.0,"damage_taken":16.0},{"cards_removed":["Strike_P"],"damage_healed":0.0,"max_hp_gain":0.0,"max_hp_loss":0.0,"gold_gain":0.0,"event_name":"Back to Basics","player_choice":"Elegance","floor":22.0,"gold_loss":0.0,"damage_taken":0.0},{"cards_removed":["Defend_P"],"damage_healed":0.0,"max_hp_gain":0.0,"max_hp_loss":0.0,"gold_gain":0.0,"event_name":"Beggar","player_choice":"Gave Gold","floor":27.0,"gold_loss":75.0,"damage_taken":0.0},{"damage_healed":0.0,"max_hp_gain":0.0,"max_hp_loss":0.0,"gold_gain":0.0,"event_name":"Colosseum","player_choice":"Fight","floor":31.0,"gold_loss":0.0,"damage_taken":0.0},{"damage_healed":0.0,"max_hp_gain":0.0,"max_hp_loss":0.0,"gold_gain":0.0,"event_name":"Colosseum","player_choice":"Fought Nobs","floor":31.0,"gold_loss":0.0,"damage_taken":0.0},{"damage_healed":0.0,"max_hp_gain":0.0,"max_hp_loss":0.0,"gold_gain":0.0,"event_name":"Tomb of Lord Red Mask","player_choice":"Ignored","floor":41.0,"gold_loss":0.0,"damage_taken":0.0},{"damage_healed":59,"gold_gain":0,"player_choice":"Heal","damage_taken":0,"max_hp_gain":0,"max_hp_loss":8,"event_name":"The Moai Head","floor":48,"gold_loss":0}],"is_beta":false,"boss_relics":[{"not_picked":["Busted Crown","Sozu"],"picked":"Coffee Dripper"},{"not_picked":["Astrolabe","Black Star"],"picked":"Empty Cage"}],"items_purged_floors":[2,19,39,47],"is_endless":false,"potions_floor_spawned":[1,8,10,13,16,18,30,31,35,36,37],"ascension_level":8}}