{"host":"sav7uxregyirlf69","time":1608140714,"event":{"mods":["AchievementEnabler","BaseMod","Colored Map","DeckTracker","Keyboard Shortcuts","Minty Spire (QoL Compilation)","READ ME - Guardian Mod","StSLib","SuperFastMode"],"gold_per_floor":[119,119,138,154,79,79,90,110,133,164,176,206,38,68,68,169,169,187,187,62,77,77,108,108,125,178,277,277,277],"floor_reached":28,"playtime":585,"items_purged":["Strike_P","Defend_P","Strike_P"],"score":271,"play_id":"28156067-1b52-49d8-b29c-eb9bffbd4289","local_time":"20201217024514","is_ascension_mode":false,"campfire_choices":[{"data":"WheelKick","floor":6,"key":"SMITH"},{"data":"Blasphemy","floor":15,"key":"SMITH"}],"circlet_count":0,"master_deck":["Strike_P+1","Strike_P","Defend_P","Defend_P+1","Defend_P","Eruption+1","Vigilance","InnerPeace","WheelKick+1","Swivel","Prostrate","EmptyBody+1","Blasphemy+1","LessonLearned","EmptyFist","Brilliance","Wallop+1","CrushJoints+1"],"relics":["PureWater","NeowsBlessing","Odd Mushroom","Bronze Scales","MawBank","Centennial Puzzle","Ginger","Fusion Hammer","Girya","The Courier"],"acts_visited":["Exordium","TheCity"],"potions_floor_usage":[14,28],"damage_taken":[{"damage":0,"enemies":"2 Louse","floor":1,"turns":2},{"damage":0,"enemies":"Cultist","floor":3,"turns":1},{"damage":0,"enemies":"Small Slimes","floor":4,"turns":1},{"damage":0,"enemies":"Looter","floor":7,"turns":2},{"damage":23,"enemies":"The Mushroom Lair","floor":8,"turns":4},{"damage":9,"enemies":"3 Sentries","floor":10,"turns":6},{"damage":0,"enemies":"Red Slaver","floor":12,"turns":6},{"damage":0,"enemies":"Gremlin Nob","floor":14,"turns":2},{"damage":9,"enemies":"The Guardian","floor":16,"turns":8},{"damage":15,"enemies":"3 Byrds","floor":18,"turns":3},{"damage":15,"enemies":"2 Thieves","floor":21,"turns":3},{"damage":8,"enemies":"Book of Stabbing","floor":23,"turns":4},{"damage":0,"enemies":"Snake Plant","floor":25,"turns":3},{"damage":100007,"enemies":"Sentry and Sphere","floor":28,"turns":5}],"seed_played":"1859335717164142073","potions_obtained":[{"floor":1,"key":"SpeedPotion"},{"floor":4,"key":"Swift Potion"},{"floor":12,"key":"PowerPotion"},{"floor":16,"key":"EssenceOfSteel"},{"floor":25,"key":"Strength Potion"}],"is_trial":false,"path_per_floor":["M","?","M","M","$","R","M","?","T","E","?","M","$","E","R","B",null,"M","?","$","M","?","E","T","M","T","?","M"],"character_chosen":"WATCHER","items_purchased":["LessonLearned"],"campfire_rested":0,"item_purchase_floors":[13],"current_hp_per_floor":[72,72,72,72,72,72,72,49,49,40,33,33,33,33,33,24,72,57,57,57,42,29,21,21,21,21,21,0,0],"gold":277,"neow_bonus":"THREE_ENEMY_KILL","is_daily":false,"chose_seed":false,"campfire_upgraded":2,"win_rate":0.0,"timestamp":1608140714,"path_taken":["M","?","?","M","$","R","?","?","T","E","?","M","$","E","R","BOSS","M","?","$","?","?","E","?","?","T","?","M"],"items_purchased_type":["Card"],"build_version":"2020-12-13","purchased_purges":3,"victory":false,"max_hp_per_floor":[72,72,72,72,72,72,72,72,72,72,72,72,72,72,72,72,72,72,72,72,72,77,77,77,77,77,77,77,77],"card_choices":[{"not_picked":["WreathOfFlame","Indignation"],"picked":"InnerPeace","floor":1},{"not_picked":["FlurryOfBlows","WaveOfTheHand"],"picked":"WheelKick","floor":3},{"not_picked":["CutThroughFate","Wireheading"],"picked":"Swivel","floor":4},{"not_picked":["FlurryOfBlows","Nirvana"],"picked":"Prostrate","floor":7},{"not_picked":["Worship","JustLucky"],"picked":"EmptyBody","floor":10},{"not_picked":["Perseverance","BowlingBash"],"picked":"Blasphemy","floor":12},{"not_picked":["Crescendo","SashWhip"],"picked":"EmptyFist","floor":14},{"not_picked":["ConjureBlade","DeusExMachina"],"picked":"Brilliance","floor":16},{"not_picked":["JustLucky","BowlingBash","ThirdEye"],"picked":"SKIP","floor":18},{"not_picked":["WindmillStrike","Evaluate"],"picked":"Wallop+1","floor":21},{"not_picked":["ClearTheMind","Halt","Tantrum"],"picked":"SKIP","floor":23},{"not_picked":["JustLucky","FollowUp"],"picked":"CrushJoints","floor":25}],"player_experience":928251,"relics_obtained":[{"floor":8,"key":"Odd Mushroom"},{"floor":9,"key":"Bronze Scales"},{"floor":10,"key":"MawBank"},{"floor":14,"key":"Ginger"},{"floor":23,"key":"Girya"},{"floor":24,"key":"The Courier"}],"event_choices":[{"damage_healed":0,"gold_gain":0,"player_choice":"Upgraded","damage_taken":0,"max_hp_gain":0,"max_hp_loss":0,"event_name":"Upgrade Shrine","floor":2,"gold_loss":0,"cards_upgraded":["Eruption"]},{"damage_healed":0,"gold_gain":0,"player_choice":"Fought Mushrooms","damage_taken":0,"max_hp_gain":0,"max_hp_loss":0,"event_name":"Mushrooms","floor":8,"gold_loss":0},{"damage_healed":0,"gold_gain":0,"player_choice":"Success","damage_taken":7,"relics_obtained":["Centennial Puzzle"],"max_hp_gain":0,"max_hp_loss":0,"event_name":"Scrap Ooze","floor":11,"gold_loss":0},{"damage_healed":0,"gold_gain":0,"player_choice":"0 cards matched","damage_taken":0,"max_hp_gain":0,"max_hp_loss":0,"event_name":"Match and Keep!","floor":19,"gold_loss":0,"cards_obtained":[]},{"damage_healed":0,"gold_gain":0,"player_choice":"Shed Blood","damage_taken":18,"max_hp_gain":5,"max_hp_loss":0,"event_name":"Forgotten Altar","floor":22,"gold_loss":0},{"damage_healed":0,"gold_gain":99,"player_choice":"Stole From Cult","damage_taken":0,"max_hp_gain":0,"max_hp_loss":0,"event_name":"Nest","floor":27,"gold_loss":0}],"is_beta":false,"boss_relics":[{"not_picked":["Busted Crown","Velvet Choker"],"picked":"Fusion Hammer"}],"items_purged_floors":[5,13,20],"is_endless":false,"potions_floor_spawned":[1,4,12,16,18,23,25],"killed_by":"Sentry and Sphere","ascension_level":0}}