{"host":"15dd7v8o90xso62x","time":1608117298,"event":{"mods":["BaseMod","Minty Spire (QoL Compilation)","Quick Restart","StSLib"],"gold_per_floor":[409,61,73,73,73,73,107,107,107,118,150,168,225,249,249,321,321,336,316,331,348,348,376,391,391,391],"floor_reached":25,"playtime":1239,"items_purged":["Strike_B"],"score":531,"play_id":"00869c72-d8db-4be6-afb1-28474a4fa593","local_time":"20201216201458","is_ascension_mode":true,"campfire_choices":[{"data":"Apotheosis","floor":6.0,"key":"SMITH"},{"floor":8.0,"key":"REST"},{"floor":15.0,"key":"REST"}],"circlet_count":0,"master_deck":["AscendersBane","Defend_B","Defend_B","Defend_B","Zap","Dualcast","Apotheosis+1","FTL","Self Repair","Gash","Gash","Turbo","Buffer","Gash","Recycle","Streamline+1","Undo+1","Chaos+1","Biased Cognition+1","Gash+1","Beam Cell+1","Skim+1"],"relics":["Cracked Core","Old Coin","Membership Card","PreservedInsect","Strawberry","FossilizedHelix","Molten Egg 2","Odd Mushroom","Astrolabe","Smiling Mask"],"acts_visited":["Exordium","TheCity"],"potions_floor_usage":[23],"damage_taken":[{"damage":7.0,"enemies":"Jaw Worm","floor":1.0,"turns":2.0},{"damage":0.0,"enemies":"Cultist","floor":3.0,"turns":3.0},{"damage":18.0,"enemies":"Gremlin Nob","floor":7.0,"turns":4.0},{"damage":9.0,"enemies":"2 Louse","floor":10.0,"turns":2.0},{"damage":16.0,"enemies":"Lagavulin","floor":11.0,"turns":6.0},{"damage":0.0,"enemies":"Large Slime","floor":12.0,"turns":6.0},{"damage":10.0,"enemies":"3 Sentries","floor":13.0,"turns":4.0},{"damage":7.0,"enemies":"The Mushroom Lair","floor":14.0,"turns":5.0},{"damage":0.0,"enemies":"Slime Boss","floor":16.0,"turns":9.0},{"damage":21.0,"enemies":"Shell Parasite","floor":18.0,"turns":6.0},{"damage":0.0,"enemies":"Spheric Guardian","floor":20.0,"turns":3.0},{"damage":20.0,"enemies":"Cultist and Chosen","floor":21.0,"turns":8.0},{"damage":26,"enemies":"Gremlin Leader","floor":23,"turns":6},{"damage":29,"enemies":"Centurion and Healer","floor":24,"turns":6},{"damage":20,"enemies":"Book of Stabbing","floor":25,"turns":4}],"seed_played":"-4251675606430115376","potions_obtained":[{"floor":7.0,"key":"FearPotion"},{"floor":10.0,"key":"SkillPotion"},{"floor":12.0,"key":"AttackPotion"},{"floor":18.0,"key":"BlessingOfTheForge"},{"floor":19.0,"key":"CultistPotion"}],"is_trial":false,"path_per_floor":["M","$","M","?","?","R","E","R","T","M","E","M","?","?","R","B",null,"M","?","M","M","?","E","M","E"],"character_chosen":"DEFECT","items_purchased":["Membership Card","Apotheosis","FTL","Self Repair"],"campfire_rested":2,"item_purchase_floors":[2,2,2,2],"current_hp_per_floor":[39,39,49,49,49,49,41,62,69,60,54,64,64,67,78,78,78,67,67,67,57,57,41,19,0,0],"gold":391,"neow_bonus":"ONE_RARE_RELIC","is_daily":false,"chose_seed":false,"campfire_upgraded":1,"win_rate":0.0,"timestamp":1608117298,"path_taken":["M","$","M","?","?","R","E","R","T","?","E","M","?","?","R","BOSS","M","?","M","?","?","E","M","E"],"items_purchased_type":["Relic","Card","Card","Card"],"build_version":"2020-12-13","purchased_purges":1,"victory":false,"max_hp_per_floor":[71,71,71,71,71,71,71,71,78,78,78,78,78,78,78,78,78,78,78,78,78,78,78,78,78,78],"card_choices":[{"not_picked":["Barrage","Leap","Rebound"],"picked":"SKIP","floor":1.0},{"not_picked":["Redo","FTL"],"picked":"Gash","floor":3.0},{"not_picked":["Hologram","Loop"],"picked":"Gash","floor":7.0},{"not_picked":["Fusion","Redo"],"picked":"Turbo","floor":10.0},{"not_picked":["Chill","Tempest"],"picked":"Buffer","floor":11.0},{"not_picked":["Leap","Rebound"],"picked":"Gash","floor":12.0},{"not_picked":["Storm","Conserve Battery"],"picked":"Recycle","floor":13.0},{"not_picked":["White Noise","Undo"],"picked":"Streamline+1","floor":14.0},{"not_picked":["Streamline+1","Go for the Eyes+1"],"picked":"Gash+1","floor":18.0},{"not_picked":["White Noise","Static Discharge"],"picked":"Beam Cell+1","floor":20.0},{"not_picked":["Defragment","Aggregate"],"picked":"Skim+1","floor":21.0},{"not_picked":["Glacier","Ball Lightning+1","Barrage+1"],"picked":"SKIP","floor":23},{"not_picked":["White Noise","Tempest+1","Sunder+1"],"picked":"SKIP","floor":24}],"player_experience":916260,"relics_obtained":[{"floor":7.0,"key":"PreservedInsect"},{"floor":9.0,"key":"Strawberry"},{"floor":11.0,"key":"FossilizedHelix"},{"floor":13.0,"key":"Molten Egg 2"},{"floor":14.0,"key":"Odd Mushroom"},{"floor":23,"key":"Smiling Mask"}],"event_choices":[{"damage_healed":0.0,"max_hp_gain":0.0,"max_hp_loss":0.0,"gold_gain":0.0,"event_name":"The Cleric","player_choice":"Leave","floor":4.0,"gold_loss":0.0,"damage_taken":0.0},{"cards_removed":["Strike_B"],"damage_healed":0.0,"max_hp_gain":0.0,"max_hp_loss":0.0,"gold_gain":0.0,"event_name":"Purifier","player_choice":"Purged","floor":5.0,"gold_loss":0.0,"damage_taken":0.0},{"damage_healed":0.0,"max_hp_gain":0.0,"max_hp_loss":0.0,"gold_gain":0.0,"event_name":"Dead Adventurer","player_choice":"Searched \u00272\u0027 times","floor":13.0,"gold_loss":0.0,"damage_taken":0.0},{"damage_healed":0.0,"max_hp_gain":0.0,"max_hp_loss":0.0,"gold_gain":0.0,"event_name":"Mushrooms","player_choice":"Fought Mushrooms","floor":14.0,"gold_loss":0.0,"damage_taken":0.0},{"damage_healed":0.0,"max_hp_gain":0.0,"max_hp_loss":0.0,"gold_gain":0.0,"event_name":"The Woman in Blue","player_choice":"Bought 1 Potion","floor":19.0,"gold_loss":0.0,"damage_taken":0.0},{"damage_healed":0.0,"max_hp_gain":0.0,"max_hp_loss":0.0,"gold_gain":0.0,"event_name":"Ghosts","player_choice":"Ignored","floor":22.0,"gold_loss":0.0,"damage_taken":0.0}],"is_beta":false,"boss_relics":[{"not_picked":["Runic Dome","Inserter"],"picked":"Astrolabe"}],"items_purged_floors":[2],"is_endless":false,"potions_floor_spawned":[7,10,12,18],"killed_by":"Book of Stabbing","ascension_level":16}}