{"host":"63yhhrjweyj22b0v","time":1608082435,"event":{"mods":["BaseMod","Minty Spire (QoL Compilation)","Quick Restart"],"gold_per_floor":[109,120,120,120,149,161,183,195,207,219,262,287,299,43,43,144,144,154,167,167,167,53,53,65,265,265,265,265],"floor_reached":27,"playtime":582,"items_purged":[],"score":222,"play_id":"a299c645-f219-4cd9-9bef-8b93d49b058c","local_time":"20201215193355","is_ascension_mode":true,"campfire_choices":[{"data":"Redo","floor":6,"key":"SMITH"},{"data":"Doom and Gloom","floor":8,"key":"SMITH"},{"data":"Consume","floor":13,"key":"SMITH"},{"floor":15,"key":"REST"},{"floor":23,"key":"REST"}],"circlet_count":0,"master_deck":["Strike_B","Strike_B","Strike_B","Strike_B","Defend_B","Defend_B","Defend_B","Defend_B","Zap","Dualcast","Redo+1","Doom and Gloom+1","Sweeping Beam","Beam Cell","Barrage","Consume+1","Go for the Eyes","Echo Form","Sweeping Beam","Defragment","Double Energy","Melter","Cold Snap"],"relics":["Cracked Core","NeowsBlessing","Mango","MawBank","Torii","Mummified Hand","Inserter","MutagenicStrength","Bottled Lightning","Bottled Flame"],"acts_visited":["Exordium","TheCity"],"potions_floor_usage":[16],"damage_taken":[{"damage":0,"enemies":"Cultist","floor":1,"turns":1},{"damage":0,"enemies":"Jaw Worm","floor":2,"turns":1},{"damage":0,"enemies":"Small Slimes","floor":5,"turns":1},{"damage":6,"enemies":"Exordium Wildlife","floor":7,"turns":3},{"damage":8,"enemies":"Gremlin Nob","floor":11,"turns":3},{"damage":7,"enemies":"2 Fungi Beasts","floor":12,"turns":2},{"damage":10,"enemies":"Hexaghost","floor":16,"turns":8},{"damage":19,"enemies":"3 Byrds","floor":18,"turns":4},{"damage":40,"enemies":"2 Thieves","floor":19,"turns":3},{"damage":1,"enemies":"Sentry and Sphere","floor":24,"turns":3},{"damage":63,"enemies":"Shelled Parasite and Fungi","floor":27,"turns":4}],"seed_played":"1315642977110931247","potions_obtained":[{"floor":11,"key":"Energy Potion"},{"floor":16,"key":"Ancient Potion"}],"is_trial":false,"path_per_floor":["M","M","T","?","M","R","M","R","T","?","E","M","R","$","R","B",null,"M","M","?","T","$","R","M","?","T","M"],"character_chosen":"DEFECT","items_purchased":["Mummified Hand","Go for the Eyes","Double Energy","Melter"],"campfire_rested":2,"item_purchase_floors":[14,14,22,22],"current_hp_per_floor":[75,75,89,86,86,86,80,80,80,72,64,57,57,57,83,73,89,70,30,30,30,30,56,55,55,55,0,0],"gold":265,"neow_bonus":"THREE_ENEMY_KILL","is_daily":false,"chose_seed":false,"campfire_upgraded":3,"win_rate":0.0,"timestamp":1608082435,"path_taken":["M","?","?","?","?","R","M","R","T","?","E","?","R","?","R","BOSS","M","?","?","?","$","R","M","?","T","M"],"items_purchased_type":["Relic","Card","Card","Card"],"build_version":"2020-12-13","purchased_purges":0,"victory":false,"max_hp_per_floor":[75,75,89,89,89,89,89,89,89,89,89,89,89,89,89,89,89,89,89,89,89,89,89,89,89,89,89,89],"card_choices":[{"not_picked":["Leap","Steam"],"picked":"Redo","floor":1},{"not_picked":["BootSequence","Streamline"],"picked":"Doom and Gloom","floor":2},{"not_picked":["Turbo","Auto Shields"],"picked":"Sweeping Beam","floor":5},{"not_picked":["Turbo","Steam"],"picked":"Beam Cell","floor":7},{"not_picked":["Auto Shields","Gash"],"picked":"Barrage","floor":11},{"not_picked":["Beam Cell","Leap"],"picked":"Consume","floor":12},{"not_picked":["Reboot","Fission"],"picked":"Echo Form","floor":16},{"not_picked":["Sweeping Beam","Reinforced Body","Leap+1"],"picked":"SKIP","floor":18},{"not_picked":["Reinforced Body","Leap+1"],"picked":"Sweeping Beam","floor":18},{"not_picked":["Reprogram","Scrape"],"picked":"Defragment","floor":19},{"not_picked":["Beam Cell+1","Ball Lightning"],"picked":"Cold Snap","floor":24}],"player_experience":592677,"relics_obtained":[{"floor":3,"key":"Mango"},{"floor":11,"key":"Torii"},{"floor":21,"key":"Bottled Lightning"},{"floor":26,"key":"Bottled Flame"}],"event_choices":[{"damage_healed":0,"gold_gain":0,"player_choice":"Success","damage_taken":3,"relics_obtained":["MawBank"],"max_hp_gain":0,"max_hp_loss":0,"event_name":"Scrap Ooze","floor":4,"gold_loss":0},{"damage_healed":0,"gold_gain":0,"player_choice":"Damaged","damage_taken":8,"max_hp_gain":0,"max_hp_loss":0,"event_name":"Wheel of Change","floor":10,"gold_loss":0},{"damage_healed":0,"gold_gain":0,"player_choice":"Inject Mutagens","damage_taken":0,"relics_obtained":["MutagenicStrength"],"max_hp_gain":0,"max_hp_loss":0,"event_name":"Drug Dealer","floor":20,"gold_loss":0},{"damage_healed":0,"gold_gain":200,"player_choice":"Gold","damage_taken":0,"max_hp_gain":0,"max_hp_loss":0,"event_name":"Wheel of Change","floor":25,"gold_loss":0}],"is_beta":false,"boss_relics":[{"not_picked":["Calling Bell","Empty Cage"],"picked":"Inserter"}],"items_purged_floors":[],"is_endless":false,"potions_floor_spawned":[11,16],"killed_by":"Shelled Parasite and Fungi","ascension_level":1}}