{"host":"f0gpob8hq9vgebej","time":1608078790,"event":{"mods":["AchievementEnabler","BaseMod","Googly Eyes","Minty Spire (QoL Compilation)","Quick Restart","SuperFastMode"],"gold_per_floor":[109,125,143,162,162,162,178,195,220,220,70,70,36,46,46,147,147,128,146,146,146],"floor_reached":20,"playtime":610,"items_purged":["Defend_G"],"score":218,"play_id":"2c7d0a26-5648-4245-afb5-a36bb1dc5ff5","local_time":"20201216093310","is_ascension_mode":true,"campfire_choices":[{"data":"Tactician","floor":6.0,"key":"SMITH"},{"data":"Acrobatics","floor":10.0,"key":"SMITH"},{"data":"Prepared","floor":12.0,"key":"SMITH"},{"data":"Blade Dance","floor":15.0,"key":"SMITH"}],"circlet_count":0,"master_deck":["Strike_G","Strike_G","Strike_G","Strike_G","Defend_G","Defend_G","Defend_G","Defend_G","Survivor","Neutralize","Blade Dance","Acrobatics+1","Tactician+1","Well Laid Plans","Reflex","Blade Dance+1","Prepared+1","Escape Plan","Venomology","Tactician"],"relics":["Ring of the Snake","NeowsBlessing","Bag of Preparation","HoveringKite"],"acts_visited":["Exordium","TheCity"],"potions_floor_usage":[18,18],"damage_taken":[{"damage":0.0,"enemies":"2 Louse","floor":1.0,"turns":1.0},{"damage":0.0,"enemies":"Cultist","floor":2.0,"turns":1.0},{"damage":0.0,"enemies":"Jaw Worm","floor":3.0,"turns":1.0},{"damage":11.0,"enemies":"Large Slime","floor":4.0,"turns":9.0},{"damage":0.0,"enemies":"3 Louse","floor":7.0,"turns":6.0},{"damage":13.0,"enemies":"Exordium Thugs","floor":8.0,"turns":5.0},{"damage":2.0,"enemies":"Large Slime","floor":14.0,"turns":5.0},{"damage":27.0,"enemies":"Hexaghost","floor":16.0,"turns":9.0},{"damage":12,"enemies":"2 Thieves","floor":18,"turns":4},{"damage":6,"enemies":"3 Byrds","floor":19,"turns":5},{"damage":21,"enemies":"Centurion and Healer","floor":20,"turns":5}],"seed_played":"-4800542085196266216","potions_obtained":[{"floor":1.0,"key":"SpeedPotion"},{"floor":3.0,"key":"Strength Potion"},{"floor":4.0,"key":"Fire Potion"},{"floor":8.0,"key":"Swift Potion"}],"is_trial":false,"path_per_floor":["M","M","M","M","?","R","M","M","T","R","$","R","$","M","R","B",null,"M","M","M"],"character_chosen":"THE_SILENT","items_purchased":["Blade Dance","Prepared","Escape Plan"],"campfire_rested":0,"item_purchase_floors":[11,11,13],"current_hp_per_floor":[63,63,63,52,52,52,52,39,39,39,39,39,39,37,37,10,55,43,37,16,16],"gold":146,"neow_bonus":"THREE_ENEMY_KILL","is_daily":false,"chose_seed":false,"campfire_upgraded":4,"win_rate":0.0,"timestamp":1608078790,"path_taken":["M","M","M","M","?","R","M","M","T","R","$","R","?","?","R","BOSS","M","M","M"],"items_purchased_type":["Card","Card","Card"],"build_version":"2020-12-13","purchased_purges":1,"victory":false,"max_hp_per_floor":[70,70,70,70,70,70,70,70,70,70,70,70,70,70,70,70,70,70,70,70,70],"card_choices":[{"not_picked":["Underhanded Strike","Cloak And Dagger"],"picked":"Blade Dance","floor":1.0},{"not_picked":["Slice","Blur"],"picked":"Acrobatics","floor":2.0},{"not_picked":["Dash","Endless Agony","Catalyst"],"picked":"SKIP","floor":3.0},{"not_picked":["Dagger Throw","Acrobatics"],"picked":"Tactician","floor":4.0},{"not_picked":["Slice","Caltrops"],"picked":"Well Laid Plans","floor":7.0},{"not_picked":["Noxious Fumes","Finisher"],"picked":"Reflex","floor":8.0},{"not_picked":["Catalyst","Poisoned Stab","Blur"],"picked":"SKIP","floor":14.0},{"not_picked":["Glass Knife","Malaise"],"picked":"Venomology","floor":16.0},{"not_picked":["Caltrops","Sucker Punch","Quick Slash"],"picked":"SKIP","floor":18},{"not_picked":["Distraction","Cloak And Dagger"],"picked":"Tactician","floor":19}],"player_experience":144524,"relics_obtained":[{"floor":9.0,"key":"Bag of Preparation"}],"event_choices":[{"cards_removed":["Strike_G"],"damage_healed":0.0,"max_hp_gain":0.0,"max_hp_loss":0.0,"gold_gain":0.0,"event_name":"Bonfire Elementals","player_choice":"Offered Basic","floor":5.0,"gold_loss":0.0,"damage_taken":0.0}],"is_beta":false,"boss_relics":[{"not_picked":["Runic Pyramid","Busted Crown"],"picked":"HoveringKite"}],"items_purged_floors":[11],"is_endless":false,"potions_floor_spawned":[1,3,4,8,14],"killed_by":"Centurion and Healer","ascension_level":6}}