{"host":"egyxg9lnjq7g2hmw","time":1608084365,"event":{"mods":["AchievementEnabler","BaseMod","Block Reminder","Colored Map","Colored Powertips","Highlight Path","Minty Spire (QoL Compilation)","Rare Cards Sparkle","StSLib"],"gold_per_floor":[116,116,132,142,157,157,157],"floor_reached":6,"playtime":342,"items_purged":[],"score":68,"play_id":"4f940bd3-1c48-4b06-be19-83b54413459d","local_time":"20201215180605","is_ascension_mode":true,"campfire_choices":[],"circlet_count":0,"master_deck":["AscendersBane","Strike_G","Strike_G","Strike_G","Strike_G","Strike_G","Defend_G","Defend_G","Defend_G","Defend_G","Defend_G","Survivor","Neutralize","Flying Knee","Pain","Dodge and Roll","Sucker Punch"],"relics":["Ring of the Snake","WarpedTongs"],"acts_visited":["Exordium"],"potions_floor_usage":[6],"damage_taken":[{"damage":0,"enemies":"Small Slimes","floor":1,"turns":3},{"damage":5,"enemies":"Cultist","floor":3,"turns":4},{"damage":7,"enemies":"Jaw Worm","floor":4,"turns":6},{"damage":4,"enemies":"Blue Slaver","floor":5,"turns":6},{"damage":49,"enemies":"Gremlin Nob","floor":6,"turns":8}],"seed_played":"2345246758748636308","potions_obtained":[{"floor":4,"key":"GhostInAJar"},{"floor":5,"key":"BlessingOfTheForge"}],"is_trial":false,"path_per_floor":["M","?","M","M","M","E"],"character_chosen":"THE_SILENT","items_purchased":[],"campfire_rested":0,"item_purchase_floors":[],"current_hp_per_floor":[65,65,60,53,49,0,0],"gold":157,"neow_bonus":"TEN_PERCENT_HP_BONUS","is_daily":false,"chose_seed":false,"campfire_upgraded":0,"win_rate":0.0,"timestamp":1608084365,"path_taken":["M","?","?","M","M","E"],"items_purchased_type":[],"build_version":"2020-12-13","purchased_purges":0,"victory":false,"max_hp_per_floor":[72,72,72,72,72,72,72],"card_choices":[{"not_picked":["Deadly Poison","Blur"],"picked":"Flying Knee","floor":1},{"not_picked":["Terror","Eviscerate"],"picked":"Dodge and Roll","floor":3},{"not_picked":["Reflex","Blur"],"picked":"Sucker Punch","floor":4},{"not_picked":["Infinite Blades","Deadly Poison","Backflip"],"picked":"SKIP","floor":5}],"player_experience":469919,"relics_obtained":[],"event_choices":[{"damage_healed":0,"gold_gain":0,"player_choice":"Rummage","damage_taken":0,"relics_obtained":["WarpedTongs"],"max_hp_gain":0,"max_hp_loss":0,"event_name":"Accursed Blacksmith","floor":2,"gold_loss":0,"cards_obtained":["Pain"]}],"is_beta":false,"boss_relics":[],"items_purged_floors":[],"is_endless":false,"potions_floor_spawned":[4,5],"killed_by":"Gremlin Nob","ascension_level":16}}