{"host":"a7kkotolxcg5vljr","time":1608155409,"event":{"mods":["2.2 Compatiblity","AchievementEnabler","Act Like it!","BaseMod","Better Altar","Better Skull","Better Third Choice","Colored Map","Colored Powertips","Downfall","Hermit","Highlight Path","Marisa????????","Minty Spire (QoL Compilation)","Quick Restart","Rare Cards Sparkle","Replay The Spire","Spicy Shops","StSLib","The Cursed","The Disciple","The Servant 0.9.4"],"gold_per_floor":[115,115,115,131,181,181,212,212,212,212,61,161,174,185,185,284,284,301,312,312,312,312,312,312],"floor_reached":23,"playtime":496,"items_purged":[],"score":212,"play_id":"988ee6cc-31a9-4d99-a6a8-3f5d14d394ee","local_time":"20201216165009","is_ascension_mode":false,"campfire_choices":[{"floor":6,"key":"RECALL"},{"data":"Dagger Throw","floor":8,"key":"SMITH"},{"floor":15,"key":"REST"}],"circlet_count":0,"master_deck":["Strike_G+1","Strike_G+1","Strike_G+1","Strike_G+1","Strike_G+1","Defend_G+1","Defend_G+1","Defend_G+1","Defend_G+1","Defend_G+1","Survivor","Neutralize","Underhanded Strike+1","Fire Breathing+1","Hidden Blade+1","Dagger Throw+1","Cloak And Dagger","Cloak And Dagger","Envenom","Slice","ReplayTheSpireMod:Shiv Toss+1","RitualDagger"],"relics":["NeowsBlessing","Sizzling Blood","Durian","Replay:Kaleidoscope","Onion Ring","Guide Book","Sozu","Bloody Idol"],"acts_visited":["Exordium","TheCity"],"potions_floor_usage":[16],"damage_taken":[{"damage":0,"enemies":"Small Slimes","floor":1,"turns":1},{"damage":0,"enemies":"2 Louse","floor":4,"turns":2},{"damage":0,"enemies":"Gremlin Nob","floor":7,"turns":1},{"damage":0,"enemies":"Jaw Worm","floor":13,"turns":2},{"damage":9,"enemies":"Large Slime","floor":14,"turns":5},{"damage":41,"enemies":"Slime Boss","floor":16,"turns":8},{"damage":12,"enemies":"Shell Parasite","floor":18,"turns":5},{"damage":3,"enemies":"Spheric Guardian","floor":19,"turns":4},{"damage":29,"enemies":"Gremlin Leader","floor":23,"turns":4}],"seed_played":"6640664679141962971","potions_obtained":[{"floor":1,"key":"Dexterity Potion"}],"is_trial":false,"path_per_floor":["M","?","?","M","?","R","E","R","T","?","$","?","M","M","R","B",null,"M","M","?","?","?","E"],"character_chosen":"THE_SILENT","items_purchased":["Guide Book"],"campfire_rested":1,"item_purchase_floors":[11],"current_hp_per_floor":[70,74,65,69,69,69,73,73,73,57,57,57,61,56,79,42,79,71,72,32,32,26,0,0],"gold":312,"neow_bonus":"THREE_ENEMY_KILL","is_daily":false,"chose_seed":false,"campfire_upgraded":1,"win_rate":0.0,"timestamp":1608155409,"path_taken":["M","?","?","?","?","R","E","R","T","?","?","?","?","M","R","BOSS","M","M","?","?","?","E"],"items_purchased_type":["Relic"],"build_version":"2020-12-13","purchased_purges":0,"victory":false,"max_hp_per_floor":[70,74,79,79,79,79,79,79,79,79,79,79,79,79,79,79,79,79,79,79,79,79,79,79],"card_choices":[{"not_picked":["Reflex","Deflect"],"picked":"Underhanded Strike","floor":1},{"not_picked":["Backflip","Calculated Gamble"],"picked":"Hidden Blade","floor":4},{"not_picked":["Quick Slash","Wraith Form v2"],"picked":"Dagger Throw","floor":7},{"not_picked":["Sucker Punch","Deadly Poison"],"picked":"Cloak And Dagger","floor":13},{"not_picked":["Poisoned Stab","Setup"],"picked":"Cloak And Dagger","floor":14},{"not_picked":["ReplayTheSpireMod:Necrosis","After Image"],"picked":"Envenom","floor":16},{"not_picked":["Cloak And Dagger","Choke"],"picked":"Slice","floor":18},{"not_picked":["Blade Dance","Deadly Poison"],"picked":"ReplayTheSpireMod:Shiv Toss+1","floor":19}],"player_experience":338404,"relics_obtained":[{"floor":7,"key":"Replay:Kaleidoscope"},{"floor":9,"key":"Onion Ring"}],"event_choices":[{"damage_healed":0,"gold_gain":50,"player_choice":"Gained Gold","damage_taken":0,"max_hp_gain":0,"max_hp_loss":0,"event_name":"Golden Wing","floor":5,"gold_loss":0},{"damage_healed":73,"gold_gain":0,"player_choice":"Upgrade","damage_taken":16,"max_hp_gain":0,"max_hp_loss":79,"event_name":"betterThird:BetterShining","floor":10,"gold_loss":0,"cards_upgraded":["Underhanded Strike","Strike_G"]},{"damage_healed":0,"gold_gain":100,"player_choice":"Gold","damage_taken":0,"max_hp_gain":0,"max_hp_loss":0,"event_name":"Wheel of Change","floor":12,"gold_loss":0},{"damage_healed":0,"gold_gain":0,"player_choice":" Idol ","damage_taken":40,"relics_obtained":["Bloody Idol"],"max_hp_gain":72,"max_hp_loss":32,"event_name":"betterAltar:BetterAltar","floor":20,"potions_obtained":[],"relics_lost":[],"gold_loss":0},{"damage_healed":0,"gold_gain":0,"player_choice":"Simplicity","damage_taken":0,"max_hp_gain":0,"max_hp_loss":8,"event_name":"betterThird:BetterWriting","floor":21,"gold_loss":0},{"damage_healed":0,"gold_gain":0,"player_choice":"Dagger","damage_taken":6,"max_hp_gain":0,"max_hp_loss":0,"event_name":"betterThird:BetterNest","floor":22,"gold_loss":0,"cards_obtained":["RitualDagger"]}],"is_beta":false,"boss_relics":[{"not_picked":["ReplayTheSpireMod:DimensionalGlitch","Tiny House"],"picked":"Sozu"}],"items_purged_floors":[],"is_endless":false,"potions_floor_spawned":[1,19],"killed_by":"Gremlin Leader","ascension_level":0}}