{"host":"cyh4fejqtcjbfr7k","time":1608096241,"event":{"mods":["2.2 Compatiblity","AchievementEnabler","BaseMod","Colored Map","Colored Powertips","DeckTracker","Downfall","Googly Eyes","Hubris","Infinite Spire","Minty Spire (QoL Compilation)","Replay The Spire","Shop Mod","StSLib","SuperFastMode","The Cursed","Unceasing Turn Reminder"],"gold_per_floor":[209,284,301,301,301,301,320,353,353,353,353],"floor_reached":10,"playtime":362,"items_purged":[],"score":76,"play_id":"6128f459-617e-4c45-a768-5482b1977498","local_time":"20201215222401","is_ascension_mode":true,"campfire_choices":[{"floor":6,"key":"REST"}],"circlet_count":0,"master_deck":["Strike_R","Strike_R","Strike_R","Strike_R","Strike_R","Defend_R","Defend_R","Defend_R","Defend_R","Bash","Spot Weakness","Iron Wave","hubris:Sloth","Flex","Uppercut","Twin Strike"],"relics":["Burning Blood","Darkstone Periapt","hubris:DisguiseKit"],"acts_visited":["Exordium"],"potions_floor_usage":[8],"damage_taken":[{"damage":18,"enemies":"2 Louse","floor":1,"turns":3},{"damage":6,"enemies":"Jaw Worm","floor":3,"turns":4},{"damage":18,"enemies":"Cultist","floor":7,"turns":6},{"damage":45,"enemies":"3 Sentries","floor":8,"turns":8},{"damage":55,"enemies":"Gremlin Nob","floor":10,"turns":5}],"seed_played":"-4112265809833531385","potions_obtained":[{"floor":1,"key":"Venom Potion"},{"floor":7,"key":"Explosive Potion"}],"is_trial":false,"path_per_floor":["M","?","M","?","?","R","M","E","T","E"],"character_chosen":"IRONCLAD","items_purchased":[],"campfire_rested":1,"item_purchase_floors":[],"current_hp_per_floor":[68,57,57,57,57,80,68,29,29,0,0],"gold":353,"neow_bonus":"HUNDRED_GOLD","is_daily":false,"chose_seed":false,"campfire_upgraded":0,"win_rate":0.0,"timestamp":1608096241,"path_taken":["M","?","M","?","?","R","?","E","T","E"],"items_purchased_type":[],"build_version":"2020-12-13","purchased_purges":0,"victory":false,"max_hp_per_floor":[80,80,80,80,80,80,80,80,80,80,80],"card_choices":[{"not_picked":["Havoc","Shrug It Off"],"picked":"Spot Weakness","floor":1},{"not_picked":["Flex","Clash"],"picked":"Iron Wave","floor":3},{"not_picked":["Twin Strike","Defy Death"],"picked":"Uppercut","floor":7},{"not_picked":["ReplayTheSpireMod:Corrosion Curse","Clash"],"picked":"Twin Strike","floor":8}],"player_experience":580648,"relics_obtained":[{"floor":8,"key":"Darkstone Periapt"},{"floor":9,"key":"hubris:DisguiseKit"}],"event_choices":[{"damage_healed":0,"gold_gain":75,"player_choice":"Gather Gold","damage_taken":11,"max_hp_gain":0,"max_hp_loss":0,"event_name":"World of Goop","floor":2,"gold_loss":0},{"damage_healed":0,"gold_gain":0,"player_choice":"2 cards matched","damage_taken":0,"max_hp_gain":0,"max_hp_loss":0,"event_name":"Match and Keep!","floor":5,"gold_loss":0,"cards_obtained":["hubris:Sloth","Flex"]}],"is_beta":false,"boss_relics":[],"items_purged_floors":[],"is_endless":false,"potions_floor_spawned":[1,7],"killed_by":"Gremlin Nob","ascension_level":3}}