{"host":"8a3jzv7qxg3y7b6t","time":1608109065,"event":{"mods":["BaseMod","Better Third Choice","Downfall","Hermit","Minty Spire (QoL Compilation)","Relic Stats","StSLib","The Bug Knight","The Cursed"],"gold_per_floor":[118,137,137,137,147,182,182,208,208,222,147,7,19,44,44,147,147,165,165,264,276,22,22,50,50,123,134,134,134,134],"floor_reached":29,"playtime":1855,"items_purged":[],"score":261,"play_id":"7e9748bc-ef30-49b6-bb5d-915b6f81827b","local_time":"20201216005745","is_ascension_mode":false,"campfire_choices":[{"floor":7,"key":"RECALL"},{"data":"hermit:Determination","floor":15,"key":"SMITH"},{"floor":23,"key":"REST"},{"floor":25,"key":"REST"}],"circlet_count":0,"master_deck":["hermit:Strike_Hermit","hermit:Strike_Hermit","hermit:Strike_Hermit","hermit:Defend_Hermit","hermit:Defend_Hermit","hermit:Defend_Hermit","hermit:Defend_Hermit","hermit:Snapshot","hermit:Covet","hermit:DeadMansHand","hermit:Snipe","hermit:Coalescence","Regret","Burn","hermit:Ricochet","hermit:Quickdraw","hermit:Horror","hermit:SprayPray","hermit:Determination+1","hermit:Roughhouse","hermit:GoldenBullet","hermit:Dive","hermit:Glare","hermit:Desperado","hermit:Coalescence"],"relics":["hermit:Momento","Pocketwatch","Unceasing Top","Ornamental Fan","Dead Branch","Ancient Tea Set","Sozu","Meat on the Bone","MealTicket","Bottled Lightning"],"acts_visited":["Exordium","TheCity"],"potions_floor_usage":[6,6,8,16],"damage_taken":[{"damage":1,"enemies":"2 Louse","floor":1,"turns":3},{"damage":2,"enemies":"Jaw Worm","floor":2,"turns":4},{"damage":2,"enemies":"Small Slimes","floor":5,"turns":5},{"damage":13,"enemies":"3 Sentries","floor":6,"turns":6},{"damage":14,"enemies":"Lagavulin","floor":8,"turns":6},{"damage":4,"enemies":"Looter","floor":10,"turns":3},{"damage":0,"enemies":"Blue Slaver","floor":13,"turns":3},{"damage":14,"enemies":"HollowMod:MossKnight","floor":14,"turns":4},{"damage":20,"enemies":"Hexaghost","floor":16,"turns":9},{"damage":10,"enemies":"Shell Parasite","floor":18,"turns":4},{"damage":30,"enemies":"3 Byrds","floor":21,"turns":7},{"damage":48,"enemies":"Slavers","floor":24,"turns":6},{"damage":0,"enemies":"Snake Plant","floor":27,"turns":3},{"damage":45,"enemies":"Gremlin Leader","floor":29,"turns":7}],"seed_played":"-7961359243525051668","potions_obtained":[{"floor":2,"key":"Strength Potion"},{"floor":5,"key":"LiquidBronze"},{"floor":6,"key":"Guardian:BlockOnCardUsePotion"},{"floor":10,"key":"SpeedPotion"}],"is_trial":false,"path_per_floor":["M","M","?","?","M","E","R","E","T","M","$","$","M","E","R","B",null,"M","?","?","M","$","R","E","R","T","M","T","E"],"character_chosen":"HERMIT","items_purchased":["hermit:Determination","hermit:Roughhouse","Meat on the Bone"],"campfire_rested":2,"item_purchase_floors":[11,12,22],"current_hp_per_floor":[74,72,72,72,70,57,57,43,43,39,39,39,39,25,25,5,75,65,65,65,35,35,57,21,43,43,43,43,0,0],"gold":134,"neow_bonus":"TRANSFORM_CARD","is_daily":false,"chose_seed":false,"campfire_upgraded":1,"win_rate":0.0,"timestamp":1608109065,"path_taken":["M","M","?","?","M","E","R","E","T","M","?","$","M","E","R","BOSS","M","?","?","M","$","R","E","R","T","M","?","E"],"items_purchased_type":["Card","Card","Relic"],"build_version":"2020-12-13","purchased_purges":0,"victory":false,"max_hp_per_floor":[75,75,75,75,75,75,75,75,75,75,75,75,75,75,75,75,75,75,75,75,75,75,75,75,75,75,75,75,75,75],"relic_stats":{"Sozu":0,"counters":[14,70],"Ornamental Fan":[32],"Dead Branch":[30],"MealTicket":0,"obtain_stats":[{"Sozu":17,"Ornamental Fan":8,"Dead Branch":9,"MealTicket":24,"Bottled Lightning":28,"Ancient Tea Set":14,"hermit:Momento":0,"Unceasing Top":6,"Pocketwatch":3,"Meat on the Bone":22},{"Sozu":9,"Ornamental Fan":5,"Dead Branch":5,"MealTicket":12,"Bottled Lightning":13,"Ancient Tea Set":8,"hermit:Momento":0,"Unceasing Top":4,"Pocketwatch":2,"Meat on the Bone":11},{"Sozu":43,"Ornamental Fan":24,"Dead Branch":24,"MealTicket":60,"Bottled Lightning":63,"Ancient Tea Set":34,"hermit:Momento":0,"Unceasing Top":18,"Pocketwatch":7,"Meat on the Bone":54}],"Unceasing Top":[2],"Pocketwatch":[45],"Meat on the Bone":12},"card_choices":[{"not_picked":["hermit:WideOpen","hermit:Deadeye"],"picked":"hermit:Snipe","floor":1},{"not_picked":["hermit:Scavenge","hermit:HighCaliber"],"picked":"hermit:Coalescence","floor":2},{"not_picked":["hermit:Roulette","hermit:CalledShot"],"picked":"hermit:Ricochet","floor":5},{"not_picked":["hermit:FullyLoaded","hermit:CursedWeapon"],"picked":"hermit:Quickdraw","floor":6},{"not_picked":["hermit:Adapt","hermit:HighCaliber"],"picked":"hermit:Horror","floor":8},{"not_picked":["hermit:Enervate","hermit:WideOpen"],"picked":"hermit:SprayPray","floor":10},{"not_picked":["hermit:Manifest","hermit:Brawl"],"picked":"hermit:GoldenBullet","floor":13},{"not_picked":["hermit:GoldenBullet","hermit:WideOpen","hermit:Roulette"],"picked":"SKIP","floor":14},{"not_picked":["hermit:Manifest","hermit:Misfire"],"picked":"hermit:Dive","floor":18},{"not_picked":["hermit:LowProfile+1","hermit:BodyArmor"],"picked":"hermit:Glare","floor":21},{"not_picked":["hermit:TrackingShot","hermit:ShadowCloak"],"picked":"hermit:Desperado","floor":24},{"not_picked":["hermit:Desperado+1","hermit:Midnight"],"picked":"hermit:Coalescence","floor":27}],"player_experience":595389,"relics_obtained":[{"floor":6,"key":"Unceasing Top"},{"floor":8,"key":"Ornamental Fan"},{"floor":9,"key":"Dead Branch"},{"floor":14,"key":"Ancient Tea Set"},{"floor":24,"key":"MealTicket"},{"floor":28,"key":"Bottled Lightning"}],"event_choices":[{"damage_healed":0,"gold_gain":0,"player_choice":"Box","damage_taken":0,"relics_obtained":["Pocketwatch"],"max_hp_gain":0,"max_hp_loss":0,"event_name":"Big Fish","floor":3,"gold_loss":0,"cards_obtained":["Regret"]},{"damage_healed":72,"gold_gain":0,"player_choice":"Embrace Burn","damage_taken":0,"max_hp_gain":0,"max_hp_loss":75,"event_name":"betterThird:BetterShining","floor":4,"gold_loss":0},{"damage_healed":0,"gold_gain":99,"player_choice":"Steal","damage_taken":0,"max_hp_gain":0,"max_hp_loss":0,"event_name":"betterThird:BetterNest","floor":20,"gold_loss":0}],"is_beta":false,"boss_relics":[{"not_picked":["hermit:DentedPlate","Fusion Hammer"],"picked":"Sozu"}],"items_purged_floors":[],"is_endless":false,"potions_floor_spawned":[2,5,6,10],"killed_by":"Gremlin Leader","ascension_level":0}}