{"host":"mkv3lj8gfkr85ioo","time":1608094330,"event":{"mods":["AchievementEnabler","BaseMod","Colored Map","Minty Spire (QoL Compilation)","SuperFastMode"],"gold_per_floor":[118,135,135,310,385,385,405,104,131,151,151,151,151,180,180,180,180],"floor_reached":16,"playtime":436,"items_purged":["Doubt"],"score":90,"play_id":"d1b25e95-c928-4c45-9cc1-7fd4da422af4","local_time":"20201216135210","is_ascension_mode":false,"campfire_choices":[{"data":"Fusion","floor":6,"key":"SMITH"},{"data":"Dualcast","floor":12,"key":"SMITH"},{"floor":15,"key":"REST"}],"circlet_count":0,"master_deck":["Strike_B","Strike_B","Strike_B","Defend_B","Defend_B","Defend_B","Defend_B","Zap","Dualcast+1","Fusion+1","Skim","Coolheaded","Reinforced Body"],"relics":["Cracked Core","NeowsBlessing","Juzu Bracelet","CeramicFish","Golden Idol"],"acts_visited":["Exordium"],"potions_floor_usage":[16,16],"damage_taken":[{"damage":0,"enemies":"Cultist","floor":1,"turns":1},{"damage":0,"enemies":"Jaw Worm","floor":2,"turns":1},{"damage":0,"enemies":"Small Slimes","floor":7,"turns":1},{"damage":6,"enemies":"Exordium Wildlife","floor":10,"turns":5},{"damage":9,"enemies":"2 Fungi Beasts","floor":14,"turns":6},{"damage":53,"enemies":"Hexaghost","floor":16,"turns":14}],"seed_played":"-3015792775494006703","potions_obtained":[{"floor":1,"key":"Weak Potion"},{"floor":2,"key":"AttackPotion"},{"floor":10,"key":"SpeedPotion"}],"is_trial":false,"path_per_floor":["M","M","?","?","?","R","M","$","T","M","?","R","?","M","R","B"],"character_chosen":"DEFECT","items_purchased":["Skim","Juzu Bracelet"],"campfire_rested":1,"item_purchase_floors":[8,8],"current_hp_per_floor":[75,75,68,68,57,57,57,57,57,51,56,56,36,27,51,0,0],"gold":180,"neow_bonus":"THREE_ENEMY_KILL","is_daily":false,"chose_seed":false,"campfire_upgraded":2,"win_rate":0.0,"timestamp":1608094330,"path_taken":["M","M","?","?","?","R","?","$","T","M","?","R","?","M","R","BOSS"],"items_purchased_type":["Card","Relic"],"build_version":"2020-12-13","purchased_purges":1,"victory":false,"max_hp_per_floor":[75,75,75,75,75,75,75,75,75,75,80,80,80,80,80,80,80],"card_choices":[{"not_picked":["FTL","Turbo"],"picked":"Fusion","floor":1},{"not_picked":["Chill","Barrage","Conserve Battery"],"picked":"SKIP","floor":2},{"not_picked":["Lockon","Static Discharge","Scrape"],"picked":"SKIP","floor":7},{"not_picked":["Blizzard","Ball Lightning"],"picked":"Coolheaded","floor":10},{"not_picked":["Go for the Eyes","Coolheaded"],"picked":"Reinforced Body","floor":14}],"player_experience":158548,"relics_obtained":[{"floor":9,"key":"CeramicFish"}],"event_choices":[{"cards_removed":["Strike_B"],"damage_healed":0,"gold_gain":0,"player_choice":"Card Removal","damage_taken":7,"max_hp_gain":0,"max_hp_loss":0,"event_name":"Golden Wing","floor":3,"gold_loss":0},{"damage_healed":0,"gold_gain":175,"player_choice":"AGREE","damage_taken":0,"max_hp_gain":0,"max_hp_loss":0,"event_name":"Liars Game","floor":4,"gold_loss":0,"cards_obtained":["Doubt"]},{"damage_healed":0,"gold_gain":75,"player_choice":"Gather Gold","damage_taken":11,"max_hp_gain":0,"max_hp_loss":0,"event_name":"World of Goop","floor":5,"gold_loss":0},{"damage_healed":0,"gold_gain":0,"player_choice":"Donut","damage_taken":0,"max_hp_gain":5,"max_hp_loss":0,"event_name":"Big Fish","floor":11,"gold_loss":0},{"damage_healed":0,"gold_gain":0,"player_choice":"Take Damage","damage_taken":20,"relics_obtained":["Golden Idol"],"max_hp_gain":0,"max_hp_loss":0,"event_name":"Golden Idol","floor":13,"gold_loss":0}],"is_beta":false,"boss_relics":[],"items_purged_floors":[8],"is_endless":false,"potions_floor_spawned":[1,2,10],"killed_by":"Hexaghost","ascension_level":0}}