{"host":"lck2g1j0kcwr02ez","time":1608095230,"event":{"mods":["BaseMod","Friendly Minions","KinomotoSakuraMod(Ä¾Ö®±¾Ó£)","Mari Mod (Legacy)","Mari\u0027s V1 Patch","Marked Mod","Minty Spire (QoL Compilation)","Railgun Mod","Rare Cards Sparkle","StSLib","The Hierophant","The Senshi"],"gold_per_floor":[97,97,101,62,6265,6265,6256,6256,6304,6304,6297,5194,5203,5202,5202,5219,5219,5206,4354,4348,4327,4327,4327,3498,2959,2959,2389,2400,2400,2240,2218,2218,2137,2137,2133,2133,1778,1500,1502,1502,1208,1208,1208,1143,1143,1143,1106,1043,1055,927,939,951,602,566,494],"floor_reached":56,"playtime":4882,"items_purged":["hierophant:Defend_Hierophant","hierophant:Strike_Hierophant","hierophant:Strike_Hierophant","hierophant:Defend_Hierophant","hierophant:Defend_Hierophant","hierophant:Strike_Hierophant+1"],"score":1346,"play_id":"8dd4b28d-ee01-4c58-af30-b87bbb1a77eb","local_time":"20201216130710","is_ascension_mode":false,"campfire_choices":[{"floor":6,"key":"RECALL"},{"data":"hierophant:Repentance","floor":10,"key":"SMITH"},{"data":"hierophant:Repentance","floor":15,"key":"SMITH"},{"data":"hierophant:AuricForm","floor":23,"key":"SMITH"},{"floor":29,"key":"REST"},{"data":"hierophant:PristineSoul","floor":32,"key":"SMITH"},{"data":"hierophant:PristineSoul","floor":40,"key":"SMITH"},{"data":"Panacea","floor":42,"key":"SMITH"},{"data":"hierophant:Endure","floor":45,"key":"SMITH"},{"data":"Dramatic Entrance","floor":49,"key":"SMITH"},{"data":"Impatience","floor":52,"key":"SMITH"}],"circlet_count":0,"master_deck":["hierophant:Punish","hierophant:ChurchCoffers+1","hierophant:Repentance+1","hierophant:Endure+1","hierophant:Sermon","hierophant:HolyVerse","hierophant:DivineIntervention","hierophant:WrathOfGod+1","hierophant:Repentance+1","hierophant:AuricForm+1","hierophant:HolyVerse","hierophant:Exaltation+1","Dramatic Entrance+1","hierophant:MorningPrayer+1","hierophant:Smite+1","hierophant:TollTheBells+1","hierophant:Repentance+1","hierophant:PristineSoul+1","hierophant:Shelter","Impatience+1","hierophant:Mercenaries+1","hierophant:Invocation","hierophant:PristineSoul+1","Finesse","Panacea+1","Flash of Steel","Panacea","Secret Technique"],"relics":["hierophant:PropheticMaskRelic","Pen Nib","Centennial Puzzle","Bag of Marbles","Kunai","Potion Belt","Question Card","Sling","Philosopher\u0027s Stone","Juzu Bracelet","Singing Bowl","Orrery","Ancient Tea Set","WingedGreaves","DollysMirror","Whetstone","Regal Pillow","Membership Card","Lizard Tail","StrikeDummy","Shuriken","Busted Crown","Bird Faced Urn","Bronze Scales","Strange Spoon","Strawberry","Pear","Chemical X","Lantern","Mercury Hourglass","HandDrill","Smiling Mask","Boot","MawBank","theSenshi:SailorFukuRelic","Art of War","Lee\u0027s Waffle","War Paint"],"acts_visited":["Exordium","TheCity","TheBeyond","TheEnding"],"potions_floor_usage":[13,13,18,28,44,54,55,55,55,55],"damage_taken":[{"damage":3,"enemies":"Jaw Worm","floor":1,"turns":3},{"damage":0,"enemies":"Small Slimes","floor":3,"turns":2},{"damage":0,"enemies":"Cultist","floor":7,"turns":3},{"damage":2,"enemies":"Gremlin Nob","floor":11,"turns":3},{"damage":0,"enemies":"Gremlin Gang","floor":13,"turns":2},{"damage":11,"enemies":"Exordium Wildlife","floor":14,"turns":2},{"damage":30,"enemies":"Slime Boss","floor":16,"turns":4},{"damage":12,"enemies":"3 Byrds","floor":18,"turns":1},{"damage":28,"enemies":"2 Thieves","floor":20,"turns":2},{"damage":30,"enemies":"Centurion and Healer","floor":21,"turns":1},{"damage":16,"enemies":"Snake Plant","floor":28,"turns":3},{"damage":10,"enemies":"Book of Stabbing","floor":30,"turns":3},{"damage":22,"enemies":"Snecko","floor":31,"turns":1},{"damage":0,"enemies":"Automaton","floor":33,"turns":4},{"damage":0,"enemies":"3 Shapes","floor":35,"turns":2},{"damage":0,"enemies":"3 Darklings","floor":39,"turns":2},{"damage":13,"enemies":"Nemesis","floor":44,"turns":3},{"damage":5,"enemies":"Spire Growth","floor":47,"turns":2},{"damage":0,"enemies":"Reptomancer","floor":48,"turns":2},{"damage":12,"enemies":"Awakened One","floor":50,"turns":4},{"damage":17,"enemies":"Shield and Spear","floor":54,"turns":3},{"damage":123,"enemies":"The Heart","floor":55,"turns":6}],"seed_played":"4484638405540642468","potions_obtained":[{"floor":3,"key":"Energy Potion"},{"floor":11,"key":"EssenceOfSteel"},{"floor":13,"key":"Strength Potion"},{"floor":20,"key":"Ancient Potion"},{"floor":21,"key":"Explosive Potion"},{"floor":28,"key":"LiquidBronze"},{"floor":44,"key":"Block Potion"}],"is_trial":false,"path_per_floor":["M","?","M","?","$","R","M","?","T","R","E","$","M","M","R","B",null,"M","$","M","M","?","R","$","$","T","$","M","R","E","M","R","B",null,"M","?","$","$","M","R","$","R","T","E","R","?","M","E","R","B",null,"R","$","E","B",null],"character_chosen":"HIEROPHANT","items_purchased":["ColorlessPotion","Pen Nib","Centennial Puzzle","hierophant:Sermon","Potion Belt","Question Card","Sling","hierophant:DivineIntervention","hierophant:WrathOfGod","GamblersBrew","CultistPotion","Juzu Bracelet","Singing Bowl","hierophant:Exaltation","Dramatic Entrance","Orrery","Ancient Tea Set","WingedGreaves","DollysMirror","hierophant:PristineSoul","Whetstone","Regal Pillow","hierophant:Shelter","Membership Card","Lizard Tail","StrikeDummy","Impatience","Bird Faced Urn","Bronze Scales","Flash of Steel","Strange Spoon","Strawberry","Pear","Chemical X","Lantern","Mercury Hourglass","HandDrill","Swift Potion","theSenshi:SailorFukuRelic","Art of War","Lee\u0027s Waffle","Panacea","Secret Technique"],"campfire_rested":1,"item_purchase_floors":[5,5,5,5,12,12,12,12,12,12,12,19,19,19,19,19,24,24,24,24,25,25,25,27,27,27,27,37,37,37,37,38,38,38,41,41,41,41,53,53,53,53,53],"current_hp_per_floor":[72,77,77,77,77,77,77,77,77,77,75,75,75,64,64,34,80,68,74,48,20,20,20,20,20,20,20,6,48,38,18,18,18,94,94,86,86,103,105,105,105,105,105,96,96,96,93,97,97,87,121,121,128,113,64],"gold":494,"neow_bonus":"UPGRADE_CARD","is_daily":false,"chose_seed":false,"campfire_upgraded":9,"win_rate":0.0,"timestamp":1608095230,"path_taken":["M","?","M","?","$","R","M","?","T","R","E","$","?","?","R","BOSS","M","$","M","M","?","R","?","$","T","$","M","R","E","M","R","BOSS","M","?","$","$","M","R","$","R","T","E","R","?","M","E","R","BOSS","R","$","E","BOSS"],"items_purchased_type":["Potion","Relic","Relic","Card","Relic","Relic","Relic","Card","Card","Potion","Potion","Relic","Relic","Card","Card","Relic","Relic","Relic","Relic","Card","Relic","Relic","Card","Relic","Relic","Relic","Card","Relic","Relic","Card","Relic","Relic","Relic","Relic","Relic","Relic","Relic","Potion","Relic","Relic","Relic","Card","Card"],"build_version":"2020-12-13","purchased_purges":6,"victory":true,"max_hp_per_floor":[75,80,80,80,80,80,80,80,80,80,80,80,80,80,80,80,80,80,86,88,90,90,90,90,90,90,90,92,92,92,94,94,94,94,94,96,96,113,115,115,115,115,115,117,117,117,119,121,121,121,121,121,128,130,130],"card_choices":[{"not_picked":["hierophant:SealAway","hierophant:Racketeering"],"picked":"hierophant:Repentance","floor":1},{"not_picked":["hierophant:HolyVerse","hierophant:ThreeLashes"],"picked":"hierophant:Endure","floor":3},{"not_picked":["hierophant:AuricBeam","hierophant:Dazzle"],"picked":"hierophant:HolyVerse","floor":7},{"not_picked":["hierophant:Sermon","hierophant:OrnateBuckler","hierophant:TollTheBells"],"picked":"SKIP","floor":11},{"not_picked":["hierophant:RecallFunds","hierophant:Refuge","hierophant:Smite","hierophant:RustyCrate"],"picked":"SKIP","floor":13},{"not_picked":["hierophant:Purify","hierophant:Encroach","hierophant:OrnateJavelin"],"picked":"hierophant:Repentance","floor":14},{"not_picked":["hierophant:Levitation","hierophant:Anathema","hierophant:Batter"],"picked":"hierophant:AuricForm","floor":16},{"not_picked":["hierophant:Shelter","hierophant:AuricBeam+1","hierophant:Purify"],"picked":"hierophant:HolyVerse","floor":18},{"not_picked":["hierophant:Refuge","hierophant:FieryStrike","hierophant:Rebuild+1","hierophant:MorningPrayer"],"picked":"Singing Bowl","floor":19},{"not_picked":["hierophant:Upheaval","hierophant:Blessing","hierophant:ThreeLashes+1"],"picked":"hierophant:MorningPrayer+1","floor":19},{"not_picked":["hierophant:HammerAndAnvil","hierophant:FlamingChariot+1","hierophant:TollTheBells","hierophant:ConvertCurrency+1"],"picked":"Singing Bowl","floor":19},{"not_picked":["hierophant:HammerAndAnvil","hierophant:Martyrdom","hierophant:Shelter+1","hierophant:Zeal"],"picked":"Singing Bowl","floor":19},{"not_picked":["hierophant:Dazzle","hierophant:RustyCrate","hierophant:Anathema"],"picked":"hierophant:Smite+1","floor":19},{"not_picked":["hierophant:PassingBell","hierophant:AuricBeam+1","hierophant:Purify+1","hierophant:Doubloon"],"picked":"Singing Bowl","floor":20},{"not_picked":["hierophant:SealAway","hierophant:Purify","hierophant:TollTheBells","hierophant:Rebuild"],"picked":"Singing Bowl","floor":21},{"not_picked":["hierophant:FaithHealing+1","hierophant:ArchangelShield","hierophant:TollTheBells","hierophant:Smite+1"],"picked":"Singing Bowl","floor":28},{"not_picked":["hierophant:BulkyChest","hierophant:MorningPrayer","hierophant:Remorse"],"picked":"hierophant:Mercenaries+1","floor":30},{"not_picked":["hierophant:Chorus","hierophant:Patience","hierophant:Remorse","hierophant:FaithHealing"],"picked":"Singing Bowl","floor":31},{"not_picked":["hierophant:DeathKnell","hierophant:WrathOfGod","hierophant:BulkyChest"],"picked":"hierophant:Invocation","floor":33},{"not_picked":["hierophant:HolyVerse"],"picked":"hierophant:PristineSoul","floor":35},{"not_picked":["Dramatic Entrance"],"picked":"Finesse","floor":36},{"not_picked":["Forethought"],"picked":"Panacea","floor":36},{"not_picked":["Mayhem","Impatience"],"picked":"Singing Bowl","floor":36},{"not_picked":["hierophant:ArchangelShield+1","hierophant:Smite+1"],"picked":"Singing Bowl","floor":39},{"not_picked":["hierophant:ThreeLashes","hierophant:CoinFling+1"],"picked":"Singing Bowl","floor":44},{"not_picked":["hierophant:RepressedViolence","hierophant:Smite+1"],"picked":"Singing Bowl","floor":47},{"not_picked":["hierophant:AuricBeam+1","hierophant:SealAway"],"picked":"Singing Bowl","floor":48},{"not_picked":["hierophant:RustyCrate","hierophant:FlamingChariot+1"],"picked":"Singing Bowl","floor":54}],"player_experience":239758,"relics_obtained":[{"floor":9,"key":"Bag of Marbles"},{"floor":11,"key":"Kunai"},{"floor":30,"key":"Shuriken"},{"floor":43,"key":"Smiling Mask"},{"floor":44,"key":"Boot"},{"floor":48,"key":"MawBank"},{"floor":54,"key":"War Paint"}],"event_choices":[{"damage_healed":0,"gold_gain":0,"player_choice":"Donut","damage_taken":0,"max_hp_gain":5,"max_hp_loss":0,"event_name":"Big Fish","floor":2,"gold_loss":0},{"damage_healed":0,"gold_gain":0,"player_choice":"Left Gold","damage_taken":0,"max_hp_gain":0,"max_hp_loss":0,"event_name":"World of Goop","floor":4,"gold_loss":39},{"cards_removed":["hierophant:Strike_Hierophant"],"damage_healed":0,"gold_gain":0,"player_choice":"Purged","damage_taken":0,"max_hp_gain":0,"max_hp_loss":0,"event_name":"Purifier","floor":8,"gold_loss":0},{"damage_healed":0,"gold_gain":0,"cards_transformed":["hierophant:Defend_Hierophant"],"player_choice":"Transformed","damage_taken":0,"max_hp_gain":0,"max_hp_loss":0,"event_name":"Transmorgrifier","floor":22,"gold_loss":0,"cards_obtained":["hierophant:TollTheBells"]},{"damage_healed":0,"gold_gain":0,"player_choice":"Memory 3","damage_taken":10,"max_hp_gain":0,"max_hp_loss":0,"event_name":"SensoryStone","floor":36,"gold_loss":0},{"damage_healed":0,"gold_gain":0,"player_choice":"Ignored","damage_taken":0,"max_hp_gain":0,"max_hp_loss":0,"event_name":"Tomb of Lord Red Mask","floor":46,"gold_loss":0}],"is_beta":false,"boss_relics":[{"not_picked":["Black Star","SacredBark"],"picked":"Philosopher\u0027s Stone"},{"not_picked":["MariMod:MariFestivalBadge","Runic Dome"],"picked":"Busted Crown"}],"items_purged_floors":[5,12,19,24,25,27],"is_endless":false,"potions_floor_spawned":[3,11,13,20,21,28,30,31,44,47],"ascension_level":0}}