{"host":"121m0oxswv9tg9hk","time":1608142918,"event":{"mods":["AchievementEnabler","BaseMod","Better Third Choice","Downfall","Hermit","Hubris","Infinite Spire","MarisaÅiñ∂âJÅ@ñÇóùçπÅj","Minty Spire (QoL Compilation)","Replay The Spire","Shade Mod","StSLib","The Construct","The Cursed","The Gatherer","The Hierophant","The Mystic"],"gold_per_floor":[368,123,139,177,192,192,203,203,227,262,272,272,40,72,72,72,72],"floor_reached":16,"playtime":678,"items_purged":[],"score":245,"play_id":"912b4c10-d553-44d9-9945-5b4c7b59f540","local_time":"20201216192158","is_ascension_mode":true,"campfire_choices":[{"data":"Recycle","floor":6,"key":"SMITH"},{"floor":8,"key":"REST"},{"floor":15,"key":"REST"}],"circlet_count":0,"master_deck":["AscendersBane","Strike_B","Strike_B","Strike_B","Strike_B","Defend_B+1","Defend_B","Defend_B+1","Defend_B","Zap","Dualcast","hexamod:Defend","TheCursedMod:Strike_TheCursed","Steam","Recycle+1","Electrodynamics","ReplayTheSpireMod:System Scan","Rebound","Beam Cell","Thunder Strike","Streamline","Echo Form","Conserve Battery"],"relics":["Cracked Core","Sling","Replay:Ringing Soul","Strawberry","Thread and Needle","War Paint","PreservedInsect"],"acts_visited":["Exordium"],"potions_floor_usage":[10,11,14],"damage_taken":[{"damage":0,"enemies":"2 Louse","floor":1,"turns":2},{"damage":2,"enemies":"Jaw Worm","floor":3,"turns":3},{"damage":6,"enemies":"Cultist","floor":5,"turns":3},{"damage":10,"enemies":"Blue Slaver","floor":7,"turns":3},{"damage":25,"enemies":"Lagavulin","floor":10,"turns":5},{"damage":0,"enemies":"2 Fungi Beasts","floor":11,"turns":3},{"damage":19,"enemies":"3 Sentries","floor":14,"turns":5},{"damage":34,"enemies":"Slime Boss","floor":16,"turns":3}],"seed_played":"697170039240786674","potions_obtained":[{"floor":1,"key":"SkillPotion"},{"floor":4,"key":"Toxic Potion"}],"is_trial":false,"path_per_floor":["M","$","M","?","M","R","M","R","T","E","M","?","$","E","R","B"],"character_chosen":"DEFECT","items_purchased":["Sling","Recycle","Echo Form","Fire Potion"],"campfire_rested":2,"item_purchase_floors":[2,2,13,13],"current_hp_per_floor":[64,64,62,34,31,31,24,47,54,32,35,17,20,4,32,0,0],"gold":72,"neow_bonus":"TWO_FIFTY_GOLD","is_daily":false,"chose_seed":false,"campfire_upgraded":1,"win_rate":0.0,"timestamp":1608142918,"path_taken":["M","$","M","?","M","R","M","R","T","E","?","?","$","E","R","BOSS"],"items_purchased_type":["Relic","Card","Card","Potion"],"build_version":"2020-12-13","purchased_purges":0,"victory":false,"max_hp_per_floor":[71,71,71,71,74,74,77,77,84,87,90,90,93,96,96,96,96],"card_choices":[{"not_picked":["Redo","Barrage"],"picked":"Steam","floor":1},{"not_picked":["BasicCrystalCard","Panic Button"],"picked":"Electrodynamics","floor":3},{"not_picked":["Go for the Eyes","Compile Driver"],"picked":"ReplayTheSpireMod:System Scan","floor":4},{"not_picked":["Chaos","Undo"],"picked":"Rebound","floor":5},{"not_picked":["Ball Lightning","Turbo"],"picked":"Beam Cell","floor":7},{"not_picked":["Rebound","Heatsinks"],"picked":"Thunder Strike","floor":10},{"not_picked":["BootSequence","Rebound"],"picked":"Streamline","floor":11},{"not_picked":["Go for the Eyes","Streamline"],"picked":"Conserve Battery","floor":14}],"player_experience":2854630,"relics_obtained":[{"floor":4,"key":"Replay:Ringing Soul"},{"floor":9,"key":"Strawberry"},{"floor":10,"key":"Thread and Needle"},{"floor":14,"key":"PreservedInsect"}],"event_choices":[{"damage_healed":0,"gold_gain":0,"player_choice":"Relic ","damage_taken":18,"max_hp_gain":0,"max_hp_loss":0,"event_name":"betterThird:BetterScrap","floor":12,"gold_loss":0,"cards_obtained":["Wraith Form v2"]}],"is_beta":false,"boss_relics":[],"items_purged_floors":[],"is_endless":false,"potions_floor_spawned":[1,5,7],"killed_by":"Slime Boss","ascension_level":20}}