{"host":"l6e22pz6uluuhpt6","time":1608079352,"event":{"mods":["BaseMod","Downfall","Minty Spire (QoL Compilation)","StSLib"],"gold_per_floor":[99,99,99,199,199,33,56,56,56,81,94,43,54,73,87,87,87],"floor_reached":16,"playtime":1542,"items_purged":["champ:FlashCut+1"],"score":123,"play_id":"72568c9c-0570-41e3-b516-b95941e603b6","local_time":"20201215194232","is_ascension_mode":false,"campfire_choices":[{"data":"champ:Taunt","floor":1,"key":"SMITH"},{"data":"champ:Execute","floor":3,"key":"SMITH"},{"data":"champ:FlashCut","floor":5,"key":"SMITH"},{"data":"champ:BerserkersShout","floor":9,"key":"SMITH"}],"circlet_count":0,"master_deck":["champ:Strike","champ:Strike","champ:Strike","champ:Strike","champ:Defend","champ:Defend","champ:Defend","champ:Defend","champ:Execute+1","champ:Taunt+1","champ:FocusedGladiator","champ:DeathBlow","champ:BerserkersShout+1","champ:HeartStrike","champ:SteelEdge","champ:BerserkerStyle","champ:AdrenalArmor"],"relics":["champ:ChampionCrown","downfall:HeartsMalice","Centennial Puzzle","Mercury Hourglass"],"acts_visited":["Exordium"],"potions_floor_usage":[13],"damage_taken":[{"damage":0,"enemies":"Jaw Worm","floor":2,"turns":1},{"damage":0,"enemies":"downfall:FleeingMerchant","floor":6,"turns":1},{"damage":0,"enemies":"Lagavulin","floor":10,"turns":1},{"damage":23,"enemies":"Small Slimes","floor":11,"turns":2},{"damage":32,"enemies":"downfall:FleeingMerchant","floor":12,"turns":4},{"damage":43,"enemies":"Cultist","floor":13,"turns":4},{"damage":14,"enemies":"2 Fungi Beasts","floor":14,"turns":4},{"damage":54,"enemies":"Large Slime","floor":15,"turns":4},{"damage":48,"enemies":"downfall:Silent","floor":16,"turns":2}],"seed_played":"4719248977833300794","potions_obtained":[{"floor":11,"key":"BlessingOfTheForge"},{"floor":13,"key":"Fruit Juice"}],"is_trial":false,"path_per_floor":["R","M","R","?","R","$","T","?","R","E","M","$","M","M","M","B"],"character_chosen":"THE_CHAMP","items_purchased":["champ:DeathBlow","champ:BerserkersShout","champ:BerserkerStyle"],"campfire_rested":0,"item_purchase_floors":[6,6,12],"current_hp_per_floor":[90,90,90,90,90,90,90,55,55,55,52,52,56,55,44,0,0],"gold":87,"neow_bonus":"THREE_ENEMY_KILL","is_daily":false,"chose_seed":false,"campfire_upgraded":4,"win_rate":0.0,"timestamp":1608079352,"path_taken":["R","M","R","?","R","$","T","?","R","E","M","$","M","M","M","BOSS"],"items_purchased_type":["Card","Card","Card"],"build_version":"2020-12-13","purchased_purges":1,"victory":false,"max_hp_per_floor":[90,90,90,90,90,90,90,90,90,90,90,90,95,95,95,95,95],"card_choices":[{"not_picked":["champ:Circumvent","champ:Haymaker"],"picked":"champ:FlashCut","floor":2},{"not_picked":["champ:Circumvent","champ:FanOfKnives"],"picked":"champ:FocusedGladiator","floor":6},{"not_picked":["champ:FocusedGladiator","champ:GladiatorsShout"],"picked":"champ:HeartStrike","floor":10},{"not_picked":["champ:TornadoPunch","champ:DefensiveShout","champ:FaceSlap"],"picked":"SKIP","floor":11},{"not_picked":["champ:EnragedBash","champ:FocusedBerserking"],"picked":"champ:SteelEdge","floor":12},{"not_picked":["champ:SkillfulDodge","champ:DefensiveShout","champ:GladiatorsShout"],"picked":"SKIP","floor":13},{"not_picked":["champ:Lariat","champ:RapidStrikes","champ:StanceDance"],"picked":"SKIP","floor":14},{"not_picked":["champ:RapidStrikes","champ:Backstep"],"picked":"champ:AdrenalArmor","floor":15}],"player_experience":254373,"relics_obtained":[{"floor":7,"key":"Centennial Puzzle"},{"floor":10,"key":"Mercury Hourglass"}],"event_choices":[],"is_beta":false,"boss_relics":[],"items_purged_floors":[6],"is_endless":false,"potions_floor_spawned":[11,13],"killed_by":"downfall:Silent","ascension_level":0}}