{"host":"qw1m3zcvi888b4j7","time":1608076984,"event":{"mods":["BaseMod","Block Reminder","Colored Map","Colored Powertips","DeckTracker","Highlight Path","Hubris","Minty Spire (QoL Compilation)","Quick Restart","Rare Cards Sparkle","Relic Sorter","Relic Stats","Replay The Spire","StSLib","The Blue Laboratory","The Cursed"],"gold_per_floor":[111,111,111,111,128,128,143,143,170,189,154,154,154],"floor_reached":12,"playtime":512,"items_purged":[],"score":68,"play_id":"9b1fe6ac-0c5e-42c8-8e75-7e239f2cd1c7","local_time":"20201216010304","is_ascension_mode":false,"campfire_choices":[{"floor":6,"key":"RECALL"},{"data":"TheCursedMod:Hemoplague","floor":8,"key":"SMITH"}],"circlet_count":0,"master_deck":["TheCursedMod:Strike_TheCursed","TheCursedMod:Strike_TheCursed+1","TheCursedMod:Strike_TheCursed","TheCursedMod:Strike_TheCursed","TheCursedMod:Defend_TheCursed","TheCursedMod:Defend_TheCursed+1","TheCursedMod:Defend_TheCursed","TheCursedMod:Defend_TheCursed","TheCursedMod:CursedWand","TheCursedMod:CleanUpWorkshop","TheCursedMod:Dregs","TheCursedMod:Hemoplague+1","TheCursedMod:SaltUponWound","TheCursedMod:FleshFromBone","TheCursedMod:SpitefulStrike","TheCursedMod:Stigma"],"relics":["TheCursedMod:BlackMagic101","hubris:Icosahedron","hubris:Towel","Oddly Smooth Stone"],"acts_visited":["Exordium"],"potions_floor_usage":[12],"damage_taken":[{"damage":4,"enemies":"2 Louse","floor":1,"turns":2},{"damage":0,"enemies":"Small Slimes","floor":5,"turns":3},{"damage":3,"enemies":"Jaw Worm","floor":7,"turns":4},{"damage":38,"enemies":"Exordium Thugs","floor":10,"turns":5},{"damage":35,"enemies":"3 Sentries","floor":12,"turns":4}],"seed_played":"2768026608317113073","potions_obtained":[{"floor":1,"key":"Explosive Potion"},{"floor":7,"key":"SpeedPotion"},{"floor":10,"key":"blueLaboratory:PhilterOfMotion"}],"is_trial":false,"path_per_floor":["M","?","?","?","M","R","M","R","T","M","?","E"],"character_chosen":"THE_CURSED","items_purchased":[],"campfire_rested":0,"item_purchase_floors":[],"current_hp_per_floor":[71,71,56,56,56,56,53,53,53,15,33,0,0],"gold":154,"neow_bonus":"RANDOM_EVENT","is_daily":false,"chose_seed":false,"campfire_upgraded":1,"win_rate":0.0,"timestamp":1608076984,"path_taken":["M","?","?","?","M","R","M","R","T","M","?","E"],"items_purchased_type":[],"build_version":"2020-12-13","purchased_purges":0,"victory":false,"max_hp_per_floor":[75,75,75,75,75,75,75,75,75,75,75,75,75],"relic_stats":{"counters":[5,18],"obtain_stats":[{"TheCursedMod:BlackMagic101":0,"hubris:Icosahedron":2,"Oddly Smooth Stone":9,"hubris:Towel":4},{"TheCursedMod:BlackMagic101":0,"hubris:Icosahedron":1,"Oddly Smooth Stone":3,"hubris:Towel":1},{"TheCursedMod:BlackMagic101":0,"hubris:Icosahedron":2,"Oddly Smooth Stone":9,"hubris:Towel":2}]},"card_choices":[{"not_picked":["TheCursedMod:SpitefulPlan","TheCursedMod:VitalStrike"],"picked":"TheCursedMod:SaltUponWound","floor":1},{"not_picked":["TheCursedMod:CircleOfFocus","TheCursedMod:Torture"],"picked":"TheCursedMod:FleshFromBone","floor":5},{"not_picked":["TheCursedMod:TroublousMinions","TheCursedMod:SaltUponWound"],"picked":"TheCursedMod:SpitefulStrike","floor":7},{"not_picked":["TheCursedMod:SurpriseAttack","TheCursedMod:RavingStaff"],"picked":"TheCursedMod:Stigma","floor":10}],"player_experience":87483,"relics_obtained":[{"floor":9,"key":"Oddly Smooth Stone"}],"event_choices":[{"damage_healed":0,"gold_gain":0,"player_choice":"Entered Light","damage_taken":15,"max_hp_gain":0,"max_hp_loss":0,"event_name":"Shining Light","floor":3,"gold_loss":0,"cards_upgraded":["TheCursedMod:Defend_TheCursed","TheCursedMod:Strike_TheCursed"]},{"damage_healed":18,"gold_gain":0,"player_choice":"Healed","damage_taken":0,"max_hp_gain":0,"max_hp_loss":0,"event_name":"The Cleric","floor":11,"gold_loss":35}],"is_beta":false,"boss_relics":[],"items_purged_floors":[],"is_endless":false,"potions_floor_spawned":[1,7,10],"killed_by":"3 Sentries","ascension_level":0}}