{"host":"4k3z1vmw52e7hl04","time":1608100992,"event":{"mods":["BaseMod","Best Route Mod","Better Altar","Better Note","Better Third Choice","Colored Powertips","GifTheSpireLib","Hermit","HexUI Lib","Highlight Path","Hubris","Minty Spire (QoL Compilation)","Rare Cards Sparkle","Replay The Spire","Shop Mod","Spicy Shops","StSLib","SuperFastMode","Synergy Search","The Animator","everything is the same but u backflip on backflip"],"gold_per_floor":[115,127,49,49,68,68,97,97,124,139,158,192,209,284,284,379,379,379,379],"floor_reached":18,"playtime":594,"items_purged":[],"score":172,"play_id":"140cc56f-91ee-488d-8fbb-771a009e4dea","local_time":"20201215224312","is_ascension_mode":false,"campfire_choices":[{"data":"Blasphemy","floor":6,"key":"SMITH"},{"data":"Draining Mist","floor":8,"key":"SMITH"},{"floor":15,"key":"DIG"}],"circlet_count":0,"master_deck":["Strike_G+1","Strike_G","Strike_G","Strike_G+1","Strike_G","Defend_G","Defend_G","Defend_G","Defend_G","Defend_G","Survivor","Neutralize","Bouncing Flask","Dagger Spray","Pot Of Greed","Pot Of Greed","Blasphemy+1","Dagger Throw","Draining Mist+1","Crippling Poison","Doppelganger","Blade Dance","Replay:Bag of Tricks"],"relics":["Ring of the Snake","NeowsBlessing","Grinning Jar","CaptainsWheel","Replay:WaspNest","Juzu Bracelet","Garlic","Question Card","Simple Rune","Philosopher\u0027s Stone"],"acts_visited":["Exordium","TheCity"],"potions_floor_usage":[12,16,16,16],"damage_taken":[{"damage":0,"enemies":"Small Slimes","floor":1,"turns":1},{"damage":0,"enemies":"Jaw Worm","floor":2,"turns":1},{"damage":0,"enemies":"Cultist","floor":5,"turns":1},{"damage":6,"enemies":"Lagavulin","floor":7,"turns":6},{"damage":5,"enemies":"Blue Slaver","floor":10,"turns":3},{"damage":10,"enemies":"3 Louse","floor":11,"turns":3},{"damage":8,"enemies":"Gremlin Nob","floor":12,"turns":4},{"damage":4,"enemies":"Exordium Thugs","floor":13,"turns":3},{"damage":22,"enemies":"The Guardian","floor":16,"turns":7},{"damage":99999,"enemies":"Chosen","floor":18,"turns":4}],"seed_played":"-7024293052830048378","potions_obtained":[{"floor":1,"key":"Explosive Potion"},{"floor":2,"key":"Dexterity Potion"},{"floor":11,"key":"Energy Potion"},{"floor":12,"key":"Strength Potion"}],"is_trial":false,"path_per_floor":["M","M","$","?","M","R","E","R","T","M","M","E","M","T","R","B",null,"M"],"character_chosen":"THE_SILENT","items_purchased":["Grinning Jar"],"campfire_rested":0,"item_purchase_floors":[3],"current_hp_per_floor":[70,70,70,62,62,62,56,56,56,51,41,33,29,29,29,7,70,0,0],"gold":379,"neow_bonus":"THREE_ENEMY_KILL","is_daily":false,"chose_seed":false,"campfire_upgraded":2,"win_rate":0.0,"timestamp":1608100992,"path_taken":["M","M","$","?","M","R","E","R","T","M","M","E","M","?","R","BOSS","M"],"items_purchased_type":["Relic"],"build_version":"2020-12-13","purchased_purges":0,"victory":false,"max_hp_per_floor":[70,70,70,70,70,70,70,70,70,70,70,70,70,70,70,70,70,70,70],"card_choices":[{"not_picked":["Heel Hook","Blade Dance"],"picked":"Bouncing Flask","floor":1},{"not_picked":["Hidden Blade","Dodge and Roll"],"picked":"Dagger Spray","floor":2},{"not_picked":["Cloak And Dagger","Predator"],"picked":"Dagger Throw","floor":5},{"not_picked":["Deadly Poison","Dagger Spray"],"picked":"Draining Mist","floor":7},{"not_picked":["hubris:SlightOfHand","Riddle With Holes"],"picked":"Crippling Poison","floor":10},{"not_picked":["Dagger Throw","Sucker Punch","Dodge and Roll"],"picked":"SKIP","floor":11},{"not_picked":["Blade Dance","Dagger Throw"],"picked":"Doppelganger","floor":12},{"not_picked":["Quick Slash","Distraction"],"picked":"Blade Dance","floor":13},{"not_picked":["Corpse Explosion","Die Die Die","Night Terror"],"picked":"Replay:Bag of Tricks","floor":16}],"player_experience":252999,"relics_obtained":[{"floor":7,"key":"Replay:WaspNest"},{"floor":9,"key":"Juzu Bracelet"},{"floor":12,"key":"Garlic"},{"floor":14,"key":"Question Card"},{"floor":15,"key":"Simple Rune"}],"event_choices":[],"is_beta":false,"boss_relics":[{"not_picked":["Empty Cage","Honey Jar"],"picked":"Philosopher\u0027s Stone"}],"items_purged_floors":[],"is_endless":false,"potions_floor_spawned":[1,2,11,12],"killed_by":"Chosen","ascension_level":0}}