{"host":"e1pm3b7xpcm97e5w","time":1608162136,"event":{"mods":["BaseMod","Better Skull","Googly Eyes","Minty Spire (QoL Compilation)","Relic Stats","Shop Mod","Spicy Shops","StSLib"],"gold_per_floor":[118,129,129,147,157,157,184,184,236,236,248,305,270,290,290,391,391,402,417,342,22,22,22,36,36,36,61,61,94,94,107,107,207,257,270,270,180,200,10,10,10,10,10,10,36,0,0,47,47,47,47],"floor_reached":50,"playtime":1864,"items_purged":["Strike_B"],"score":714,"play_id":"ac17fb23-734d-4656-a2f2-59d35b4ad500","local_time":"20201216184216","is_ascension_mode":true,"campfire_choices":[{"data":"Zap","floor":6,"key":"SMITH"},{"data":"Dualcast","floor":8,"key":"SMITH"},{"data":"Hologram","floor":10,"key":"SMITH"},{"data":"Strike_B","floor":15,"key":"PURGE"},{"data":"Strike_B","floor":23,"key":"PURGE"},{"data":"Defend_B","floor":25,"key":"PURGE"},{"data":"Coolheaded","floor":28,"key":"SMITH"},{"data":"Defend_B","floor":30,"key":"PURGE"},{"data":"Defend_B","floor":32,"key":"PURGE"},{"data":"FTL","floor":40,"key":"SMITH"},{"data":"Madness","floor":42,"key":"SMITH"},{"data":"Madness","floor":44,"key":"SMITH"},{"floor":49,"key":"REST"}],"circlet_count":0,"master_deck":["Defend_B","Zap+1","Dualcast+1","Hologram+1","Cold Snap","FTL+1","All For One+1","Streamline+1","Core Surge+1","Flash of Steel+1","Gash+1","Coolheaded+1","Scrape+1","Machine Learning+1","Purity+1","Trip","Dark Shackles","Gash+1","Madness+1","Madness+1","Defragment"],"relics":["Cracked Core","Peace Pipe","Molten Egg 2","Oddly Smooth Stone","Art of War","Sozu","DataDisk","Potion Belt","Cables","Happy Flower","Tiny House","Runic Capacitor","Sundial","Prayer Wheel","Red Mask","Incense Burner"],"acts_visited":["Exordium","TheCity","TheBeyond"],"potions_floor_usage":[7,10,33],"damage_taken":[{"damage":1,"enemies":"2 Louse","floor":1,"turns":4},{"damage":1,"enemies":"Cultist","floor":2,"turns":3},{"damage":5,"enemies":"Jaw Worm","floor":4,"turns":3},{"damage":0,"enemies":"Looter","floor":5,"turns":4},{"damage":8,"enemies":"Gremlin Nob","floor":7,"turns":3},{"damage":12,"enemies":"Exordium Wildlife","floor":11,"turns":3},{"damage":17,"enemies":"Lagavulin Event","floor":12,"turns":6},{"damage":8,"enemies":"3 Louse","floor":14,"turns":2},{"damage":6,"enemies":"The Guardian","floor":16,"turns":10},{"damage":0,"enemies":"Chosen","floor":18,"turns":4},{"damage":0,"enemies":"3 Byrds","floor":19,"turns":3},{"damage":0,"enemies":"Cultist and Chosen","floor":24,"turns":5},{"damage":5,"enemies":"Gremlin Leader","floor":27,"turns":5},{"damage":8,"enemies":"Slavers","floor":29,"turns":4},{"damage":4,"enemies":"3 Cultists","floor":31,"turns":4},{"damage":22,"enemies":"Automaton","floor":33,"turns":5},{"damage":0,"enemies":"3 Darklings","floor":35,"turns":3},{"damage":0,"enemies":"Orb Walker","floor":38,"turns":2},{"damage":0,"enemies":"Reptomancer","floor":45,"turns":4},{"damage":18,"enemies":"2 Orb Walkers","floor":48,"turns":2},{"damage":80,"enemies":"Time Eater","floor":50,"turns":4}],"seed_played":"7788089710495439624","potions_obtained":[{"floor":4,"key":"Energy Potion"},{"floor":7,"key":"Fruit Juice"},{"floor":12,"key":"CultistPotion"},{"floor":14,"key":"Energy Potion"}],"is_trial":false,"path_per_floor":["M","M","?","M","M","R","E","R","T","R","M","?","?","M","R","B",null,"M","M","?","$","?","R","M","R","T","E","R","E","R","M","R","B",null,"M","?","?","M","$","R","?","R","T","R","E","?","?","?","R","B"],"character_chosen":"DEFECT","items_purchased":["DataDisk","Flash of Steel+1","Gash+1","Runic Capacitor"],"campfire_rested":1,"item_purchase_floors":[21,21,39,39],"current_hp_per_floor":[49,48,48,43,43,43,35,35,35,40,28,11,31,23,23,17,64,64,64,64,64,64,64,64,64,64,59,59,51,51,47,47,25,71,71,61,61,61,61,61,50,50,50,50,50,50,50,32,57,0,0],"gold":47,"neow_bonus":"ONE_RARE_RELIC","is_daily":false,"chose_seed":false,"campfire_upgraded":7,"win_rate":0.0,"timestamp":1608162136,"path_taken":["M","M","?","?","M","R","E","R","T","R","M","?","?","M","R","BOSS","M","M","?","$","?","R","M","R","T","E","R","E","R","M","R","BOSS","M","?","?","?","$","R","?","R","T","R","E","?","?","?","R","BOSS"],"items_purchased_type":["Relic","Card","Card","Relic"],"build_version":"2020-12-13","purchased_purges":1,"victory":false,"max_hp_per_floor":[75,75,75,75,75,75,75,75,75,80,80,80,80,80,80,80,80,80,80,80,80,80,80,80,80,80,80,80,80,80,80,80,80,85,85,85,85,85,85,85,85,85,85,85,85,85,85,85,85,85,85],"relic_stats":{"Peace Pipe":5,"Sozu":7,"Happy Flower":[8],"counters":[21,83],"Sundial":[2],"Prayer Wheel":0,"Art of War":[1],"obtain_stats":[{"Potion Belt":26,"Tiny House":34,"Happy Flower":29,"Oddly Smooth Stone":9,"Runic Capacitor":39,"Incense Burner":48,"Cables":27,"Peace Pipe":0,"Sozu":17,"DataDisk":21,"Sundial":43,"Molten Egg 2":7,"Prayer Wheel":45,"Art of War":12,"Red Mask":46,"Cracked Core":0},{"Potion Belt":12,"Tiny House":16,"Happy Flower":14,"Oddly Smooth Stone":5,"Runic Capacitor":18,"Incense Burner":20,"Cables":13,"Peace Pipe":0,"Sozu":9,"DataDisk":11,"Sundial":18,"Molten Egg 2":5,"Prayer Wheel":19,"Art of War":7,"Red Mask":19,"Cracked Core":0},{"Potion Belt":50,"Tiny House":68,"Happy Flower":59,"Oddly Smooth Stone":17,"Runic Capacitor":73,"Incense Burner":79,"Cables":55,"Peace Pipe":0,"Sozu":38,"DataDisk":45,"Sundial":73,"Molten Egg 2":17,"Prayer Wheel":77,"Art of War":26,"Red Mask":77,"Cracked Core":0}],"Cables":[21,11,10,0,0]},"card_choices":[{"not_picked":["Sweeping Beam","Lockon"],"picked":"Hologram","floor":1},{"not_picked":["Rebound","Undo"],"picked":"Cold Snap","floor":2},{"not_picked":["Sunder","Stack"],"picked":"FTL","floor":4},{"not_picked":["Go for the Eyes","Ball Lightning","Turbo"],"picked":"SKIP","floor":5},{"not_picked":["Heatsinks","Skim"],"picked":"All For One+1","floor":7},{"not_picked":["Barrage+1","Turbo"],"picked":"Recycle","floor":11},{"not_picked":["Steam Power","Redo"],"picked":"Streamline+1","floor":12},{"not_picked":["Rebound+1","Compile Driver+1"],"picked":"BootSequence","floor":14},{"not_picked":["Hyperbeam+1","Machine Learning"],"picked":"Core Surge+1","floor":16},{"not_picked":["Beam Cell+1","Compile Driver+1","Streamline+1"],"picked":"SKIP","floor":18},{"not_picked":["Streamline+1","Steam Power","Auto Shields"],"picked":"SKIP","floor":19},{"not_picked":["Streamline+1","Steam Power","Auto Shields"],"picked":"SKIP","floor":19},{"not_picked":["Beam Cell+1","Genetic Algorithm+1","Leap"],"picked":"SKIP","floor":24},{"not_picked":["Go for the Eyes+1","Leap"],"picked":"Coolheaded","floor":27},{"not_picked":["Core Surge+1","Turbo+1","Fission"],"picked":"SKIP","floor":29},{"not_picked":["Ball Lightning+1","Storm"],"picked":"Scrape+1","floor":31},{"not_picked":["Buffer","Multi-Cast"],"picked":"Machine Learning","floor":33},{"not_picked":["Doom and Gloom+1","Streamline+1","Blizzard+1"],"picked":"SKIP","floor":35},{"not_picked":["PanicButton","The Bomb"],"picked":"Purity","floor":36},{"not_picked":["HandOfGreed+1","The Bomb"],"picked":"Trip","floor":36},{"not_picked":["Jack Of All Trades","Sadistic Nature"],"picked":"Dark Shackles","floor":36},{"not_picked":["Ball Lightning+1","Sweeping Beam+1","Beam Cell+1"],"picked":"SKIP","floor":38},{"not_picked":["All For One+1","Steam","Undo"],"picked":"SKIP","floor":45},{"not_picked":["Scrape+1","Beam Cell+1"],"picked":"Defragment","floor":48}],"player_experience":395215,"relics_obtained":[{"floor":7,"key":"Molten Egg 2"},{"floor":9,"key":"Oddly Smooth Stone"},{"floor":12,"key":"Art of War"},{"floor":26,"key":"Potion Belt"},{"floor":27,"key":"Cables"},{"floor":29,"key":"Happy Flower"},{"floor":43,"key":"Sundial"},{"floor":45,"key":"Prayer Wheel"},{"floor":48,"key":"Incense Burner"}],"event_choices":[{"damage_healed":0,"gold_gain":0,"player_choice":"0 cards matched","damage_taken":0,"max_hp_gain":0,"max_hp_loss":0,"event_name":"Match and Keep!","floor":3,"gold_loss":0,"cards_obtained":[]},{"damage_healed":0,"gold_gain":0,"player_choice":"Searched \u00272\u0027 times","damage_taken":0,"max_hp_gain":0,"max_hp_loss":0,"event_name":"Dead Adventurer","floor":12,"gold_loss":0},{"damage_healed":20,"gold_gain":0,"player_choice":"Healed","damage_taken":0,"max_hp_gain":0,"max_hp_loss":0,"event_name":"The Cleric","floor":13,"gold_loss":35},{"cards_removed":["Strike_B"],"damage_healed":0,"gold_gain":0,"player_choice":"Gave Gold","damage_taken":0,"max_hp_gain":0,"max_hp_loss":0,"event_name":"Beggar","floor":20,"gold_loss":75},{"damage_healed":0,"gold_gain":0,"player_choice":"Read","damage_taken":0,"max_hp_gain":0,"max_hp_loss":0,"event_name":"The Library","floor":22,"gold_loss":0,"cards_obtained":["Gash"]},{"damage_healed":0,"gold_gain":0,"player_choice":"Memory 3","damage_taken":10,"max_hp_gain":0,"max_hp_loss":0,"event_name":"SensoryStone","floor":36,"gold_loss":0},{"cards_removed":["Recycle"],"damage_healed":0,"gold_gain":0,"player_choice":"Upgrade and Remove","damage_taken":0,"max_hp_gain":0,"max_hp_loss":0,"event_name":"Designer","floor":37,"gold_loss":90,"cards_upgraded":["Purity"]},{"damage_healed":0,"gold_gain":0,"player_choice":"Embrace Madness","damage_taken":11,"max_hp_gain":0,"max_hp_loss":0,"event_name":"Winding Halls","floor":41,"gold_loss":0,"cards_obtained":["Madness","Madness"]},{"damage_healed":0,"gold_gain":0,"player_choice":"Paid","damage_taken":0,"relics_obtained":["Red Mask"],"max_hp_gain":0,"max_hp_loss":0,"event_name":"Tomb of Lord Red Mask","floor":46,"gold_loss":36},{"cards_removed":["BootSequence"],"damage_healed":0,"gold_gain":0,"player_choice":"Removed Skill","damage_taken":0,"max_hp_gain":0,"max_hp_loss":0,"event_name":"Falling","floor":47,"gold_loss":0},{"damage_healed":0,"gold_gain":0,"player_choice":"Fight","damage_taken":0,"max_hp_gain":0,"max_hp_loss":0,"event_name":"Mysterious Sphere","floor":48,"gold_loss":0}],"is_beta":false,"boss_relics":[{"not_picked":["Calling Bell","Astrolabe"],"picked":"Sozu"},{"not_picked":["Velvet Choker","Cursed Key"],"picked":"Tiny House"}],"items_purged_floors":[21],"is_endless":false,"potions_floor_spawned":[4,7,12,14,24,29,33,35,38,48],"killed_by":"Time Eater","ascension_level":7}}