{"host":"idmgg8r816nmas40","time":1608109729,"event":{"mods":["AchievementEnabler","AlwaysNeverKeys","BaseMod","BetterRewards","Block Reminder","Colored Map","Colored Powertips","DeckTracker","Googly Eyes","Highlight Path","Minty Spire (QoL Compilation)","Quick Restart","Relic Stats","Shop Mod","StSLib","SuperFastMode","Synergy Search","Transform Curses"],"gold_per_floor":[111,111,111,131,231,231,242,242,266,35,69,86,98,109,109,214,214,224,224,244,88,88,88,113,155,191,222,234,277,307,330,342,354,354],"floor_reached":33,"playtime":1247,"items_purged":[],"score":715,"play_id":"754e5ddf-e40a-4b3e-a4b6-12f1ab9a446b","local_time":"20201216020849","is_ascension_mode":true,"campfire_choices":[{"data":"1","floor":6.0,"key":"LIFT"},{"data":"2","floor":8.0,"key":"LIFT"},{"floor":15.0,"key":"REST"},{"data":"3","floor":23.0,"key":"LIFT"},{"floor":32.0,"key":"REST"}],"circlet_count":0,"master_deck":["AscendersBane","Strike_P+1","Strike_P+1","Strike_P+1","Strike_P+1","Defend_P+1","Defend_P+1","Defend_P+1","Defend_P+1","Eruption","Vigilance","Dark Shackles","WaveOfTheHand","Consecrate","BowlingBash","Prostrate","FollowUp+1","EmptyFist+1","CrushJoints+1","EmptyBody","LessonLearned","Consecrate+1","Wish","FollowUp","Prostrate+1","FollowUp"],"relics":["PureWater","Membership Card","Akabeko","Girya","PreservedInsect","Letter Opener","Centennial Puzzle","Dream Catcher","Busted Crown","Spirit Poop","Yang","MawBank","Whetstone","Boot","Potion Belt"],"acts_visited":["Exordium","TheCity"],"potions_floor_usage":[],"damage_taken":[{"damage":0.0,"enemies":"Cultist","floor":1.0,"turns":2.0},{"damage":3.0,"enemies":"Small Slimes","floor":4.0,"turns":3.0},{"damage":0.0,"enemies":"2 Louse","floor":7.0,"turns":1.0},{"damage":16.0,"enemies":"Gremlin Nob","floor":11.0,"turns":3.0},{"damage":5.0,"enemies":"Exordium Thugs","floor":12.0,"turns":4.0},{"damage":4.0,"enemies":"Exordium Wildlife","floor":13.0,"turns":2.0},{"damage":11.0,"enemies":"Blue Slaver","floor":14.0,"turns":3.0},{"damage":5.0,"enemies":"Slime Boss","floor":16.0,"turns":6.0},{"damage":4.0,"enemies":"3 Byrds","floor":18.0,"turns":5.0},{"damage":4.0,"enemies":"Chosen","floor":20.0,"turns":3.0},{"damage":0.0,"enemies":"Gremlin Leader","floor":25.0,"turns":3.0},{"damage":31.0,"enemies":"Snecko","floor":27.0,"turns":4.0},{"damage":2.0,"enemies":"Book of Stabbing","floor":29.0,"turns":2.0},{"damage":0.0,"enemies":"3 Cultists","floor":30.0,"turns":3.0},{"damage":12.0,"enemies":"Cultist and Chosen","floor":31.0,"turns":2.0},{"damage":45,"enemies":"Collector","floor":33,"turns":7}],"seed_played":"3062023831178887508","potions_obtained":[{"floor":1.0,"key":"LiquidMemories"},{"floor":12.0,"key":"AttackPotion"},{"floor":14.0,"key":"StancePotion"},{"floor":20.0,"key":"FearPotion"},{"floor":27.0,"key":"EssenceOfSteel"},{"floor":30.0,"key":"Fruit Juice"}],"is_trial":false,"path_per_floor":["M","?","?","M","?","R","M","R","T","$","E","M","M","M","R","B",null,"M","?","M","$","?","R","T","E","T","M","?","E","M","M","R","B"],"character_chosen":"WATCHER","items_purchased":["Membership Card","Akabeko","Letter Opener","BowlingBash","Centennial Puzzle","Wish","Yang"],"campfire_rested":2,"item_purchase_floors":[0,0,10,10,10,21,21],"current_hp_per_floor":[65,65,65,62,62,62,62,62,62,62,46,41,37,26,47,42,65,61,61,57,57,57,57,57,57,57,26,26,24,29,17,40,0,0],"gold":354,"neow_bonus":"","is_daily":false,"chose_seed":false,"campfire_upgraded":0,"win_rate":0.0,"timestamp":1608109729,"path_taken":["M","?","?","M","?","R","M","R","T","$","E","M","?","M","R","BOSS","M","?","M","?","?","R","?","E","T","M","?","E","M","M","R","BOSS"],"items_purchased_type":["Relic","Relic","Relic","Card","Relic","Card","Relic"],"build_version":"2020-12-13","purchased_purges":0,"victory":false,"max_hp_per_floor":[72,72,72,72,72,72,72,72,72,72,72,72,72,72,72,72,72,72,72,72,72,72,72,72,72,72,72,72,72,77,77,77,77,77],"relic_stats":{"Centennial Puzzle":[33],"Dream Catcher":4,"Busted Crown":16,"counters":[29,106],"Yang":[75],"PreservedInsect":112,"Letter Opener":[66],"Whetstone":["CrushJoints","EmptyFist"],"MawBank":180,"Boot":[3],"obtain_stats":[{"Regal Pillow":22,"Calipers":17,"Spirit Poop":19,"Yang":17,"Bag of Preparation":11,"Whetstone":25,"Smiling Mask":17,"Sling":20,"Boot":26,"Blood Vial":13,"Frozen Eye":0,"Dream Catcher":4,"Centennial Puzzle":10,"Strawberry":6,"Tiny Chest":3,"MealTicket":13,"Potion Belt":29,"Girya":3,"Oddly Smooth Stone":9,"PreservedInsect":9,"Letter Opener":10,"Orichalcum":23,"MawBank":24,"Akabeko":0,"Calling Bell":17,"Busted Crown":17,"Bag of Marbles":19,"Membership Card":0,"PureWater":0},{"Regal Pillow":11,"Calipers":9,"Spirit Poop":22,"Yang":9,"Bag of Preparation":6,"Whetstone":24,"Smiling Mask":9,"Sling":10,"Boot":24,"Blood Vial":7,"Frozen Eye":0,"Dream Catcher":2,"Centennial Puzzle":16,"Strawberry":3,"Tiny Chest":2,"MealTicket":7,"Potion Belt":26,"Girya":14,"Oddly Smooth Stone":5,"PreservedInsect":16,"Letter Opener":16,"Orichalcum":12,"MawBank":23,"Akabeko":13,"Calling Bell":9,"Busted Crown":21,"Bag of Marbles":10,"Membership Card":13,"PureWater":0},{"Regal Pillow":46,"Calipers":40,"Spirit Poop":82,"Yang":40,"Bag of Preparation":23,"Whetstone":88,"Smiling Mask":40,"Sling":42,"Boot":88,"Blood Vial":27,"Frozen Eye":0,"Dream Catcher":7,"Centennial Puzzle":59,"Strawberry":16,"Tiny Chest":7,"MealTicket":27,"Potion Belt":94,"Girya":55,"Oddly Smooth Stone":21,"PreservedInsect":59,"Letter Opener":59,"Orichalcum":52,"MawBank":85,"Akabeko":53,"Calling Bell":40,"Busted Crown":77,"Bag of Marbles":42,"Membership Card":53,"PureWater":0}]},"card_choices":[{"not_picked":["Collect","Nirvana","Vengeance"],"picked":"SKIP","floor":1.0},{"not_picked":["Collect","CutThroughFate"],"picked":"WaveOfTheHand","floor":4.0},{"not_picked":["Adaptation","Prostrate"],"picked":"Consecrate","floor":7.0},{"not_picked":["EmptyBody","InnerPeace"],"picked":"Prostrate","floor":11.0},{"not_picked":["BowlingBash","JustLucky"],"picked":"FollowUp","floor":12.0},{"not_picked":["Crescendo","CutThroughFate"],"picked":"EmptyFist","floor":13.0},{"not_picked":["Protect","Conclude"],"picked":"CrushJoints","floor":14.0},{"not_picked":["Halt","Worship"],"picked":"EmptyBody","floor":15.0},{"not_picked":["SpiritShield","Brilliance"],"picked":"LessonLearned","floor":16.0},{"not_picked":[],"picked":"Consecrate","floor":18.0},{"not_picked":["Swivel"],"picked":"SKIP","floor":20.0},{"not_picked":[],"picked":"FollowUp","floor":25.0},{"not_picked":["Sanctity"],"picked":"SKIP","floor":27.0},{"not_picked":[],"picked":"Prostrate+1","floor":29.0},{"not_picked":[],"picked":"FollowUp","floor":30.0},{"not_picked":["Conclude"],"picked":"SKIP","floor":31.0}],"player_experience":999534,"relics_obtained":[{"floor":9.0,"key":"PreservedInsect"},{"floor":11.0,"key":"Dream Catcher"},{"floor":24.0,"key":"MawBank"},{"floor":25.0,"key":"Whetstone"},{"floor":26.0,"key":"Boot"},{"floor":29.0,"key":"Potion Belt"}],"event_choices":[{"damage_healed":0.0,"max_hp_gain":0.0,"max_hp_loss":0.0,"gold_gain":0.0,"event_name":"Golden Wing","player_choice":"Ignored","floor":2.0,"gold_loss":0.0,"damage_taken":0.0},{"damage_healed":0.0,"max_hp_gain":0.0,"max_hp_loss":0.0,"gold_gain":0.0,"event_name":"Big Fish","player_choice":"Box","floor":3.0,"gold_loss":0.0,"damage_taken":0.0,"relics_obtained":["Girya"],"cards_obtained":["Regret"]},{"damage_healed":0.0,"max_hp_gain":0.0,"max_hp_loss":0.0,"gold_gain":100.0,"event_name":"Golden Shrine","player_choice":"Pray","floor":5.0,"gold_loss":0.0,"damage_taken":0.0},{"cards_removed":["Regret"],"damage_healed":0.0,"max_hp_gain":0.0,"max_hp_loss":0.0,"gold_gain":0.0,"event_name":"Bonfire Elementals","player_choice":"Offered Curse","floor":19.0,"gold_loss":0.0,"damage_taken":0.0,"relics_obtained":["Spirit Poop"]},{"damage_healed":0.0,"max_hp_gain":0.0,"max_hp_loss":0.0,"gold_gain":0.0,"event_name":"Vampires","player_choice":"Ignored","floor":22.0,"gold_loss":0.0,"damage_taken":0.0},{"damage_healed":0.0,"max_hp_gain":0.0,"max_hp_loss":0.0,"gold_gain":0.0,"event_name":"Back to Basics","player_choice":"Simplicity","floor":28.0,"gold_loss":0.0,"damage_taken":0.0,"cards_upgraded":["Strike_P","Strike_P","Strike_P","Defend_P","Defend_P","Defend_P","Defend_P"]}],"is_beta":false,"boss_relics":[{"not_picked":["VioletLotus","Coffee Dripper"],"picked":"Busted Crown"}],"items_purged_floors":[],"is_endless":false,"potions_floor_spawned":[1,12,14,16,20,27,30],"killed_by":"Collector","ascension_level":11}}