{"host":"dntw6kil9p09eemm","time":1608084280,"event":{"mods":["Aspiration","BaseMod","BetterRewards","Colored Powertips","Downfall","Hermit","Hubris","Keyboard Shortcuts","Minty Spire (QoL Compilation)","Permanent Neow","Shop Mod","Spicy Shops","StSLib","The Runesmith","Waifu the Spire","vexMod"],"gold_per_floor":[117,131,145,119,129,154,33,59,86,86,104,54,67,67,67,67,67],"floor_reached":16,"playtime":811,"items_purged":[],"score":137,"play_id":"b5069258-92d5-4a2c-b655-816193b5cd0f","local_time":"20201216110440","is_ascension_mode":false,"campfire_choices":[{"data":"hexamod:Float","floor":10,"key":"SMITH"},{"floor":15,"key":"REST"}],"circlet_count":0,"master_deck":["hexamod:Strike","hexamod:Strike","hexamod:Strike","hexamod:Strike","hexamod:Defend","hexamod:Defend","hexamod:Defend","hexamod:Sear","hexamod:Float+1","hexamod:HexaLevel","hexamod:ThermalTransfer","hexamod:CatchUp","hexamod:Incineration","hexamod:BurningTouch","hexamod:ExtraCrispy","Injury"],"relics":["hexamod:SpiritBrand","hubris:OldNail","MerchantsRug","MealTicket","hexamod:MatchstickCase","Molten Egg 2"],"acts_visited":["Exordium"],"potions_floor_usage":[6,16],"damage_taken":[{"damage":0,"enemies":"Jaw Worm","floor":1,"turns":3},{"damage":0,"enemies":"2 Louse","floor":2,"turns":3},{"damage":4,"enemies":"Small Slimes","floor":3,"turns":4},{"damage":2,"enemies":"Blue Slaver","floor":5,"turns":3},{"damage":0,"enemies":"Gremlin Nob","floor":6,"turns":3},{"damage":9,"enemies":"Lagavulin","floor":8,"turns":6},{"damage":2,"enemies":"3 Louse","floor":11,"turns":5},{"damage":10,"enemies":"Large Slime","floor":13,"turns":4},{"damage":47,"enemies":"The Guardian","floor":16,"turns":8}],"seed_played":"3525886821350419712","potions_obtained":[{"floor":1,"key":"hexamod:DoubleChargePotion"},{"floor":5,"key":"CultistPotion"},{"floor":8,"key":"Guardian:BlockOnCardUsePotion"},{"floor":11,"key":"BlessingOfTheForge"}],"is_trial":false,"path_per_floor":["M","M","M","$","M","E","$","E","T","R","M","?","M","?","R","B"],"character_chosen":"THE_SPIRIT","items_purchased":["hexamod:BurningTouch","MerchantsRug"],"campfire_rested":1,"item_purchase_floors":[4,7],"current_hp_per_floor":[49,49,45,45,43,43,43,34,34,34,32,32,22,22,43,0,0],"gold":67,"neow_bonus":"THREE_RARE_CARDS","is_daily":false,"chose_seed":false,"campfire_upgraded":1,"win_rate":0.0,"timestamp":1608084280,"path_taken":["M","M","M","$","M","E","$","E","T","R","M","?","M","?","R","BOSS"],"items_purchased_type":["Card","Relic"],"build_version":"2020-12-13","purchased_purges":0,"victory":false,"max_hp_per_floor":[70,70,70,70,70,70,70,70,70,70,70,70,70,70,70,70,70],"card_choices":[{"not_picked":["hexamod:Toasty","hexamod:EmpoweringStance"],"picked":"hexamod:HexaLevel","floor":0},{"not_picked":["hexamod:RetreatToShadows","hexamod:SwordOfDarkness"],"picked":"hexamod:ThermalTransfer","floor":1},{"not_picked":["hexamod:Hexaguard","hexamod:GhostShield"],"picked":"hexamod:CatchUp","floor":2},{"not_picked":["hexamod:Firestarter","hexamod:NightmareStrike"],"picked":"hexamod:Incineration","floor":3},{"not_picked":["hexamod:SwordOfDarkness","hexamod:NightmareGuise","hexamod:EtherealExpedition"],"picked":"SKIP","floor":5},{"not_picked":["hexamod:GhostLash","hexamod:EtherealExpedition","hexamod:SpectralAdrenaline"],"picked":"SKIP","floor":6},{"not_picked":["hexamod:RainOfEmbers","hexamod:ChargedBarrage"],"picked":"hexamod:ExtraCrispy","floor":8},{"not_picked":["hexamod:SwordOfDarkness","hexamod:PhantomCloak","hexamod:AdvancingGuard"],"picked":"SKIP","floor":11},{"not_picked":["hexamod:ShieldOfDarkness","hexamod:TurnItUp","hexamod:GhostOfSpirePresent"],"picked":"SKIP","floor":13}],"player_experience":368787,"relics_obtained":[{"floor":6,"key":"hubris:OldNail"},{"floor":8,"key":"MealTicket"},{"floor":9,"key":"hexamod:MatchstickCase"}],"event_choices":[{"cards_removed":["hexamod:Defend"],"damage_healed":0,"gold_gain":0,"player_choice":"Card Removal","damage_taken":0,"max_hp_gain":0,"max_hp_loss":0,"event_name":"The Cleric","floor":12,"gold_loss":50}],"is_beta":false,"boss_relics":[],"items_purged_floors":[],"is_endless":false,"potions_floor_spawned":[1,5,8,11],"killed_by":"The Guardian","ascension_level":0}}