{"host":"m5n96f98ibl1zi71","time":1608104807,"event":{"mods":["Aspiration","BaseMod","Conspire","Curses Come First","Downfall","Hubris","Minty Spire (QoL Compilation)","Quick Restart","Shop Mod","StSLib","Uncapped"],"gold_per_floor":[109,128,128,142,142,142,156,166,219,219,237,271,119,129,129,227,227,247,247,247,262,278,278,308,308,361,261,274,291,304,338,338,338,338],"floor_reached":33,"playtime":3623,"items_purged":["Defend_P","Strike_P"],"score":416,"play_id":"d15436fa-a2e2-4e49-8c80-090ccf548427","local_time":"20201216174647","daily_mods":["Specialized","Diverse","DeadlyEvents"],"is_ascension_mode":false,"campfire_choices":[{"data":"Eruption","floor":6,"key":"SMITH"},{"data":"Flame Barrier","floor":10,"key":"SMITH"},{"floor":15,"key":"REST"},{"floor":23,"key":"REST"},{"floor":25,"key":"REST"},{"floor":32,"key":"REST"}],"circlet_count":0,"master_deck":["Strike_P","Strike_P","Defend_P","Defend_P","Defend_P","Eruption+1","Vigilance","Slimebound:RejuvenatingLick","Slimebound:RejuvenatingLick","Slimebound:RejuvenatingLick","Slimebound:RejuvenatingLick","Slimebound:RejuvenatingLick","Slimebound:LeechEnergy","Slimebound:SlimeSpikes","Flame Barrier+1","champ:IronFortress","LikeWater","Fusion","Guardian:ChargeUp+1","champ:StanceDance","Guardian:Gem_Green","Loop+1","EmptyBody+1"],"relics":["PureWater","Potion Belt","Tiny Chest","hexamod:BolsterEngine","aspiration:PoetsPen_weak","Bronze Scales","Bottled Lightning","Guardian:PocketSentry","hubris:TinFlute"],"acts_visited":["Exordium","TheCity"],"potions_floor_usage":[12,12,12,14,24,28,30],"damage_taken":[{"damage":5,"enemies":"Small Slimes","floor":1,"turns":3},{"damage":2,"enemies":"Jaw Worm","floor":2,"turns":5},{"damage":0,"enemies":"2 Louse","floor":4,"turns":1},{"damage":8,"enemies":"2 Fungi Beasts","floor":7,"turns":3},{"damage":2,"enemies":"Large Slime","floor":8,"turns":8},{"damage":0,"enemies":"3 Louse","floor":11,"turns":3},{"damage":30,"enemies":"Lagavulin","floor":12,"turns":9},{"damage":7,"enemies":"Exordium Thugs","floor":14,"turns":6},{"damage":56,"enemies":"The Guardian","floor":16,"turns":15},{"damage":19,"enemies":"Shell Parasite","floor":18,"turns":7},{"damage":16,"enemies":"Chosen","floor":21,"turns":7},{"damage":15,"enemies":"Centurion and Healer","floor":22,"turns":8},{"damage":60,"enemies":"conspire:Head Lice","floor":24,"turns":16},{"damage":23,"enemies":"3 Cultists","floor":28,"turns":6},{"damage":21,"enemies":"Shelled Parasite and Fungi","floor":29,"turns":6},{"damage":5,"enemies":"Snecko","floor":30,"turns":7},{"damage":19,"enemies":"Slavers","floor":31,"turns":6},{"damage":45,"enemies":"Collector","floor":33,"turns":5}],"seed_played":"6860353262753485617","potions_obtained":[{"floor":2,"key":"Fire Potion"},{"floor":8,"key":"Swift Potion"},{"floor":11,"key":"AttackPotion"},{"floor":12,"key":"PowerPotion"},{"floor":18,"key":"Dexterity Potion"},{"floor":24,"key":"ColorlessPotion"},{"floor":29,"key":"SkillPotion"},{"floor":31,"key":"Energy Potion"}],"is_trial":true,"path_per_floor":["M","M","?","M","?","R","M","M","T","R","M","E","$","M","R","B",null,"M","?","T","M","M","R","E","R","T","$","M","M","M","E","R","B"],"character_chosen":"WATCHER","items_purchased":["Fusion"],"campfire_rested":4,"item_purchase_floors":[13],"current_hp_per_floor":[71,72,65,71,64,64,64,72,72,72,72,46,46,49,70,24,72,63,63,63,57,50,71,21,42,42,42,29,18,23,14,35,0,0],"gold":338,"neow_bonus":"","is_daily":false,"chose_seed":false,"campfire_upgraded":2,"win_rate":0.0,"timestamp":1608104807,"path_taken":["M","M","?","M","?","R","?","M","T","R","M","E","?","?","R","BOSS","M","?","?","M","M","R","E","R","T","$","M","M","M","?","R","BOSS"],"items_purchased_type":["Card"],"build_version":"2020-12-13","purchased_purges":2,"victory":false,"max_hp_per_floor":[72,72,72,72,72,72,72,72,72,72,72,72,72,72,72,72,72,72,72,72,72,72,72,72,72,72,72,72,72,72,72,72,72,72],"card_choices":[{"not_picked":["Redo","Havoc","FlyingSleeves"],"picked":"SKIP","floor":1},{"not_picked":["hexamod:RadiantFlame","hexamod:CatchUp"],"picked":"Slimebound:LeechEnergy","floor":2},{"not_picked":["champ:RapidStrikes","champ:FanOfKnives"],"picked":"Slimebound:SlimeSpikes","floor":4},{"not_picked":["Coolheaded","sneckomod:UnknownBlock","sneckomod:SlitherStrike"],"picked":"SKIP","floor":7},{"not_picked":["Barrage","champ:BladeFlurry"],"picked":"Flame Barrier","floor":8},{"not_picked":["Guardian:Gem_Cyan","Slimebound:ItLooksTasty"],"picked":"champ:IronFortress","floor":11},{"not_picked":["champ:FightOn","Body Slam"],"picked":"LikeWater","floor":12},{"not_picked":["sneckomod:UnknownClassGREEN","champ:Shatter","hexamod:PhantomCloak"],"picked":"SKIP","floor":14},{"not_picked":["Rupture","champ:FightOn","Havoc+1"],"picked":"SKIP","floor":18},{"not_picked":["True Grit","Guardian:Planning"],"picked":"Guardian:ChargeUp+1","floor":21},{"not_picked":["hexamod:SwordOfDarkness","Beam Cell"],"picked":"champ:StanceDance","floor":22},{"not_picked":["Evaluate","Backflip+1"],"picked":"Guardian:Gem_Green","floor":24},{"not_picked":["Guardian:Clone","champ:GladiatorStyle","Defragment"],"picked":"SKIP","floor":28},{"not_picked":["Sentinel","Melter"],"picked":"Loop+1","floor":29},{"not_picked":["Hologram","hexamod:CatchUp"],"picked":"EmptyBody+1","floor":30},{"not_picked":["Iron Wave","Guardian:ShieldSpikes+1","Slimebound:DuplicatedForm"],"picked":"SKIP","floor":31}],"player_experience":386609,"relics_obtained":[{"floor":9,"key":"Tiny Chest"},{"floor":12,"key":"hexamod:BolsterEngine"},{"floor":20,"key":"Bronze Scales"},{"floor":24,"key":"Bottled Lightning"},{"floor":26,"key":"Guardian:PocketSentry"},{"floor":31,"key":"hubris:TinFlute"}],"event_choices":[{"damage_healed":0,"gold_gain":0,"player_choice":"Success","damage_taken":7,"relics_obtained":["Potion Belt"],"max_hp_gain":0,"max_hp_loss":0,"event_name":"Scrap Ooze","floor":3,"gold_loss":0},{"cards_removed":["Strike_P"],"damage_healed":0,"gold_gain":0,"player_choice":"Card Removal","damage_taken":7,"max_hp_gain":0,"max_hp_loss":0,"event_name":"Golden Wing","floor":5,"gold_loss":0}],"is_beta":false,"boss_relics":[{"not_picked":["Philosopher\u0027s Stone","Snecko Eye"],"picked":"aspiration:PoetsPen_weak"}],"items_purged_floors":[13,27],"is_endless":true,"potions_floor_spawned":[2,8,11,12,18,24,29,31],"killed_by":"Collector","ascension_level":0}}