{"host":"iptgt7xajlx4idp5","time":1608087894,"event":{"mods":["BaseMod","Bestiary","Colored Map","Minty Spire (QoL Compilation)","Rare Cards Sparkle","Slay-I"],"gold_per_floor":[217,120,120,120,120,120,153,153,153,184,184,199,209,240,240,343,343,358,378,303,323,223,254,254,254,278,278,292,309,328,345,345,345,345],"floor_reached":33,"playtime":1547,"items_purged":["Strike_R","Bash"],"score":285,"play_id":"23ce4832-e2ea-4d1f-a0bd-000781c2cbe6","local_time":"20201215200454","is_ascension_mode":false,"campfire_choices":[{"data":"Rampage","floor":6,"key":"SMITH"},{"data":"Iron Wave","floor":8,"key":"SMITH"},{"floor":11,"key":"REST"},{"data":"Anger","floor":15,"key":"SMITH"},{"data":"Shrug It Off","floor":25,"key":"SMITH"},{"floor":32,"key":"REST"}],"circlet_count":0,"master_deck":["Strike_R","Strike_R","Strike_R","Strike_R","Defend_R","Defend_R","Defend_R","Defend_R","Rampage+1","Iron Wave+1","Shrug It Off+1","Anger+1","Battle Trance+1","Flex+1"],"relics":["Burning Blood","Potion Belt","HornCleat","Ancient Tea Set","Torii","Vajra","SlaversCollar","Lantern","Orichalcum"],"acts_visited":["Exordium","TheCity"],"potions_floor_usage":[16,19,19,21,31,33],"damage_taken":[{"damage":8,"enemies":"Small Slimes","floor":1,"turns":3},{"damage":27,"enemies":"Gremlin Nob","floor":7,"turns":4},{"damage":23,"enemies":"Lagavulin","floor":10,"turns":8},{"damage":0,"enemies":"Jaw Worm","floor":12,"turns":3},{"damage":0,"enemies":"2 Louse","floor":13,"turns":3},{"damage":3,"enemies":"3 Sentries","floor":14,"turns":9},{"damage":30,"enemies":"The Guardian","floor":16,"turns":9},{"damage":0,"enemies":"3 Byrds","floor":18,"turns":8},{"damage":8,"enemies":"2 Thieves","floor":19,"turns":4},{"damage":1,"enemies":"Snake Plant","floor":21,"turns":4},{"damage":22,"enemies":"Slavers","floor":23,"turns":6},{"damage":9,"enemies":"Chosen and Byrds","floor":28,"turns":6},{"damage":16,"enemies":"Snecko","floor":29,"turns":6},{"damage":12,"enemies":"Sentry and Sphere","floor":30,"turns":5},{"damage":9,"enemies":"Snake Plant","floor":31,"turns":4},{"damage":85,"enemies":"Champ","floor":33,"turns":10}],"seed_played":"-6041010682896733135","potions_obtained":[{"floor":7,"key":"ElixirPotion"},{"floor":14,"key":"Fruit Juice"},{"floor":16,"key":"Block Potion"},{"floor":18,"key":"LiquidMemories"},{"floor":30,"key":"DuplicationPotion"},{"floor":31,"key":"Weak Potion"}],"is_trial":false,"path_per_floor":["M","$","?","?","T","R","E","R","T","E","R","M","M","E","R","B",null,"M","M","$","M","$","E","?","R","T","?","M","M","M","M","R","B"],"character_chosen":"IRONCLAD","items_purchased":["Iron Wave","Shrug It Off"],"campfire_rested":2,"item_purchase_floors":[2,2],"current_hp_per_floor":[78,78,83,83,83,83,62,62,62,45,70,76,82,85,85,66,90,90,88,88,90,90,74,74,74,74,74,71,61,55,52,79,0,0],"gold":345,"neow_bonus":"HUNDRED_GOLD","is_daily":false,"chose_seed":false,"campfire_upgraded":4,"win_rate":0.0,"timestamp":1608087894,"path_taken":["M","$","?","?","?","R","E","R","T","E","R","?","M","E","R","BOSS","M","M","$","M","$","E","?","R","T","?","M","M","M","M","R","BOSS"],"items_purchased_type":["Card","Card"],"build_version":"2020-12-13","purchased_purges":2,"victory":false,"max_hp_per_floor":[80,80,85,85,85,85,85,85,85,85,85,85,85,85,85,90,90,90,90,90,90,90,90,90,90,90,90,90,90,90,90,90,90,90],"card_choices":[{"not_picked":["Thunderclap","Clothesline"],"picked":"Rampage","floor":1},{"not_picked":["Corruption","Wild Strike","Evolve"],"picked":"SKIP","floor":7},{"not_picked":["Flex","Warcry","Seeing Red"],"picked":"SKIP","floor":10},{"not_picked":["Warcry","Pommel Strike","Flex"],"picked":"SKIP","floor":12},{"not_picked":["Intimidate","Shrug It Off","Havoc"],"picked":"SKIP","floor":13},{"not_picked":["Shrug It Off","Heavy Blade"],"picked":"Anger","floor":14},{"not_picked":["Iron Wave","Flex","Uppercut"],"picked":"SKIP","floor":18},{"not_picked":["Body Slam","Anger"],"picked":"Battle Trance+1","floor":19},{"not_picked":["Thunderclap+1","Body Slam","Rupture"],"picked":"SKIP","floor":21},{"not_picked":["Corruption","Anger"],"picked":"Flex+1","floor":23},{"not_picked":["Ghostly Armor","True Grit","Armaments"],"picked":"SKIP","floor":28},{"not_picked":["Clothesline","Armaments","Headbutt+1"],"picked":"SKIP","floor":29},{"not_picked":["Armaments","Corruption","Sentinel"],"picked":"SKIP","floor":30},{"not_picked":["True Grit","Second Wind+1","Rupture"],"picked":"SKIP","floor":31}],"player_experience":476237,"relics_obtained":[{"floor":5,"key":"Potion Belt"},{"floor":7,"key":"HornCleat"},{"floor":9,"key":"Ancient Tea Set"},{"floor":10,"key":"Torii"},{"floor":14,"key":"Vajra"},{"floor":23,"key":"Lantern"},{"floor":26,"key":"Orichalcum"}],"event_choices":[{"damage_healed":0,"gold_gain":0,"player_choice":"Donut","damage_taken":0,"max_hp_gain":5,"max_hp_loss":0,"event_name":"Big Fish","floor":3,"gold_loss":0},{"damage_healed":0,"gold_gain":0,"player_choice":"Ignored","damage_taken":0,"max_hp_gain":0,"max_hp_loss":0,"event_name":"Liars Game","floor":4,"gold_loss":0},{"damage_healed":0,"gold_gain":0,"player_choice":"Ignored","damage_taken":0,"max_hp_gain":0,"max_hp_loss":0,"event_name":"Vampires","floor":24,"gold_loss":0},{"damage_healed":0,"gold_gain":0,"player_choice":"Ignored","damage_taken":0,"max_hp_gain":0,"max_hp_loss":0,"event_name":"The Mausoleum","floor":27,"gold_loss":0}],"is_beta":false,"boss_relics":[{"not_picked":["Philosopher\u0027s Stone","Velvet Choker"],"picked":"SlaversCollar"}],"items_purged_floors":[20,22],"is_endless":false,"potions_floor_spawned":[7,14,16,18,30,31],"killed_by":"Champ","ascension_level":0}}