{"host":"raoabm19igg6waea","time":1608145286,"event":{"mods":["AchievementEnabler","BaseMod","Beaked The Cultist","Challenge The Spire","Clawfect","Colored Powertips","Conspire","Duelist Mod","EXCEPTION","Friendly Minions","GifTheSpireLib","Glutton Mod","Highlight Path","Hubris","Infinite Spire","Minty Spire (QoL Compilation)","READ ME - Snecko Mod","Replay The Spire","StSLib","The Construct","The Cursed","The Disciple","The Jungle","The Mystic","The Necromancer","The Poker Player","slay the spire mod where everything is the same but ironclad has a cowboy hat","vexMod"],"gold_per_floor":[111,122,138,138,138,171,171,187,211,111,111,74,84,65,65,168,168,188,200,200,200,28,28,55,55,55,55,74,93,104,118,118,215,215,229,229,280,300,300,300,313,329,405,421,431,431,431,457,457,457],"floor_reached":51,"playtime":4740,"items_purged":["Strike_G","Defend_G","Strike_G"],"score":1127,"play_id":"8ed681cf-ed26-4b99-98c9-381582a130d4","local_time":"20201216200126","is_ascension_mode":true,"campfire_choices":[{"floor":7.0,"key":"REST"},{"data":"Cloak And Dagger","floor":11.0,"key":"SMITH"},{"floor":15.0,"key":"REST"},{"floor":23.0,"key":"REST"},{"floor":25.0,"key":"REST"},{"floor":27.0,"key":"REST"},{"floor":32.0,"key":"REST"},{"floor":40.0,"key":"REST"},{"floor":49,"key":"REST"}],"circlet_count":0,"master_deck":["AscendersBane","Strike_G","Strike_G+1","Defend_G","Defend_G+1","Defend_G","Survivor","Neutralize","Backflip","Accuracy","Burst","Escape Plan","Cloak And Dagger+1","Ghostly","Storm of Steel","Pot Of Greed","Pot Of Greed","Deadly Poison","Cloak And Dagger","Adrenaline","Backflip+1","Escape Plan+1","Accuracy","Pot Of Greed","Calculated Gamble+1","ReplayTheSpireMod:The Works","Madness","Madness","Acrobatics+1"],"relics":["Ring of the Snake","hubris:Towel","ReplayTheSpireMod:Lightbulb","Bag of Marbles","Fusion Hammer","Grinning Jar","hubris:Backtick","infinitespire:Bottled Soul","Simple Rune","hubris:64BitClover","vexMod:BarristanHead","beaked:MawFillet","infinitespire:Joker Card","Ancient Tea Set","CaptainsWheel","ReplayTheSpireMod:Ninjato","hubris:TinFlute","Toy Ornithopter"],"acts_visited":["Exordium","TheCity","TheBeyond"],"potions_floor_usage":[],"damage_taken":[{"damage":3.0,"enemies":"Small Slimes","floor":1.0,"turns":5.0},{"damage":1.0,"enemies":"2 Louse","floor":2.0,"turns":3.0},{"damage":2.0,"enemies":"Jaw Worm","floor":3.0,"turns":5.0},{"damage":27.0,"enemies":"Lagavulin","floor":6.0,"turns":8.0},{"damage":34.0,"enemies":"Exordium Wildlife","floor":8.0,"turns":11.0},{"damage":0.0,"enemies":"Blue Slaver","floor":13.0,"turns":3.0},{"damage":8.0,"enemies":"Exordium Thugs","floor":14.0,"turns":4.0},{"damage":41.0,"enemies":"Fading Forest","floor":16.0,"turns":11.0},{"damage":13.0,"enemies":"Chosen","floor":18.0,"turns":6.0},{"damage":12.0,"enemies":"Shell Parasite","floor":19.0,"turns":9.0},{"damage":38.0,"enemies":"Slavers","floor":24.0,"turns":6.0},{"damage":0.0,"enemies":"Sentry and Sphere","floor":28.0,"turns":4.0},{"damage":1.0,"enemies":"Snecko","floor":29.0,"turns":5.0},{"damage":2.0,"enemies":"3 Cultists","floor":30.0,"turns":6.0},{"damage":5.0,"enemies":"Shelled Parasite and Fungi","floor":31.0,"turns":4.0},{"damage":62.0,"enemies":"Automaton","floor":33.0,"turns":12.0},{"damage":5.0,"enemies":"3 Shapes","floor":35.0,"turns":5.0},{"damage":23.0,"enemies":"2 Orb Walkers","floor":37.0,"turns":5.0},{"damage":0.0,"enemies":"3 Darklings","floor":38.0,"turns":2.0},{"damage":0.0,"enemies":"Sphere and 2 Shapes","floor":41.0,"turns":4.0},{"damage":0.0,"enemies":"Writhing Mass","floor":42.0,"turns":6.0},{"damage":0.0,"enemies":"Transient","floor":44.0,"turns":5.0},{"damage":0.0,"enemies":"Jaw Worm Horde","floor":45.0,"turns":1.0},{"damage":0,"enemies":"Giant Head","floor":48,"turns":4},{"damage":0,"enemies":"hubris:GrandSnecko","floor":50,"turns":3}],"seed_played":"-7309925062615437003","potions_obtained":[{"floor":1.0,"key":"Adrenaline Potion"},{"floor":2.0,"key":"Death Potion"},{"floor":3.0,"key":"DistilledChaos"},{"floor":13.0,"key":"Poison Potion"},{"floor":16.0,"key":"Dexterity Potion"},{"floor":19.0,"key":"AttackPotion"},{"floor":28.0,"key":"Reflective Coating"},{"floor":31.0,"key":"AttackPotion"},{"floor":38.0,"key":"Reflective Coating"},{"floor":44.0,"key":"SkillPotion"},{"floor":48,"key":"BlessingOfTheForge"}],"is_trial":false,"path_per_floor":["M","M","M","?","?","E","R","M","T","?","R","?","M","M","R","B",null,"M","M","?","AVR","$","R","E","R","T","R","M","M","M","M","R","B",null,"M","?","?","M","AVR","R","M","M","T","M","M","?","T","E","R","B",null],"character_chosen":"THE_SILENT","items_purchased":["FairyPotion"],"campfire_rested":8,"item_purchase_floors":[22],"current_hp_per_floor":[60,59,57,57,57,30,51,17,17,17,17,17,17,9,30,5,54,41,29,29,29,29,50,12,33,33,54,54,53,51,46,67,5,54,49,49,26,26,26,47,47,47,47,47,47,38,38,38,59,59],"gold":457,"neow_bonus":"RANDOM_EVENT","is_daily":false,"chose_seed":false,"campfire_upgraded":1,"win_rate":0.0,"timestamp":1608145286,"path_taken":["M","M","M","?","?","E","R","M","T","?","R","?","M","M","R","BOSS","M","M","?","AVR","?","R","E","R","T","R","M","M","?","M","R","BOSS","M","?","?","?","AVR","R","M","M","T","M","M","?","?","E","R","BOSS"],"items_purchased_type":["Potion"],"build_version":"2020-12-13","purchased_purges":3,"victory":true,"max_hp_per_floor":[70,70,70,70,70,70,70,70,70,70,70,70,70,70,70,70,70,70,70,70,70,70,70,70,70,70,70,70,70,70,70,70,70,70,70,70,70,70,70,70,70,70,70,70,70,70,70,70,70,70],"card_choices":[{"not_picked":["Concentrate","Dodge and Roll"],"picked":"Backflip","floor":1.0},{"not_picked":["Dagger Throw","hubris:SlightOfHand"],"picked":"Accuracy","floor":2.0},{"not_picked":["Dodge and Roll","Quick Slash","Expertise"],"picked":"SKIP","floor":3.0},{"not_picked":["Expertise","Acrobatics"],"picked":"Escape Plan","floor":6.0},{"not_picked":["Underhanded Strike","Setup"],"picked":"Cloak And Dagger","floor":8.0},{"not_picked":["Flying Knee","Bane","Leg Sweep"],"picked":"SKIP","floor":13.0},{"not_picked":["Terror","conspire:PoisonWeapons","Eviscerate"],"picked":"SKIP","floor":14.0},{"not_picked":["Unload","Poison Darts"],"picked":"Storm of Steel","floor":16.0},{"not_picked":["Outmaneuver","Heel Hook","Flying Knee"],"picked":"SKIP","floor":18.0},{"not_picked":["Well Laid Plans+1","Expertise+1","Setup"],"picked":"SKIP","floor":19.0},{"not_picked":["Footwork","All Out Attack+1","Outmaneuver"],"picked":"SKIP","floor":24.0},{"not_picked":["Deflect+1","Riddle With Holes+1"],"picked":"Deadly Poison","floor":28.0},{"not_picked":["Dodge and Roll","hubris:TrickCloak"],"picked":"Cloak And Dagger","floor":29.0},{"not_picked":["Glass Knife","Backflip","Leg Sweep"],"picked":"SKIP","floor":30.0},{"not_picked":["Prepared+1","Dagger Spray","Backstab"],"picked":"SKIP","floor":31.0},{"not_picked":["Envenom","infinitespire:Neurotoxin"],"picked":"Adrenaline","floor":33.0},{"not_picked":["Deflect+1","Poisoned Stab"],"picked":"Backflip+1","floor":35.0},{"not_picked":["Acrobatics+1","ReplayTheSpireMod:Shiv Toss"],"picked":"Escape Plan+1","floor":37.0},{"not_picked":["hubris:SlightOfHand","Deflect"],"picked":"Accuracy","floor":38.0},{"not_picked":["Eviscerate+1","Deflect+1"],"picked":"Calculated Gamble+1","floor":41.0},{"not_picked":["Slice+1","Dash","Deadly Poison+1"],"picked":"SKIP","floor":42.0},{"not_picked":["Venomology","Cloak And Dagger"],"picked":"ReplayTheSpireMod:The Works","floor":44.0},{"not_picked":["Poisoned Stab+1","Hidden Blade+1","PiercingWail+1"],"picked":"SKIP","floor":45.0},{"not_picked":["Masterful Stab+1","A Thousand Cuts"],"picked":"Acrobatics+1","floor":48}],"player_experience":384897,"relics_obtained":[{"floor":6.0,"key":"ReplayTheSpireMod:Lightbulb"},{"floor":9.0,"key":"Bag of Marbles"},{"floor":24.0,"key":"hubris:64BitClover"},{"floor":26.0,"key":"vexMod:BarristanHead"},{"floor":37.0,"key":"infinitespire:Joker Card"},{"floor":38.0,"key":"Ancient Tea Set"},{"floor":43.0,"key":"ReplayTheSpireMod:Ninjato"},{"floor":47.0,"key":"hubris:TinFlute"},{"floor":48,"key":"Toy Ornithopter"}],"event_choices":[{"damage_healed":0.0,"max_hp_gain":0.0,"max_hp_loss":0.0,"gold_gain":0.0,"cards_transformed":["Strike_G"],"event_name":"Living Wall","player_choice":"Change","floor":4.0,"gold_loss":0.0,"damage_taken":0.0,"cards_obtained":["Burst"]},{"damage_healed":0.0,"max_hp_gain":0.0,"max_hp_loss":0.0,"gold_gain":0.0,"event_name":"conspire:LoneGhost","player_choice":"Argue","floor":10.0,"gold_loss":0.0,"damage_taken":0.0},{"damage_healed":0.0,"max_hp_gain":0.0,"max_hp_loss":0.0,"gold_gain":0.0,"event_name":"World of Goop","player_choice":"Left Gold","floor":12.0,"gold_loss":37.0,"damage_taken":0.0},{"damage_healed":0.0,"max_hp_gain":0.0,"max_hp_loss":0.0,"gold_gain":0.0,"event_name":"Mysterious Sphere","player_choice":"Fight","floor":37.0,"gold_loss":0.0,"damage_taken":0.0},{"damage_healed":0.0,"max_hp_gain":0.0,"max_hp_loss":0.0,"gold_gain":0.0,"event_name":"Winding Halls","player_choice":"Embrace Madness","floor":46.0,"gold_loss":0.0,"damage_taken":9.0,"cards_obtained":["Madness","Madness"]}],"is_beta":false,"boss_relics":[{"not_picked":["conspire:SlowCooker","hubris:VirtuousBlindfold"],"picked":"Fusion Hammer"},{"not_picked":["Pandora\u0027s Box","hubris:ScarierMask"],"picked":"beaked:MawFillet"}],"items_purged_floors":[21,22,39],"is_endless":false,"potions_floor_spawned":[1,2,3,13,16,19,28,29,31,38,44,48],"ascension_level":10}}