{"host":"5raohst9sk3kvp5v","time":1608086273,"event":{"mods":["BaseMod","Colored Powertips","Highlight Path","Minty Spire (QoL Compilation)","Quick Restart","Relic Stats","StSLib"],"gold_per_floor":[115,3,3,14,33,63,75,97,135,8,23,38,38,56,56,145,145,159,175,100,100,100],"floor_reached":21,"playtime":625,"items_purged":["Strike_R","Defend_R"],"score":366,"play_id":"492cc61f-6259-4f39-9034-b7f9b41be9d2","local_time":"20201215203753","is_ascension_mode":true,"campfire_choices":[{"data":"Limit Break","floor":7,"key":"SMITH"},{"floor":15,"key":"REST"}],"circlet_count":0,"master_deck":["AscendersBane","Strike_R","Strike_R","Defend_R","Defend_R","Defend_R","Bash","Flex","Evolve","Whirlwind","Second Wind","Feel No Pain","Limit Break+1","Armaments","Sever Soul","Clothesline","Headbutt","Battle Trance","Barricade","True Grit","True Grit+1"],"relics":["Burning Blood","NeowsBlessing","MawBank","Bronze Scales","Golden Idol","Runic Dome"],"acts_visited":["Exordium","TheCity"],"potions_floor_usage":[8,12,16,16,19,21],"damage_taken":[{"damage":0,"enemies":"Small Slimes","floor":1,"turns":1},{"damage":0,"enemies":"2 Louse","floor":4,"turns":2},{"damage":0,"enemies":"Jaw Worm","floor":5,"turns":1},{"damage":62,"enemies":"Gremlin Nob","floor":6,"turns":6},{"damage":11,"enemies":"Exordium Thugs","floor":8,"turns":4},{"damage":8,"enemies":"Red Slaver","floor":11,"turns":4},{"damage":6,"enemies":"Lots of Slimes","floor":12,"turns":3},{"damage":11,"enemies":"Looter","floor":14,"turns":2},{"damage":19,"enemies":"Slime Boss","floor":16,"turns":7},{"damage":47,"enemies":"2 Thieves","floor":18,"turns":4},{"damage":11,"enemies":"Shell Parasite","floor":19,"turns":7},{"damage":18,"enemies":"Centurion and Healer","floor":21,"turns":2}],"seed_played":"1919833995383622214","potions_obtained":[{"floor":5,"key":"Explosive Potion"},{"floor":6,"key":"ColorlessPotion"},{"floor":11,"key":"Strength Potion"},{"floor":14,"key":"Dexterity Potion"},{"floor":18,"key":"HeartOfIron"},{"floor":19,"key":"ColorlessPotion"}],"is_trial":false,"path_per_floor":["M","$","?","M","M","E","R","M","T","$","M","M","?","M","R","B",null,"M","M","?","M"],"character_chosen":"IRONCLAD","items_purchased":["Evolve","Sever Soul"],"campfire_rested":1,"item_purchase_floors":[2,10],"current_hp_per_floor":[74,74,74,75,75,19,19,14,14,14,12,12,12,7,27,14,55,14,9,9,0,0],"gold":100,"neow_bonus":"THREE_ENEMY_KILL","is_daily":false,"chose_seed":false,"campfire_upgraded":1,"win_rate":0.0,"timestamp":1608086273,"path_taken":["M","$","?","M","M","E","R","M","T","$","M","M","?","M","R","BOSS","M","M","?","M"],"items_purchased_type":["Card","Card"],"build_version":"2020-12-13","purchased_purges":2,"victory":false,"max_hp_per_floor":[75,75,75,75,75,75,75,75,75,75,75,75,68,68,68,68,68,68,68,68,68,68],"relic_stats":{"counters":[12,43],"Golden Idol":28,"Bronze Scales":[75],"MawBank":48,"obtain_stats":[{"Runic Dome":17,"NeowsBlessing":0,"Golden Idol":13,"Bronze Scales":9,"MawBank":6,"Burning Blood":0},{"Runic Dome":9,"NeowsBlessing":0,"Golden Idol":7,"Bronze Scales":5,"MawBank":4,"Burning Blood":0},{"Runic Dome":30,"NeowsBlessing":0,"Golden Idol":21,"Bronze Scales":14,"MawBank":10,"Burning Blood":0}],"Burning Blood":55},"card_choices":[{"not_picked":["Wild Strike","Armaments"],"picked":"Flex","floor":1},{"not_picked":["Rage","Whirlwind"],"picked":"Second Wind","floor":4},{"not_picked":["Warcry","Anger"],"picked":"Feel No Pain","floor":5},{"not_picked":["True Grit","Brutality"],"picked":"Limit Break","floor":6},{"not_picked":["Rage","Twin Strike"],"picked":"Armaments","floor":8},{"not_picked":["Havoc","Fire Breathing"],"picked":"Clothesline","floor":11},{"not_picked":["Pommel Strike","Reckless Charge"],"picked":"Headbutt","floor":12},{"not_picked":["True Grit","Flex"],"picked":"Battle Trance","floor":14},{"not_picked":["Limit Break","Bludgeon"],"picked":"Barricade","floor":16},{"not_picked":["Iron Wave","Rampage"],"picked":"True Grit","floor":18},{"not_picked":["Iron Wave","Perfected Strike"],"picked":"True Grit+1","floor":19}],"player_experience":1688620,"relics_obtained":[{"floor":6,"key":"MawBank"},{"floor":9,"key":"Bronze Scales"}],"event_choices":[{"damage_healed":0,"gold_gain":0,"cards_transformed":["Strike_R"],"player_choice":"Change","damage_taken":0,"max_hp_gain":0,"max_hp_loss":0,"event_name":"Living Wall","floor":3,"gold_loss":0,"cards_obtained":["Whirlwind"]},{"damage_healed":0,"gold_gain":0,"player_choice":"Lose Max HP","damage_taken":0,"relics_obtained":["Golden Idol"],"max_hp_gain":0,"max_hp_loss":7,"event_name":"Golden Idol","floor":13,"gold_loss":0},{"cards_removed":["Strike_R"],"damage_healed":0,"gold_gain":0,"player_choice":"Gave Gold","damage_taken":0,"max_hp_gain":0,"max_hp_loss":0,"event_name":"Beggar","floor":20,"gold_loss":75}],"is_beta":false,"boss_relics":[{"not_picked":["Tiny House","Runic Cube"],"picked":"Runic Dome"}],"items_purged_floors":[2,10],"is_endless":false,"potions_floor_spawned":[5,6,11,14,18,19],"killed_by":"Centurion and Healer","ascension_level":20}}