{"host":"2lrkmsuh7nz013qb","time":1608112946,"event":{"mods":["BaseMod","Colored Map","DeckTracker","Minty Spire (QoL Compilation)","SuperFastMode","everything is the same but u backflip on backflip"],"gold_per_floor":[117,117,132,149,109,109,124,124,124,124,136,147,163,179,179,179,179],"floor_reached":16,"playtime":538,"items_purged":[],"score":192,"play_id":"6e68c4f9-bf13-4a2c-9725-7f49beee39e9","local_time":"20201216190226","is_ascension_mode":true,"campfire_choices":[{"data":"Cloak And Dagger","floor":6,"key":"SMITH"},{"data":"Blade Dance","floor":8,"key":"SMITH"},{"floor":15,"key":"REST"}],"circlet_count":0,"master_deck":["AscendersBane","Strike_G","Strike_G","Strike_G","Strike_G","Strike_G","Defend_G","Defend_G","Defend_G","Defend_G","Defend_G","Survivor","Neutralize","Blade Dance+1","Adrenaline","Cloak And Dagger+1","Adrenaline","Calculated Gamble","Flechettes","Deflect"],"relics":["Ring of the Snake","Toy Ornithopter","Smiling Mask","Frozen Egg 2","FaceOfCleric"],"acts_visited":["Exordium"],"potions_floor_usage":[12,14,16],"damage_taken":[{"damage":4,"enemies":"Cultist","floor":1,"turns":5},{"damage":2,"enemies":"Jaw Worm","floor":3,"turns":5},{"damage":4,"enemies":"Small Slimes","floor":4,"turns":3},{"damage":1,"enemies":"Looter","floor":5,"turns":4},{"damage":8,"enemies":"Large Slime","floor":7,"turns":6},{"damage":19,"enemies":"Exordium Thugs","floor":11,"turns":5},{"damage":0,"enemies":"Lots of Slimes","floor":12,"turns":2},{"damage":3,"enemies":"2 Fungi Beasts","floor":13,"turns":4},{"damage":7,"enemies":"Exordium Thugs","floor":14,"turns":3},{"damage":53,"enemies":"The Guardian","floor":16,"turns":13}],"seed_played":"5996170863102982832","potions_obtained":[{"floor":3,"key":"Energy Potion"},{"floor":11,"key":"Explosive Potion"},{"floor":13,"key":"LiquidMemories"}],"is_trial":false,"path_per_floor":["M","T","M","M","M","R","M","R","T","?","M","M","M","M","R","B"],"character_chosen":"THE_SILENT","items_purchased":[],"campfire_rested":1,"item_purchase_floors":[],"current_hp_per_floor":[55,55,53,49,48,48,40,40,40,40,22,28,26,25,46,0,0],"gold":179,"neow_bonus":"RANDOM_COMMON_RELIC","is_daily":false,"chose_seed":false,"campfire_upgraded":2,"win_rate":0.0,"timestamp":1608112946,"path_taken":["M","?","?","M","M","R","M","R","T","?","M","M","?","M","R","BOSS"],"items_purchased_type":[],"build_version":"2020-12-13","purchased_purges":0,"victory":false,"max_hp_per_floor":[66,66,66,66,66,66,66,66,66,66,67,68,69,70,70,70,70],"card_choices":[{"not_picked":["Outmaneuver","Underhanded Strike"],"picked":"Blade Dance","floor":1},{"not_picked":["Underhanded Strike","Sucker Punch","Poisoned Stab"],"picked":"SKIP","floor":3},{"not_picked":["Slice","Dagger Throw"],"picked":"Adrenaline","floor":4},{"not_picked":["Underhanded Strike","Calculated Gamble"],"picked":"Cloak And Dagger","floor":5},{"not_picked":["Quick Slash","Dodge and Roll"],"picked":"Adrenaline","floor":7},{"not_picked":["Catalyst","Escape Plan","Endless Agony"],"picked":"SKIP","floor":11},{"not_picked":["Eviscerate","Flying Knee"],"picked":"Calculated Gamble","floor":12},{"not_picked":["Heel Hook","Dagger Spray"],"picked":"Flechettes","floor":13},{"not_picked":["All Out Attack","Sucker Punch"],"picked":"Deflect","floor":14}],"player_experience":665031,"relics_obtained":[{"floor":2,"key":"Smiling Mask"},{"floor":9,"key":"Frozen Egg 2"}],"event_choices":[{"damage_healed":0,"gold_gain":0,"player_choice":"Trade","damage_taken":0,"relics_obtained":["FaceOfCleric"],"max_hp_gain":0,"max_hp_loss":0,"event_name":"FaceTrader","floor":10,"gold_loss":0}],"is_beta":false,"boss_relics":[],"items_purged_floors":[],"is_endless":false,"potions_floor_spawned":[3,11,13],"killed_by":"The Guardian","ascension_level":20}}