{"host":"csp9nt53rootlkah","time":1608120683,"event":{"mods":["Act Like it!","Astrologer","BaseMod","Colored Powertips","Friendly Minions","Gensokyo","Highlight Path","Minty Spire (QoL Compilation)","Quick Restart","Replay The Spire","StSLib","TestMod","The Factory","The Jungle"],"gold_per_floor":[15,32,32,43,59,90,90,110,110,120,135,149,149,149,149,251,251,251,251],"floor_reached":18,"playtime":1506,"items_purged":[],"score":166,"play_id":"01d41b75-646c-4fe9-8f43-4472165646ae","local_time":"20201216201123","is_ascension_mode":false,"campfire_choices":[{"data":"astrologer:Novile","floor":7.0,"key":"SMITH"},{"data":"astrologer:TheStar","floor":13.0,"key":"SMITH"},{"floor":15.0,"key":"REST"}],"circlet_count":0,"master_deck":["astrologer:Strike","astrologer:Strike","astrologer:Strike","astrologer:Defend","astrologer:Defend","astrologer:Defend","astrologer:NorthStar","astrologer:TheFool","astrologer:TheHermit","astrologer:ShiningStar","astrologer:TheStar+1","astrologer:Novile+1","astrologer:Stardust","astrologer:FrozenStar","astrologer:Wish"],"relics":["astrologer:SkyMirror","testmod-TestBox","testmod-ArcanaOfDestiny","Gensokyo:NagashiBinaDoll","ReplayFunnel","testmod-IndustrialRevolution","testmod-NegativeEmotionEnhancer"],"acts_visited":["Gensokyo:Gensokyo","TheCity"],"potions_floor_usage":[],"damage_taken":[{"damage":0.0,"enemies":"Gensokyo:Gryphon","floor":1.0,"turns":3.0},{"damage":0.0,"enemies":"Gensokyo:2_Kodama","floor":2.0,"turns":3.0},{"damage":4.0,"enemies":"Gensokyo:Python","floor":4.0,"turns":3.0},{"damage":3.0,"enemies":"Gensokyo:VengefulSpirit","floor":5.0,"turns":5.0},{"damage":33.0,"enemies":"Gensokyo:Aya","floor":6.0,"turns":6.0},{"damage":7.0,"enemies":"Gensokyo:Python_and_Kodama","floor":8.0,"turns":5.0},{"damage":0.0,"enemies":"Gensokyo:2_Rabbits","floor":10.0,"turns":5.0},{"damage":0.0,"enemies":"Gensokyo:Gryphon_and_Rabbit","floor":11.0,"turns":5.0},{"damage":7.0,"enemies":"Gensokyo:Python_and_Kodama","floor":12.0,"turns":6.0},{"damage":2.0,"enemies":"Gensokyo:Kokoro","floor":16.0,"turns":13.0},{"damage":13,"enemies":"Chosen","floor":18,"turns":5}],"seed_played":"6215601475722169091","potions_obtained":[{"floor":6.0,"key":"Weak Potion"},{"floor":8.0,"key":"Energy Potion"},{"floor":12.0,"key":"Flashbang"}],"is_trial":false,"path_per_floor":["M","M","?","M","M","E","R","M","T","M","M","M","R","?","R","B",null,"M"],"character_chosen":"ASTROLOGER","items_purchased":[],"campfire_rested":1,"item_purchase_floors":[],"current_hp_per_floor":[84,84,84,80,77,44,44,37,37,37,37,30,30,14,39,37,84,71,71],"gold":251,"neow_bonus":"TWENTY_PERCENT_HP_BONUS","is_daily":false,"chose_seed":false,"campfire_upgraded":2,"win_rate":0.0,"timestamp":1608120683,"path_taken":["M","M","?","M","M","E","R","?","T","M","M","?","R","?","R","BOSS","M"],"items_purchased_type":[],"build_version":"2020-12-13","purchased_purges":0,"victory":false,"max_hp_per_floor":[84,84,84,84,84,84,84,84,84,84,84,84,84,84,84,84,84,84,84],"card_choices":[{"not_picked":["astrologer:ReadTheStars","astrologer:FrozenStar"],"picked":"astrologer:TheHermit","floor":1.0},{"not_picked":["astrologer:GlassStar","astrologer:SpaceDust"],"picked":"astrologer:ShiningStar","floor":2.0},{"not_picked":["astrologer:Opposition","astrologer:MeteorShower"],"picked":"astrologer:TheStar","floor":4.0},{"not_picked":["astrologer:Opposition","astrologer:Eclipse"],"picked":"astrologer:Novile","floor":5.0},{"not_picked":["astrologer:Conjunction","astrologer:Opposition","astrologer:TheHighPriestess"],"picked":"SKIP","floor":6.0},{"not_picked":["astrologer:Eclipse","astrologer:TheStar","astrologer:Conjunction"],"picked":"SKIP","floor":8.0},{"not_picked":["astrologer:CometStrike","astrologer:CrystalBall","astrologer:ReadTheStars"],"picked":"SKIP","floor":10.0},{"not_picked":["astrologer:RejectReality","astrologer:SolarFlare"],"picked":"astrologer:Stardust","floor":11.0},{"not_picked":["astrologer:Divination","astrologer:Stardust"],"picked":"astrologer:FrozenStar","floor":12.0},{"not_picked":["astrologer:DarkMatter","astrologer:RejectReality"],"picked":"astrologer:Wish","floor":16.0}],"player_experience":117971,"relics_obtained":[{"floor":6.0,"key":"ReplayFunnel"},{"floor":9.0,"key":"testmod-IndustrialRevolution"}],"event_choices":[],"is_beta":false,"boss_relics":[{"not_picked":["testmod-BloodSacrificeSpiritualization","Snecko Eye"],"picked":"testmod-NegativeEmotionEnhancer"}],"items_purged_floors":[],"is_endless":false,"potions_floor_spawned":[6,8,12,16],"killed_by":"Chosen","ascension_level":0}}