{"host":"cccop0r9ue4xv1s4","time":1608142167,"event":{"mods":["AchievementEnabler","BaseMod","Downfall","Marisa¡]Ãú«B¡@Å]²z¨F¡^","Minty Spire (QoL Compilation)","Quick Restart","Shop Mod","StSLib","SuperFastMode","The Servant 0.9.4"],"gold_per_floor":[99,118,118,43,61,61,136,136,199,199,210,41,53,53,70,166,166,166,176,176,192,192,192,192,292,292,317,332,21,90,540,554,554,554],"floor_reached":33,"playtime":2425,"items_purged":[],"score":305,"play_id":"d8bff0b0-098b-40d0-9904-b2831cfc5bfe","local_time":"20201217020927","is_ascension_mode":false,"campfire_choices":[{"floor":1.0,"key":"RECALL"},{"data":"hexamod:Float","floor":4.0,"key":"SMITH"},{"data":"hexamod:RecurringNightmare","floor":10.0,"key":"SMITH"},{"data":"hexamod:EmpoweringStance","floor":18,"key":"SMITH"},{"data":"hexamod:SkipABeat","floor":20,"key":"SMITH"},{"data":"hexamod:PowerFromBeyond","floor":23,"key":"SMITH"},{"data":"hexamod:Sear","floor":26,"key":"SMITH"}],"circlet_count":0,"master_deck":["hexamod:Strike","hexamod:Strike","hexamod:Strike","hexamod:Defend","hexamod:Defend","hexamod:Defend+1","hexamod:Defend+1","hexamod:Sear+1","hexamod:Float+1","hexamod:SpectersWail","hexamod:PowerFromBeyond+1","hexamod:RecurringNightmare+1","hexamod:SkipABeat+1","hexamod:EmpoweringStance+1","hexamod:StepThrough","Shame","Injury","hexamod:PowerFromBeyond","hexamod:RadiantFlame","hexamod:StepThrough","hexamod:GhostflameBarrier"],"relics":["hexamod:SpiritBrand","Bag of Preparation","downfall:HeartBlessingRed","Singing Bowl","Mummified Hand","Pen Nib","Cursed Key","Boot","Lantern","downfall:CloakOfManyFaces","CultistMask","FaceOfCleric","NlothsMask","GremlinMask","SsserpentHead","War Paint","Vajra","Cauldron","Old Coin","InkBottle"],"acts_visited":["Exordium","TheCity"],"potions_floor_usage":[16,16,16,25,30,31],"damage_taken":[{"damage":0.0,"enemies":"2 Louse","floor":2.0,"turns":3.0},{"damage":0.0,"enemies":"Small Slimes","floor":5.0,"turns":3.0},{"damage":18.0,"enemies":"Gremlin Nob","floor":9.0,"turns":4.0},{"damage":0.0,"enemies":"Jaw Worm","floor":11.0,"turns":3.0},{"damage":0.0,"enemies":"downfall:FleeingMerchant","floor":12.0,"turns":4.0},{"damage":2.0,"enemies":"Lots of Slimes","floor":13.0,"turns":3.0},{"damage":0.0,"enemies":"3 Louse","floor":15.0,"turns":2.0},{"damage":26,"enemies":"downfall:Ironclad","floor":16,"turns":10},{"damage":0,"enemies":"Shell Parasite","floor":19,"turns":5},{"damage":22,"enemies":"Shelled Parasite and Fungi","floor":21,"turns":5},{"damage":19,"enemies":"downfall:FaceTrader","floor":25,"turns":8},{"damage":24,"enemies":"Book of Stabbing","floor":27,"turns":5},{"damage":0,"enemies":"Centurion and Healer","floor":28,"turns":7},{"damage":7,"enemies":"downfall:FleeingMerchant","floor":29,"turns":4},{"damage":5,"enemies":"Sentry and Sphere","floor":30,"turns":4},{"damage":3,"enemies":"Colosseum Nobs","floor":31,"turns":5},{"damage":22,"enemies":"Chosen and Byrds","floor":32,"turns":5},{"damage":7,"enemies":"downfall:Defect","floor":33,"turns":3}],"seed_played":"-472615421707846521","potions_obtained":[{"floor":11.0,"key":"Block Potion"},{"floor":13.0,"key":"Dexterity Potion"},{"floor":15.0,"key":"Block Potion"},{"floor":21,"key":"Regen Potion"},{"floor":25,"key":"Fire Potion"},{"floor":29,"key":"Fire Potion"},{"floor":29,"key":"CultistPotion"},{"floor":31,"key":"SpeedPotion"}],"is_trial":false,"path_per_floor":["R","M","?","R","M","?","T","?","?","R","M","$","M","?","M","B",null,"R","M","R","M","?","R","T","?","R","E","M","$","M","?","M","B"],"character_chosen":"THE_SPIRIT","items_purchased":["Pen Nib","Vajra","Cauldron"],"campfire_rested":0,"item_purchase_floors":[12,29,29],"current_hp_per_floor":[70,70,70,70,70,70,70,70,52,52,54,56,54,54,56,30,76,76,76,76,56,56,56,56,54,54,31,32,26,24,24,3,0,0],"gold":554,"neow_bonus":"RANDOM_COMMON_RELIC","is_daily":false,"chose_seed":false,"campfire_upgraded":6,"win_rate":0.0,"timestamp":1608142167,"path_taken":["R","M","?","R","M","?","T","?","?","R","?","?","M","?","M","BOSS","R","M","R","?","?","R","T","?","R","E","M","$","?","?","M","BOSS"],"items_purchased_type":["Relic","Relic","Relic"],"build_version":"2020-12-13","purchased_purges":0,"victory":false,"max_hp_per_floor":[70,70,70,70,70,70,70,70,70,70,72,74,74,74,76,76,76,76,76,76,78,78,78,78,80,80,81,82,83,86,89,90,90,90],"card_choices":[{"not_picked":["hexamod:Firestarter","hexamod:HeatShield"],"picked":"hexamod:SpectersWail","floor":2.0},{"not_picked":["hexamod:GhostOfSpirePast","hexamod:GhostShield"],"picked":"hexamod:PowerFromBeyond","floor":5.0},{"not_picked":["hexamod:ThermalTransfer","hexamod:SpectersWail"],"picked":"hexamod:RecurringNightmare","floor":9.0},{"not_picked":["hexamod:HeatCrush","hexamod:BacktrackSmack","hexamod:BurningTouch"],"picked":"Singing Bowl","floor":11.0},{"not_picked":["hexamod:BacktrackSmack","hexamod:HexaLevel","hexamod:RainOfEmbers"],"picked":"Singing Bowl","floor":12.0},{"not_picked":["hexamod:DynamicBlow","hexamod:BurningTouch"],"picked":"hexamod:SkipABeat","floor":13.0},{"not_picked":["hexamod:ThirdSeal","hexamod:RetreatToShadows","hexamod:GhostOfSpirePast"],"picked":"Singing Bowl","floor":15.0},{"not_picked":["hexamod:UnleashSpirits","hexamod:CrushingStance"],"picked":"hexamod:EmpoweringStance","floor":16},{"not_picked":["hexamod:ShieldOfDarkness","hexamod:NightmareGuise"],"picked":"hexamod:StepThrough","floor":19},{"not_picked":["hexamod:GhostOfSpirePresent+1","hexamod:InspiringFlames","hexamod:ThermalTransfer"],"picked":"Singing Bowl","floor":21},{"not_picked":["hexamod:SwordOfDarkness+1","hexamod:GhostShield","hexamod:RainOfEmbers"],"picked":"Singing Bowl","floor":25},{"not_picked":["hexamod:Rewind","hexamod:InspiringFlames"],"picked":"hexamod:PowerFromBeyond","floor":27},{"not_picked":["hexamod:DynamicBlow","hexamod:AdvancingGuard"],"picked":"hexamod:RadiantFlame","floor":28},{"not_picked":["hexamod:ExtraCrispy","hexamod:Firestarter+1"],"picked":"hexamod:StepThrough","floor":29},{"not_picked":["hexamod:InspiringFlames+1","hexamod:FastForward+1","hexamod:NightmareGuise"],"picked":"Singing Bowl","floor":30},{"not_picked":["hexamod:GhostOfSpirePresent","hexamod:BacktrackSmack","hexamod:BurningTouch"],"picked":"Singing Bowl","floor":31},{"not_picked":["hexamod:GhostLash","hexamod:ThermalTransfer"],"picked":"hexamod:GhostflameBarrier","floor":32}],"player_experience":272648,"relics_obtained":[{"floor":7.0,"key":"Singing Bowl"},{"floor":9.0,"key":"Mummified Hand"},{"floor":24,"key":"Lantern"},{"floor":25,"key":"downfall:CloakOfManyFaces"},{"floor":27,"key":"War Paint"},{"floor":31,"key":"Old Coin"},{"floor":31,"key":"InkBottle"}],"event_choices":[{"damage_healed":0.0,"max_hp_gain":0.0,"max_hp_loss":0.0,"gold_gain":0.0,"event_name":"Purifier","player_choice":"Ignored","floor":14.0,"gold_loss":0.0,"damage_taken":0.0},{"damage_healed":0,"gold_gain":0,"player_choice":"Stole Relic","damage_taken":0,"relics_obtained":["Boot"],"max_hp_gain":0,"max_hp_loss":0,"event_name":"Addict","floor":22,"gold_loss":0,"cards_obtained":["Shame"]}],"is_beta":false,"boss_relics":[{"not_picked":["Pandora\u0027s Box","SacredBark"],"picked":"Cursed Key"}],"items_purged_floors":[],"is_endless":false,"potions_floor_spawned":[11,13,15,21,25,31],"killed_by":"downfall:Defect","ascension_level":0}}