{"host":"y1qks9cbebtax51i","time":1608163078,"event":{"mods":["BaseMod","Better Match","Better Silent Start","BetterRewards","Colorless Booster Pack","Conspire","Downfall","Energized Spire","Exacting","GifTheSpireLib","Gremlin Mod","GungeonMod","Halation","Hubris","Hyrulean Relics","Infinite Spire","Magitek Elite","Minty Spire (QoL Compilation)","Rare Cards Sparkle","Replay The Spire","SacredBarkPlus","Small Relic Pack","Spikes Relics","Spire Birthday Party","StSLib","Stuff the Spire","The Construct","The Disciple","Trackpad","Useless Jewels Mod","everything is the same but u backflip on backflip","vexMod"],"gold_per_floor":[99,99,111,121,175,175,175,175,201,201,201,219,231,331,341,441,441,441,441,441,467,495,595,640,653,663,690,265,277,277,294,314,416,416,416,435,435,452,472,472,472],"floor_reached":40,"playtime":5163,"items_purged":[],"score":542,"play_id":"691575f0-89e2-4af2-9cec-a69b4913376e","local_time":"20201216185758","is_ascension_mode":true,"campfire_choices":[{"data":"Slimebound:Defend_Slimebound","floor":1.0,"key":"SMITH"},{"floor":8.0,"key":"REST"},{"data":"Slimebound:GoopSpray","floor":10.0,"key":"SMITH"},{"data":"Slimebound:Strike_Slimebound","floor":18.0,"key":"SMITH"},{"data":"Slimebound:GoopSpray","floor":35,"key":"SMITH"},{"data":"Slimebound:LeechLife","floor":37,"key":"SMITH"}],"circlet_count":0,"master_deck":["Slimebound:Strike_Slimebound+1","Slimebound:Strike_Slimebound+1","Slimebound:Defend_Slimebound+1","Slimebound:Defend_Slimebound","Slimebound:Defend_Slimebound+1","Slimebound:Defend_Slimebound","Slimebound:Split","Slimebound:CorrosiveSpit+1","infinitespire:Fortify+1","Slimebound:LeadByExample","Slimebound:GoopSpray+1","Slimebound:SamplingLick","Slimebound:LeechingTouch","Slimebound:SlimeSpikes","Slimebound:FinishingTackle","Slimebound:SlimeSpikes","Slimebound:RainOfGoop","Slimebound:RollThrough","Slimebound:MassFeed","Slimebound:GoopSpray+1","Slimebound:GoopSpray","Slimebound:MegaLick","Slimebound:ForwardTackle+1","Slimebound:SplitMire+1","Slimebound:Repurpose","Slimebound:GoopSpray","Slimebound:LeechEnergy","Slimebound:SamplingLick","Slimebound:LevelUp","Feint","Assess","Slimebound:Nibble","Slimebound:Equalize","Slimebound:SplitAcid+1","Slimebound:LeechLife+1","Slimebound:SlimeTap+1","Slimebound:LivingWall","Slimebound:RejuvenatingLick"],"relics":["Slimebound:AbsorbEndCombat","Gremlin Food","conspire:Dentures","DemoMod:MonsterBlood","Runic Pyramid","hubris:Icosahedron","hubris:64BitClover","Replay:Accelerometer","Guard_Bracelet","StuffTheSpire:PointBlank","construct:ClawGrip","hubris:CrystalStatue"],"acts_visited":["Exordium","TheCity","TheBeyond"],"potions_floor_usage":[40],"damage_taken":[{"damage":6.0,"enemies":"2 Louse","floor":3.0,"turns":3.0},{"damage":6.0,"enemies":"Small Slimes","floor":4.0,"turns":3.0},{"damage":41.0,"enemies":"3 Sentries","floor":5.0,"turns":8.0},{"damage":15.0,"enemies":"Lagavulin","floor":9.0,"turns":6.0},{"damage":9.0,"enemies":"Jaw Worm","floor":12.0,"turns":3.0},{"damage":9.0,"enemies":"Gremlin Gang","floor":13.0,"turns":4.0},{"damage":33.0,"enemies":"downfall:Heads","floor":14.0,"turns":5.0},{"damage":4.0,"enemies":"2 Fungi Beasts","floor":15.0,"turns":2.0},{"damage":35.0,"enemies":"downfall:Silent","floor":16.0,"turns":8.0},{"damage":4.0,"enemies":"3 Byrds","floor":21.0,"turns":4.0},{"damage":16.0,"enemies":"Chosen","floor":22.0,"turns":5.0},{"damage":23,"enemies":"downfall:Watcher","floor":23,"turns":8},{"damage":4,"enemies":"Centurion and Healer","floor":25,"turns":5},{"damage":10,"enemies":"Snake Plant","floor":26,"turns":4},{"damage":4,"enemies":"conspire:SneckoGhost","floor":27,"turns":6},{"damage":4,"enemies":"downfall:FleeingMerchant","floor":28,"turns":4},{"damage":4,"enemies":"Cultist and Chosen","floor":29,"turns":5},{"damage":21,"enemies":"3 Cultists","floor":31,"turns":5},{"damage":4,"enemies":"Snake Plant","floor":32,"turns":4},{"damage":56,"enemies":"downfall:Ironclad","floor":33,"turns":8},{"damage":11,"enemies":"Orb Walker","floor":36,"turns":4},{"damage":34,"enemies":"3 Darklings","floor":38,"turns":4},{"damage":11,"enemies":"Sphere and 2 Shapes","floor":39,"turns":6},{"damage":117,"enemies":"Nightmare","floor":40,"turns":6}],"seed_played":"-3956663790190770634","potions_obtained":[{"floor":4.0,"key":"Guardian:BlockOnCardUsePotion"},{"floor":5.0,"key":"hexamod:EctoCoolerPotion"},{"floor":13.0,"key":"sneckomod:MuddlingPotion"},{"floor":21.0,"key":"Slimebound:SlimyTonguePotion"},{"floor":21.0,"key":"champ:CounterPotion"},{"floor":22,"key":"champ:CounterPotion"},{"floor":23,"key":"ColorlessPotion"}],"is_trial":false,"path_per_floor":["R","?","M","M","E","?","T","R","E","R","$","M","M","?","M","B",null,"R","?","?","M","M","?","T","M","M","E","$","M","?","M","M","B",null,"R","M","R","M","M","NM"],"character_chosen":"SLIMEBOUND","items_purchased":["Slimebound:LeechEnergy","Slimebound:SamplingLick","Slimebound:LevelUp","Feint","Assess"],"campfire_rested":1,"item_purchase_floors":[28,28,28,28,28],"current_hp_per_floor":[60,45,47,57,40,40,40,58,60,60,60,63,67,51,59,44,67,67,67,67,67,63,67,67,70,67,76,76,76,76,72,76,63,76,76,73,73,68,76,0,0],"gold":472,"neow_bonus":"UPGRADE_CARD","is_daily":false,"chose_seed":false,"campfire_upgraded":5,"win_rate":0.0,"timestamp":1608163078,"path_taken":["R","?","M","M","E","?","T","R","E","R","?","M","M","?","M","BOSS","R","?","?","M","M","?","T","M","M","E","$","M","?","M","M","BOSS","R","M","R","M","M","NM"],"items_purchased_type":["Card","Card","Card","Card","Card"],"build_version":"2020-12-13","purchased_purges":0,"victory":false,"max_hp_per_floor":[60,60,60,60,60,60,60,60,67,67,67,67,67,67,67,67,67,67,67,67,67,67,67,67,70,73,76,76,76,76,76,76,76,76,76,76,76,76,76,76,76],"card_choices":[{"not_picked":["ReplayTheSpireMod:??????????????????????","infinitespire:TheBestDefense"],"picked":"infinitespire:Fortify","floor":2.0},{"not_picked":["Slimebound:Gluttony","Slimebound:GrowthPunch"],"picked":"Slimebound:LeadByExample","floor":3.0},{"not_picked":["Slimebound:Grow","Slimebound:SplitLeeching"],"picked":"Slimebound:GoopSpray","floor":4.0},{"not_picked":["Slimebound:FormOfPuddle","Slimebound:LeechingTouch"],"picked":"Slimebound:SamplingLick","floor":5.0},{"not_picked":["Slimebound:AcidTongue","Slimebound:Schlurp"],"picked":"Slimebound:LeechingTouch","floor":9.0},{"not_picked":["Slimebound:SplitLeeching","Slimebound:LevelUp"],"picked":"Slimebound:SlimeSpikes","floor":12.0},{"not_picked":["Slimebound:RollThrough","Slimebound:SplitLeeching"],"picked":"Slimebound:FinishingTackle","floor":13.0},{"not_picked":["Slimebound:SamplingLick","Slimebound:Recollect"],"picked":"Slimebound:RainOfGoop","floor":14.0},{"not_picked":["Slimebound:Schlurp","Slimebound:Gluttony"],"picked":"Slimebound:RollThrough","floor":15.0},{"not_picked":["Slimebound:MassRepurpose","Slimebound:PrepareCrush"],"picked":"Slimebound:MassFeed","floor":16.0},{"not_picked":["Slimebound:SamplingLick+1","Slimebound:Schlurp"],"picked":"Slimebound:GoopSpray","floor":21.0},{"not_picked":["Slimebound:Gluttony+1","Slimebound:SamplingLick+1"],"picked":"Slimebound:GoopSpray","floor":22},{"not_picked":["Slimebound:FinishingTackle","Slimebound:GrowthPunch"],"picked":"Slimebound:MegaLick","floor":23},{"not_picked":["Slimebound:ViciousTackle+1","Slimebound:SamplingLick+1"],"picked":"Slimebound:ForwardTackle+1","floor":25},{"not_picked":["Slimebound:FinishingTackle","Slimebound:BestDefense"],"picked":"Slimebound:SplitMire+1","floor":26},{"not_picked":["Slimebound:DouseInSlime","Slimebound:LeechEnergy+1"],"picked":"Slimebound:Repurpose","floor":27},{"not_picked":["Slimebound:MinionMaster","Slimebound:Schlurp+1"],"picked":"Slimebound:GoopSpray","floor":28},{"not_picked":["Slimebound:RollThrough","Slimebound:Dissolve"],"picked":"Slimebound:Nibble","floor":29},{"not_picked":["Slimebound:SlimeSpikes","Slimebound:Schlurp"],"picked":"Slimebound:Equalize","floor":31},{"not_picked":["Slimebound:Repurpose","Slimebound:GrowthPunch"],"picked":"Slimebound:SplitAcid+1","floor":32},{"not_picked":["Slimebound:OneTwoCombo","Slimebound:Overexert"],"picked":"Slimebound:LeechLife","floor":33},{"not_picked":["Slimebound:ItLooksTasty","Slimebound:PressTheAttack"],"picked":"Slimebound:SlimeTap+1","floor":36},{"not_picked":["Slimebound:SlimeTap+1","Slimebound:RollThrough"],"picked":"Slimebound:LivingWall","floor":38},{"not_picked":["Slimebound:FinishingTackle","Slimebound:SlimeBrawl"],"picked":"Slimebound:RejuvenatingLick","floor":39}],"player_experience":978060,"relics_obtained":[{"floor":5.0,"key":"Gremlin Food"},{"floor":7.0,"key":"conspire:Dentures"},{"floor":9.0,"key":"DemoMod:MonsterBlood"},{"floor":23,"key":"hubris:64BitClover"},{"floor":23,"key":"Replay:Accelerometer"},{"floor":24,"key":"Guard_Bracelet"},{"floor":27,"key":"StuffTheSpire:PointBlank"},{"floor":36,"key":"hubris:CrystalStatue"}],"event_choices":[{"damage_healed":0,"gold_gain":0,"player_choice":"Ignored","damage_taken":0,"max_hp_gain":0,"max_hp_loss":0,"event_name":"Ghosts","floor":30,"gold_loss":0}],"is_beta":false,"boss_relics":[{"not_picked":["trackpad:Trackpad","hubris:RunicObelisk"],"picked":"Runic Pyramid"},{"not_picked":["infinitespire:Cupcake","StuffTheSpire:RunicHypercube"],"picked":"construct:ClawGrip"}],"items_purged_floors":[],"is_endless":false,"potions_floor_spawned":[4,5,13,21,22,23,29,31,33,39],"killed_by":"Nightmare","ascension_level":1}}