{"host":"ceopyqoizwrgii5g","time":1608099372,"event":{"mods":["Act Like it!","Aspiration","BaseMod","BetterRewards","CapriCore","Conspire","Dota2Spire","GungeonMod","Hallownest","Hermit","Infinite Spire","Luminous","Marisa（霧雨　魔理沙）","Minty Spire (QoL Compilation)","Permanent Neow","Quick Restart","Reimu（博???）","Remilia（蕾米莉?）","Replay The Spire","Robot Space Explorer","RumiaBox-露米?的神秘盒子","SOS（斯巴?之子）","Shop Mod","Spicy Shops","StSLib","SuperFastMode","The Bug Knight","The Cursed","Transform Curses","WarShipGirlsR/??少女R mod","Youmu（魂魄妖?）","【?方二次?作】八云紫mod","【功能Mod】混沌之?修复?丁"],"gold_per_floor":[112,187,187,187,199,234,234,244,244,269,269,282,295,328,503,577,577,593,608,621,636,596,596,627,627,627,627,638,655,671,684,704,704,704,780,780,780],"floor_reached":36,"playtime":3306,"items_purged":[],"score":1101,"play_id":"508cb347-58cf-46a9-b419-6c2d83e86f41","local_time":"20201216141612","is_ascension_mode":true,"campfire_choices":[{"data":"TheCursedMod:CircleOfWindfury","floor":11,"key":"SMITH"},{"data":"TheCursedMod:CircleOfCorruption","floor":23,"key":"SMITH"},{"data":"TheCursedMod:CircleOfCorruption","floor":27,"key":"SMITH"},{"data":"TheCursedMod:CircleOfAbyss","floor":33,"key":"SMITH"}],"circlet_count":0,"master_deck":["TheCursedMod:CursedWand","TheCursedMod:CleanUpWorkshop+1","TheCursedMod:Wield","Finesse","TheCursedMod:Stretching+1","TheCursedMod:Stretching+1","TheCursedMod:CircleOfCorruption+1","TheCursedMod:CircleOfCorruption+1","TheCursedMod:CircleOfWindfury+1","TheCursedMod:CircleOfAbyss+1","TheCursedMod:Stretching+1","TheCursedMod:Stretching+1","TheCursedMod:Stretching+1","TheCursedMod:Stretching+1","TheCursedMod:Wield","TheCursedMod:TroublousMinions","Doubt","TheCursedMod:ReleasedStrength"],"relics":["TheCursedMod:PinkPellets","MerchantsRug","OrangePellets","Replay:Bottled Eggs","aspiration:Nostalgia","RobotSpaceExplorer:RoboCore","DemoMod:GlassGuonStoneRelic","AddBug","SecretRecord","SecretRecord","SecretRecord","SecretRecord","SecretRecord"],"acts_visited":["Exordium","TheCity","TheCity","TheBeyond"],"potions_floor_usage":[],"damage_taken":[{"damage":0,"enemies":"2 Louse","floor":1,"turns":1},{"damage":0,"enemies":"conspire:RoseBush","floor":5,"turns":1},{"damage":0,"enemies":"HollowMod:MossKnight","floor":6,"turns":1},{"damage":0,"enemies":"Jaw Worm","floor":8,"turns":1},{"damage":0,"enemies":"Gremlin Nob","floor":10,"turns":1},{"damage":0,"enemies":"Exordium Wildlife","floor":12,"turns":1},{"damage":0,"enemies":"Gremlin Gang","floor":13,"turns":1},{"damage":0,"enemies":"Replay:BlueRogue","floor":14,"turns":1},{"damage":0,"enemies":"Slime Boss","floor":16,"turns":1},{"damage":0,"enemies":"2 Thieves","floor":18,"turns":1},{"damage":0,"enemies":"Spheric Guardian","floor":19,"turns":1},{"damage":0,"enemies":"Shelled Parasite and Fungi","floor":20,"turns":1},{"damage":0,"enemies":"Cultist and Chosen","floor":21,"turns":1},{"damage":0,"enemies":"Slavers","floor":24,"turns":1},{"damage":0,"enemies":"DemoMod:4_Bullet_Kins","floor":28,"turns":1},{"damage":0,"enemies":"DemoMod:Red_and_blue_shotgun_kin","floor":29,"turns":1},{"damage":0,"enemies":"DemoMod:Red_and_blue_shotgun_kin_with_gunsinger","floor":30,"turns":1},{"damage":0,"enemies":"DemoMod:Veteran_shot_gun_kin_and_red_shotgun_kin_with_gunsinger","floor":31,"turns":1},{"damage":0,"enemies":"DemoMod:Veteran_shot_gun_kin_and_blue_shotgun_kin_with_gunsinger","floor":32,"turns":1},{"damage":0,"enemies":"DemoMod:ResourcefulRat","floor":35,"turns":10}],"seed_played":"-2477129649503817434","potions_obtained":[{"floor":6,"key":"Block Potion"},{"floor":12,"key":"Cursed Concoction"}],"is_trial":false,"path_per_floor":["M","?","?","$","M","E","$","M","T","E","R","M","M","E","R","B",null,"M","M","M","M","?","R","E","?","T","R","M","M","M","M","M","R","B","B",null],"character_chosen":"THE_CURSED","items_purchased":["MerchantsRug","OrangePellets","Replay:Bottled Eggs","aspiration:Nostalgia","DemoMod:GnawedKey"],"campfire_rested":0,"item_purchase_floors":[0,0,0,0,0],"current_hp_per_floor":[64,53,53,53,53,53,53,53,53,53,53,53,53,53,53,53,67,67,67,67,67,67,67,67,59,68,68,68,68,68,68,68,68,68,68,70,70],"gold":780,"neow_bonus":"","is_daily":false,"chose_seed":false,"campfire_upgraded":4,"win_rate":0.0,"timestamp":1608099372,"path_taken":["M","?","?","$","M","E","?","M","T","E","R","M","M","E","R","BOSS","M","M","M","M","?","R","E","?","T","R","M","M","M","M","M","R","BOSS","BOSS"],"items_purchased_type":["Relic","Relic","Relic","Relic","Relic"],"build_version":"2020-12-13","purchased_purges":0,"victory":false,"max_hp_per_floor":[71,71,71,71,71,71,71,71,71,71,71,71,71,71,71,71,71,71,71,71,71,71,71,71,71,71,71,71,71,71,71,71,71,71,71,71,71],"card_choices":[{"not_picked":["TheCursedMod:CursedShiv","TheCursedMod:Obscuration"],"picked":"TheCursedMod:Stretching","floor":1},{"not_picked":["TheCursedMod:HellfireBreathing","TheCursedMod:PrepareRite"],"picked":"TheCursedMod:Stretching","floor":5},{"not_picked":["TheCursedMod:CursedBoomerang","TheCursedMod:Evocation"],"picked":"TheCursedMod:Stretching","floor":6},{"not_picked":["TheCursedMod:PrepareRite","TheCursedMod:CircleOfFlame","TheCursedMod:CursedBlade"],"picked":"SKIP","floor":8},{"not_picked":["TheCursedMod:FleshFromBone","TheCursedMod:CursedSpellbook"],"picked":"TheCursedMod:Stretching","floor":10},{"not_picked":["TheCursedMod:SurpriseAttack","TheCursedMod:RapidMovement","TheCursedMod:CursedMace"],"picked":"SKIP","floor":12},{"not_picked":["TheCursedMod:FleshFromBone","TheCursedMod:BloodBarrier"],"picked":"TheCursedMod:Wield","floor":13},{"not_picked":["TheCursedMod:SmokeScreen","TheCursedMod:CursedAmulet"],"picked":"TheCursedMod:TroublousMinions","floor":14},{"not_picked":["TheCursedMod:CursedShiv","TheCursedMod:CursedAmulet","TheCursedMod:Torture"],"picked":"SKIP","floor":18},{"not_picked":["TheCursedMod:SurpriseAttack","TheCursedMod:AntiAging","TheCursedMod:RavingStaff"],"picked":"SKIP","floor":19},{"not_picked":["TheCursedMod:Torture","TheCursedMod:CursedBoomerang","TheCursedMod:Wield+1"],"picked":"SKIP","floor":20},{"not_picked":["TheCursedMod:BloodBarrier","TheCursedMod:WearCloak"],"picked":"TheCursedMod:ReleasedStrength","floor":21},{"not_picked":["TheCursedMod:BlessingInDisguise","TheCursedMod:SmokeScreen","TheCursedMod:RavingStaff"],"picked":"SKIP","floor":24},{"not_picked":["TheCursedMod:Stigma","TheCursedMod:BlessingInDisguise","TheCursedMod:SpitefulPlan"],"picked":"SKIP","floor":28},{"not_picked":["TheCursedMod:CursedAmulet","TheCursedMod:CircleOfFocus+1","TheCursedMod:SpitefulPlan"],"picked":"SKIP","floor":29},{"not_picked":["TheCursedMod:BlessingInDisguise","TheCursedMod:PrepareRite","TheCursedMod:VitalStrike+1"],"picked":"SKIP","floor":30},{"not_picked":["TheCursedMod:LuckyCharm","TheCursedMod:Mangle","TheCursedMod:CursedBlade"],"picked":"SKIP","floor":31},{"not_picked":["TheCursedMod:SaltUponWound+1","TheCursedMod:Wield","TheCursedMod:TacticalStrike"],"picked":"SKIP","floor":32}],"player_experience":379351,"relics_obtained":[{"floor":1,"key":"AddBug"},{"floor":6,"key":"Frozen Egg 2"},{"floor":9,"key":"Bottled Lightning"},{"floor":10,"key":"Pondfish Scales"},{"floor":12,"key":"SecretRecord"},{"floor":14,"key":"SecretRecord"},{"floor":14,"key":"GodSword7"},{"floor":21,"key":"SecretRecord"},{"floor":24,"key":"Dota2Spire:PowerTreads"},{"floor":25,"key":"PrismaticShard"},{"floor":31,"key":"SecretRecord"},{"floor":36,"key":"DemoMod:RatBoots"},{"floor":36,"key":"DemoMod:ResourcefulSack"},{"floor":36,"key":"DemoMod:PartiallyEatenCheese"},{"floor":36,"key":"Coffee Dripper"},{"floor":36,"key":"Abe\u0027s Treasure"}],"event_choices":[{"damage_healed":0,"gold_gain":75,"player_choice":"Gather Gold","damage_taken":11,"max_hp_gain":0,"max_hp_loss":0,"event_name":"World of Goop","floor":2,"gold_loss":0},{"damage_healed":0,"gold_gain":175,"player_choice":"AGREE","damage_taken":0,"max_hp_gain":0,"max_hp_loss":0,"event_name":"Liars Game","floor":15,"gold_loss":0,"cards_obtained":["Doubt"]},{"damage_healed":0,"gold_gain":0,"player_choice":"??神酒","damage_taken":0,"relics_obtained":["ZunR:ReiMu"],"max_hp_gain":0,"max_hp_loss":0,"event_name":"ZunEvent","floor":22,"gold_loss":40}],"is_beta":false,"boss_relics":[{"not_picked":["Ring of Chaos","Ectoplasm"],"picked":"aspiration:RitualDagger"},{"not_picked":[]}],"items_purged_floors":[],"is_endless":false,"potions_floor_spawned":[6,12,13,14,16,20,24,28,30,31,32],"ascension_level":14}}