{"host":"6bsan6hkua32tfq7","time":1608104797,"event":{"mods":["BaseMod","Better Third Choice","Colored Map","Highlight Path","Minty Spire (QoL Compilation)","StSLib"],"gold_per_floor":[115,115,135,150,168,199,199,225,225,225,236,246,246,246,246,246,246],"floor_reached":16,"playtime":385,"items_purged":[],"score":204,"play_id":"183754f8-834a-4b23-95cf-0f46f8ea2c5e","local_time":"20201216084637","is_ascension_mode":true,"campfire_choices":[{"floor":7,"key":"REST"},{"floor":10,"key":"REST"},{"data":"Malaise","floor":15,"key":"SMITH"}],"circlet_count":0,"master_deck":["AscendersBane","Strike_G","Strike_G","Strike_G","Strike_G","Strike_G","Defend_G","Defend_G","Defend_G","Defend_G","Survivor","Neutralize+1","Noxious Fumes","Terror","Malaise+1","Dodge and Roll","Slice","PiercingWail","Dodge and Roll","Accuracy"],"relics":["HoveringKite","MealTicket","Potion Belt","Blue Candle","Golden Idol"],"acts_visited":["Exordium"],"potions_floor_usage":[5,6,6,11,16],"damage_taken":[{"damage":1,"enemies":"2 Louse","floor":1,"turns":4},{"damage":8,"enemies":"Cultist","floor":3,"turns":5},{"damage":4,"enemies":"Jaw Worm","floor":4,"turns":4},{"damage":6,"enemies":"Large Slime","floor":5,"turns":9},{"damage":39,"enemies":"Gremlin Nob","floor":6,"turns":6},{"damage":25,"enemies":"Gremlin Gang","floor":11,"turns":6},{"damage":0,"enemies":"3 Louse","floor":12,"turns":5},{"damage":20,"enemies":"The Guardian","floor":16,"turns":2}],"seed_played":"-3800688043305742737","potions_obtained":[{"floor":1,"key":"DistilledChaos"},{"floor":4,"key":"EntropicBrew"},{"floor":11,"key":"Strength Potion"}],"is_trial":false,"path_per_floor":["M","?","M","M","M","E","R","T","T","R","M","M","?","?","R","B"],"character_chosen":"THE_SILENT","items_purchased":[],"campfire_rested":2,"item_purchase_floors":[],"current_hp_per_floor":[58,58,50,46,40,1,20,20,20,39,14,14,14,14,14,0,0],"gold":246,"neow_bonus":"BOSS_RELIC","is_daily":false,"chose_seed":false,"campfire_upgraded":1,"win_rate":0.0,"timestamp":1608104797,"path_taken":["M","?","M","?","?","E","R","?","T","R","M","M","?","?","R","BOSS"],"items_purchased_type":[],"build_version":"2020-12-13","purchased_purges":0,"victory":false,"max_hp_per_floor":[66,66,66,66,66,66,66,66,66,66,66,66,60,60,60,60,60],"card_choices":[{"not_picked":["Predator","Slice"],"picked":"Noxious Fumes","floor":1},{"not_picked":["Backflip","Bane"],"picked":"Terror","floor":3},{"not_picked":["Acrobatics","PiercingWail"],"picked":"Malaise","floor":4},{"not_picked":["Caltrops","Cloak And Dagger"],"picked":"Dodge and Roll","floor":5},{"not_picked":["Skewer","Bane"],"picked":"Slice","floor":6},{"not_picked":["Dodge and Roll","Deflect"],"picked":"PiercingWail","floor":11},{"not_picked":["Prepared","Storm of Steel"],"picked":"Dodge and Roll","floor":12}],"player_experience":5173497,"relics_obtained":[{"floor":6,"key":"MealTicket"},{"floor":8,"key":"Potion Belt"},{"floor":9,"key":"Blue Candle"}],"event_choices":[{"damage_healed":0,"gold_gain":0,"player_choice":"Upgraded","damage_taken":0,"max_hp_gain":0,"max_hp_loss":0,"event_name":"Upgrade Shrine","floor":2,"gold_loss":0,"cards_upgraded":["Neutralize"]},{"damage_healed":0,"gold_gain":0,"player_choice":"Lose Max HP","damage_taken":0,"relics_obtained":["Golden Idol"],"max_hp_gain":0,"max_hp_loss":6,"event_name":"Golden Idol","floor":13,"gold_loss":0},{"damage_healed":0,"gold_gain":0,"cards_transformed":["Defend_G"],"player_choice":"Transformed","damage_taken":0,"max_hp_gain":0,"max_hp_loss":0,"event_name":"Transmorgrifier","floor":14,"gold_loss":0,"cards_obtained":["Accuracy"]}],"is_beta":false,"boss_relics":[],"items_purged_floors":[],"is_endless":false,"potions_floor_spawned":[1,4,11],"killed_by":"The Guardian","ascension_level":20}}