{"host":"bnl7o5cb2omwu7ka","time":1608095386,"event":{"mods":["AchievementEnabler","BaseMod","BetterRewards","Block Reminder","Colored Map","Colored Powertips","Conspire","Defective Defect","Downfall","Energized Spire","Googly Eyes","Highlight Path","Infinite Spire","Ironclad Rager","Jedi Mod","Mimic Mod","Minty Spire (QoL Compilation)","Permanent Neow","Quick Restart","Rare Cards Sparkle","Replay The Spire","Spikes Relics","StSLib","The IronCluck","egg","everything is the same but u backflip on backflip","slay the spire mod where everything is the same but ironclad has a cowboy hat"],"gold_per_floor":[199,215,81,92,106,106,158,178,191,224,251,270,50,50,70,170,170,170,181,196,196,196,196,243,254,288,288,150,162,174,174,193,290,290,290,316,332,384,401,461,494,514,526,526,585,281,281,310,326,326],"floor_reached":51,"playtime":9079,"items_purged":["Slimebound:Strike_Slimebound","Slimebound:Strike_Slimebound","Slimebound:Strike_Slimebound"],"score":707,"play_id":"0ab64ecb-5de4-4d81-9a3d-856335c445bc","local_time":"20201216000945","is_ascension_mode":false,"campfire_choices":[{"data":"Slimebound:CorrosiveSpit","floor":1.0,"key":"SMITH"},{"data":"Slimebound:FirmFortitude","floor":18,"key":"SMITH"},{"data":"Slimebound:SlimeBarrage","floor":21,"key":"SMITH"},{"data":"Slimebound:Dissolve","floor":23,"key":"SMITH"},{"data":"Slimebound:GoopSpray","floor":27,"key":"SMITH"},{"data":"Slimebound:Split","floor":35,"key":"SMITH"},{"data":"Slimebound:RejuvenatingLick","floor":44,"key":"SMITH"}],"circlet_count":0,"master_deck":["Slimebound:Tackle","Slimebound:Defend_Slimebound","Slimebound:Defend_Slimebound","Slimebound:Defend_Slimebound","Slimebound:Defend_Slimebound","Slimebound:Split+1","Slimebound:CorrosiveSpit+1","Slimebound:FirmFortitude+1","Slimebound:LeechEnergy","Slimebound:SplitAcid","Slimebound:DisruptingSlam","Slimebound:GrowthPunch","Slimebound:MassRepurpose","Slimebound:SplitAcid","Slimebound:RollThrough","Slimebound:SplitMire","Slimebound:OozeBath","Slimebound:SlimeBarrage+1","Slimebound:OneTwoCombo","Slimebound:SplitBruiser","Slimebound:LeechingTouch","Slimebound:OozeBath","Slimebound:Dissolve+1","Slimebound:GoopSpray+1","Slimebound:SlimeSpikes+1","Slimebound:ItLooksTasty","Slimebound:SamplingLick+1","Slimebound:ViciousTackle","Slimebound:Schlurp","Slimebound:Split+1","Slimebound:PressTheAttack+1","Slimebound:LeechingTouch","Slimebound:ComboTackle","Slimebound:Equalize+1","Slimebound:SplitLeeching","Slimebound:RejuvenatingLick+1","Slimebound:MegaLick+1","infinitespire:NeuralNetwork","infinitespire:Gouge","Slimebound:Repurpose+1"],"relics":["Slimebound:AbsorbEndCombat","downfall:ShatteredFragment","Bronze Scales","Letter Opener","Odd Mushroom","HandDrill","Slimebound:TarBlob","downfall:KnowingSkull","Oddly Smooth Stone","conspire:BottledYoYo","Replay:Bronze Core","jedi:crownofsimplicity","infinitespire:Golems Mask","GiantMaggot","conspire:Flyswatter","Replay:Baseball","Painkiller Herb","jedi:kaleidoscope"],"acts_visited":["Exordium","TheCity","TheBeyond"],"potions_floor_usage":[33],"damage_taken":[{"damage":8.0,"enemies":"Cultist","floor":2.0,"turns":3.0},{"damage":6.0,"enemies":"downfall:FleeingMerchant","floor":3.0,"turns":4.0},{"damage":10.0,"enemies":"conspire:RoseBush","floor":4.0,"turns":3.0},{"damage":6.0,"enemies":"2 Louse","floor":5.0,"turns":2.0},{"damage":13.0,"enemies":"Blue Slaver","floor":8.0,"turns":2.0},{"damage":11.0,"enemies":"Lots of Slimes","floor":9.0,"turns":2.0},{"damage":34.0,"enemies":"Lagavulin","floor":10.0,"turns":5.0},{"damage":17.0,"enemies":"The Mushroom Lair","floor":11.0,"turns":2.0},{"damage":12.0,"enemies":"Large Slime","floor":12.0,"turns":4.0},{"damage":22.0,"enemies":"downfall:FleeingMerchant","floor":13.0,"turns":4.0},{"damage":15.0,"enemies":"3 Louse","floor":15.0,"turns":3.0},{"damage":60.0,"enemies":"downfall:Defect","floor":16.0,"turns":5.0},{"damage":7,"enemies":"Chosen","floor":19,"turns":3},{"damage":23,"enemies":"Snecko","floor":20,"turns":4},{"damage":14,"enemies":"Cultist and Chosen","floor":25,"turns":3},{"damage":16,"enemies":"conspire:Head Lice","floor":26,"turns":4},{"damage":20,"enemies":"downfall:FleeingMerchant","floor":28,"turns":4},{"damage":33,"enemies":"Snake Plant","floor":29,"turns":2},{"damage":13,"enemies":"3 Cultists","floor":30,"turns":3},{"damage":12,"enemies":"Centurion and Healer","floor":32,"turns":4},{"damage":61,"enemies":"downfall:Silent","floor":33,"turns":5},{"damage":25,"enemies":"Reptomancer","floor":36,"turns":4},{"damage":6,"enemies":"Orb Walker","floor":37,"turns":3},{"damage":27,"enemies":"3 Darklings","floor":38,"turns":2},{"damage":10,"enemies":"4 Shapes","floor":39,"turns":2},{"damage":27,"enemies":"Spire Growth","floor":40,"turns":3},{"damage":31,"enemies":"Transient","floor":41,"turns":5},{"damage":28,"enemies":"Transient","floor":42,"turns":5},{"damage":47,"enemies":"Maw","floor":43,"turns":5},{"damage":21,"enemies":"3 Darklings","floor":45,"turns":2},{"damage":19,"enemies":"downfall:FleeingMerchant","floor":46,"turns":2},{"damage":44,"enemies":"4 Shapes","floor":49,"turns":2},{"damage":61,"enemies":"downfall:Ironclad","floor":50,"turns":5}],"seed_played":"-1097112782194267225","potions_obtained":[{"floor":5.0,"key":"Block Potion"},{"floor":9.0,"key":"DuplicationPotion"},{"floor":11.0,"key":"FairyPotion"},{"floor":12.0,"key":"Languid Potion"},{"floor":19,"key":"Slimebound:SlimyTonguePotion"},{"floor":37,"key":"ColorlessPotion"},{"floor":49,"key":"Flashbang"}],"is_trial":false,"path_per_floor":["R","M","$","M","M","?","T","M","M","E","?","M","$","?","M","B",null,"R","M","M","R","?","R","T","M","E","R","$","M","M","?","M","B",null,"R","E","M","M","M","M","MIM","M","M","R","M","$","AVR","?","?","B",null],"character_chosen":"SLIMEBOUND","items_purchased":["Slimebound:SplitAcid","Slimebound:DisruptingSlam","Slimebound:SplitBruiser","HandDrill","Slimebound:ViciousTackle","GiantMaggot","Slimebound:MegaLick+1","conspire:Flyswatter"],"campfire_rested":0,"item_purchase_floors":[3,3,13,13,28,46,46,46],"current_hp_per_floor":[60,60,60,58,58,40,40,35,36,38,49,49,55,55,48,30,60,60,60,57,57,51,51,51,60,60,60,56,45,60,60,60,30,60,60,56,60,60,50,53,60,59,60,60,51,60,60,45,60,50],"gold":326,"neow_bonus":"HUNDRED_GOLD","is_daily":false,"chose_seed":false,"campfire_upgraded":7,"win_rate":0.0,"timestamp":1608095385,"path_taken":["R","M","$","M","M","?","T","M","M","E","?","M","$","?","M","BOSS","R","M","M","R","?","R","T","M","E","R","$","?","M","?","M","BOSS","R","E","?","M","M","M","MIM","M","M","R","M","$","AVR","?","?","BOSS"],"items_purchased_type":["Card","Card","Card","Relic","Card","Relic","Card","Relic"],"build_version":"2020-12-13","purchased_purges":3,"victory":true,"max_hp_per_floor":[60,60,60,60,60,60,60,60,60,60,60,60,60,60,60,60,60,60,60,60,60,60,60,60,60,60,60,60,60,60,60,60,60,60,60,60,60,60,60,60,60,60,60,60,60,60,60,60,60,60],"card_choices":[{"not_picked":["Slimebound:LeechEnergy","Slimebound:Schlurp"],"picked":"Slimebound:FirmFortitude","floor":2.0},{"not_picked":["Slimebound:RollThrough","Slimebound:Replication"],"picked":"Slimebound:LeechEnergy","floor":3.0},{"not_picked":["Slimebound:GoopSpray","Slimebound:AcidTongue"],"picked":"Slimebound:GrowthPunch","floor":4.0},{"not_picked":["Slimebound:TongueLash","Slimebound:ViciousTackle"],"picked":"Slimebound:MassRepurpose","floor":5.0},{"not_picked":["Slimebound:RejuvenatingLick","Slimebound:Grow"],"picked":"Slimebound:SplitAcid","floor":8.0},{"not_picked":["Slimebound:SlimeTap","Slimebound:ViciousTackle"],"picked":"Slimebound:RollThrough","floor":9.0},{"not_picked":["Slimebound:ComboTackle","Slimebound:SlimeSpikes"],"picked":"Slimebound:SplitMire","floor":10.0},{"not_picked":["Slimebound:GrowthPunch","Slimebound:Chomp"],"picked":"Slimebound:OozeBath","floor":11.0},{"not_picked":["Slimebound:SlimeBrawl","Slimebound:SplitMire"],"picked":"Slimebound:SlimeBarrage","floor":12.0},{"not_picked":["Slimebound:SlimeSpikes","Slimebound:ViciousTackle"],"picked":"Slimebound:OneTwoCombo","floor":13.0},{"not_picked":["Slimebound:RainOfGoop","Slimebound:ComboTackle"],"picked":"Slimebound:LeechingTouch","floor":15.0},{"not_picked":["Slimebound:PrepareCrush","Slimebound:MassFeed"],"picked":"Slimebound:OozeBath","floor":16.0},{"not_picked":["Slimebound:ProtectTheBoss","Slimebound:SlimeBrawl"],"picked":"Slimebound:Dissolve","floor":19},{"not_picked":["Slimebound:BestDefense","Slimebound:SplitMire"],"picked":"Slimebound:GoopSpray","floor":20},{"not_picked":["Slimebound:SplitMire","Slimebound:FinishingTackle"],"picked":"Slimebound:SlimeSpikes+1","floor":25},{"not_picked":["Slimebound:SplitMire","Slimebound:MassFeed"],"picked":"Slimebound:ItLooksTasty","floor":26},{"not_picked":["Slimebound:LeechEnergy","Slimebound:LeechingTouch"],"picked":"Slimebound:SamplingLick+1","floor":28},{"not_picked":["Slimebound:Chomp","Slimebound:FinishingTackle+1"],"picked":"Slimebound:Schlurp","floor":29},{"not_picked":["Slimebound:LeechingTouch+1","Slimebound:ItLooksTasty","Slimebound:Overexert"],"picked":"SKIP","floor":30},{"not_picked":["Slimebound:Grow","Slimebound:SplitMire+1"],"picked":"Slimebound:PressTheAttack+1","floor":32},{"not_picked":["Slimebound:Grow","Slimebound:SplitBruiser"],"picked":"Slimebound:LeechingTouch","floor":36},{"not_picked":["Slimebound:SplitMire+1","Slimebound:Schlurp"],"picked":"Slimebound:ComboTackle","floor":37},{"not_picked":["Slimebound:GoopSpray+1","Slimebound:SplitMire+1","Slimebound:ProtectTheBoss+1"],"picked":"SKIP","floor":38},{"not_picked":["Slimebound:ComboTackle+1","Slimebound:GoopSpray+1","Slimebound:RollThrough+1"],"picked":"SKIP","floor":39},{"not_picked":["Slimebound:SlimeSpikes","Slimebound:SamplingLick+1","Slimebound:SplitMire+1"],"picked":"SKIP","floor":40},{"not_picked":["Slimebound:LeechLife","Slimebound:SlimeSpikes"],"picked":"Slimebound:Equalize+1","floor":41},{"not_picked":["Slimebound:AcidTongue","Slimebound:ComboTackle"],"picked":"Slimebound:SplitLeeching","floor":42},{"not_picked":["Slimebound:HauntingLick+1","Slimebound:Schlurp+1"],"picked":"Slimebound:RejuvenatingLick","floor":43},{"not_picked":["Slimebound:ProtectTheBoss","Slimebound:SplitAcid","Slimebound:DisruptingSlam"],"picked":"SKIP","floor":45},{"not_picked":["Slimebound:FormOfPuddle","Slimebound:FinishingTackle","Slimebound:ComboTackle"],"picked":"SKIP","floor":46},{"not_picked":["Slimebound:GoopSpray+1","Slimebound:PressTheAttack+1"],"picked":"Slimebound:Repurpose+1","floor":49}],"player_experience":119873,"relics_obtained":[{"floor":7.0,"key":"Bronze Scales"},{"floor":10.0,"key":"Letter Opener"},{"floor":11.0,"key":"Odd Mushroom"},{"floor":24,"key":"Oddly Smooth Stone"},{"floor":26,"key":"conspire:BottledYoYo"},{"floor":36,"key":"jedi:crownofsimplicity"},{"floor":41,"key":"infinitespire:Golems Mask"},{"floor":48,"key":"jedi:kaleidoscope"}],"event_choices":[{"damage_healed":0.0,"max_hp_gain":0.0,"max_hp_loss":0.0,"gold_gain":0.0,"event_name":"Mushrooms","player_choice":"Fought Mushrooms","floor":11.0,"gold_loss":0.0,"damage_taken":0.0},{"damage_healed":0.0,"max_hp_gain":0.0,"max_hp_loss":0.0,"gold_gain":0.0,"event_name":"Upgrade Shrine","player_choice":"Upgraded","floor":14.0,"gold_loss":0.0,"damage_taken":0.0,"cards_upgraded":["Slimebound:Split"]}],"is_beta":false,"boss_relics":[{"not_picked":["conspire:SeveredTorchhead","Replay:Ancient Bell"],"picked":"Slimebound:TarBlob"},{"not_picked":["ReplayTheSpireMod:DimensionalGlitch","conspire:RunicOctahedron"],"picked":"Replay:Bronze Core"}],"items_purged_floors":[28,46,47],"is_endless":false,"potions_floor_spawned":[5,9,11,12,15,19,20,29,30,37,39,42,45,49],"ascension_level":0}}