{"host":"f0gpob8hq9vgebej","time":1608078169,"event":{"mods":["AchievementEnabler","BaseMod","Googly Eyes","Minty Spire (QoL Compilation)","Quick Restart","SuperFastMode"],"gold_per_floor":[362,312,312,329,342,342,377,391,391,28,28,28],"floor_reached":11,"playtime":195,"items_purged":["Defend_G"],"score":95,"play_id":"93ee3193-2626-49a0-9d7b-3f0c523e1ac0","local_time":"20201216092249","is_ascension_mode":true,"campfire_choices":[{"data":"Tactician","floor":6,"key":"SMITH"}],"circlet_count":0,"master_deck":["Strike_G+1","Strike_G","Strike_G","Strike_G+1","Defend_G","Defend_G","Defend_G","Defend_G","Survivor","Neutralize","Poisoned Stab","PiercingWail","Tactician+1","Prepared","Calculated Gamble","Leg Sweep","Blade Dance"],"relics":["Ring of the Snake","Oddly Smooth Stone","Whetstone","Blood Vial"],"acts_visited":["Exordium"],"potions_floor_usage":[11],"damage_taken":[{"damage":4,"enemies":"Small Slimes","floor":1,"turns":4},{"damage":2,"enemies":"2 Louse","floor":4,"turns":3},{"damage":0,"enemies":"Cultist","floor":5,"turns":3},{"damage":29,"enemies":"Gremlin Nob","floor":7,"turns":5},{"damage":3,"enemies":"Red Slaver","floor":8,"turns":4},{"damage":8,"enemies":"3 Sentries","floor":11,"turns":4}],"seed_played":"-8265522373096405996","potions_obtained":[{"floor":7,"key":"Poison Potion"}],"is_trial":false,"path_per_floor":["M","?","?","M","M","R","E","M","T","$","E"],"character_chosen":"THE_SILENT","items_purchased":["Leg Sweep","Blade Dance","Blood Vial","Strength Potion"],"campfire_rested":0,"item_purchase_floors":[10,10,10,10],"current_hp_per_floor":[41,41,41,39,39,39,10,7,7,7,1,1],"gold":28,"neow_bonus":"TWO_FIFTY_GOLD","is_daily":false,"chose_seed":false,"campfire_upgraded":1,"win_rate":0.0,"timestamp":1608078169,"path_taken":["M","?","?","M","M","R","E","?","T","?","E"],"items_purchased_type":["Card","Card","Relic","Potion"],"build_version":"2020-12-13","purchased_purges":1,"victory":false,"max_hp_per_floor":[70,70,70,70,70,70,70,70,70,70,70,70],"card_choices":[{"not_picked":["Deadly Poison","PiercingWail"],"picked":"Poisoned Stab","floor":1},{"not_picked":["Cloak And Dagger","Dodge and Roll"],"picked":"PiercingWail","floor":4},{"not_picked":["Underhanded Strike","Skewer"],"picked":"Tactician","floor":5},{"not_picked":["Tactician","Backflip"],"picked":"Prepared","floor":7},{"not_picked":["Cloak And Dagger","Setup"],"picked":"Calculated Gamble","floor":8}],"player_experience":144524,"relics_obtained":[{"floor":7,"key":"Oddly Smooth Stone"},{"floor":9,"key":"Whetstone"}],"event_choices":[{"cards_removed":["Strike_G"],"damage_healed":0,"gold_gain":0,"player_choice":"Card Removal","damage_taken":0,"max_hp_gain":0,"max_hp_loss":0,"event_name":"The Cleric","floor":2,"gold_loss":50},{"damage_healed":0,"gold_gain":0,"player_choice":"0 cards matched","damage_taken":0,"max_hp_gain":0,"max_hp_loss":0,"event_name":"Match and Keep!","floor":3,"gold_loss":0,"cards_obtained":[]}],"is_beta":false,"boss_relics":[],"items_purged_floors":[10],"is_endless":false,"potions_floor_spawned":[7],"killed_by":"3 Sentries","ascension_level":6}}