{"host":"3xls0xm49ftugio7","time":1608144855,"event":{"mods":["2.2 Compatiblity","AchievementEnabler","Act Like it!","BaseMod","Colored Powertips","GifTheSpireLib","Hermit","Minty Spire (QoL Compilation)","Quick Restart","Relic Stats","StSLib","The Florist","The Hierophant"],"gold_per_floor":[411,411,12,27,27,59,59,77,103,131,131,156,229,251,251,334,334,345,345,345,325,369,369,397,406,432,5,81,121,128,128],"floor_reached":30,"playtime":866,"items_purged":["hermit:Strike_Hermit","hermit:Strike_Hermit+1"],"score":488,"play_id":"c61d0465-1069-4867-bc80-d2314591dd56","local_time":"20201216205415","is_ascension_mode":true,"campfire_choices":[{"data":"hermit:Gestalt","floor":7,"key":"SMITH"},{"floor":11,"key":"REST"},{"floor":15,"key":"REST"},{"data":"hermit:DeadOrAlive","floor":23,"key":"SMITH"}],"circlet_count":0,"master_deck":["AscendersBane","hermit:Strike_Hermit+1","hermit:Defend_Hermit","hermit:Defend_Hermit","hermit:Defend_Hermit","hermit:Defend_Hermit","hermit:Covet","hermit:SprayPray","hermit:Headshot","hermit:Feint","hermit:Gestalt+1","hermit:Headshot","hermit:FinalCanter","hermit:WideOpen","hermit:CursedWeapon","hermit:DeadOrAlive+1","hermit:GhostlyPresence","hermit:Grudge","hermit:LowProfile","hermit:NoHoldsBarred+1","hermit:Scavenge+1"],"relics":["hermit:Momento","Old Coin","Frozen Egg 2","Bag of Marbles","CeramicFish","Velvet Choker","PreservedInsect","Regal Pillow","ClockworkSouvenir","Eternal Feather"],"acts_visited":["Exordium","TheCity"],"potions_floor_usage":[16,28],"damage_taken":[{"damage":2,"enemies":"Small Slimes","floor":1,"turns":3},{"damage":2,"enemies":"2 Louse","floor":4,"turns":2},{"damage":19,"enemies":"Lagavulin","floor":6,"turns":6},{"damage":7,"enemies":"Jaw Worm","floor":8,"turns":2},{"damage":11,"enemies":"3 Louse","floor":10,"turns":4},{"damage":5,"enemies":"Gremlin Gang","floor":12,"turns":2},{"damage":0,"enemies":"Large Slime","floor":14,"turns":2},{"damage":32,"enemies":"Slime Boss","floor":16,"turns":12},{"damage":4,"enemies":"Chosen","floor":18,"turns":4},{"damage":13,"enemies":"2 Thieves","floor":22,"turns":2},{"damage":28,"enemies":"Snecko","floor":24,"turns":6},{"damage":15,"enemies":"Slavers","floor":28,"turns":6},{"damage":11,"enemies":"Chosen and Byrds","floor":29,"turns":4},{"damage":10,"enemies":"Shelled Parasite and Fungi","floor":30,"turns":3}],"seed_played":"1712076892670676561","potions_obtained":[{"floor":6,"key":"SkillPotion"},{"floor":8,"key":"Energy Potion"},{"floor":12,"key":"SteroidPotion"},{"floor":21,"key":"FairyPotion"}],"is_trial":false,"path_per_floor":["M","?","$","M","$","E","R","M","T","M","R","M","?","M","R","B",null,"M","?","?","?","M","R","M","?","T","$","E","M","M"],"character_chosen":"HERMIT","items_purchased":["hermit:Headshot","Frozen Egg 2","Regal Pillow","ClockworkSouvenir"],"campfire_rested":2,"item_purchase_floors":[3,3,27,27],"current_hp_per_floor":[62,43,43,41,41,22,22,15,15,4,23,18,18,18,37,5,49,45,45,58,58,45,45,17,17,17,17,2,10,0,0],"gold":128,"neow_bonus":"ONE_RARE_RELIC","is_daily":false,"chose_seed":false,"campfire_upgraded":2,"win_rate":0.0,"timestamp":1608144855,"path_taken":["M","?","$","M","$","E","R","M","T","M","R","M","?","M","R","BOSS","M","?","?","?","?","R","M","?","T","$","E","?","M"],"items_purchased_type":["Card","Relic","Relic","Relic"],"build_version":"2020-12-13","purchased_purges":2,"victory":false,"max_hp_per_floor":[64,64,64,64,64,64,64,64,64,64,64,64,64,64,64,64,64,64,64,64,64,64,64,64,64,64,64,64,64,64,64],"relic_stats":{"Regal Pillow":0,"counters":[14,58],"CeramicFish":81,"Eternal Feather":0,"PreservedInsect":42,"obtain_stats":[{"Regal Pillow":27,"CeramicFish":9,"Velvet Choker":17,"Eternal Feather":28,"PreservedInsect":26,"Bag of Marbles":6,"Frozen Egg 2":3,"hermit:Momento":0,"Old Coin":0,"ClockworkSouvenir":27},{"Regal Pillow":11,"CeramicFish":4,"Velvet Choker":8,"Eternal Feather":12,"PreservedInsect":11,"Bag of Marbles":3,"Frozen Egg 2":1,"hermit:Momento":0,"Old Coin":0,"ClockworkSouvenir":11},{"Regal Pillow":45,"CeramicFish":13,"Velvet Choker":33,"Eternal Feather":51,"PreservedInsect":45,"Bag of Marbles":11,"Frozen Egg 2":3,"hermit:Momento":0,"Old Coin":0,"ClockworkSouvenir":45}]},"card_choices":[{"not_picked":["hermit:BodyArmor","hermit:LoneWolf"],"picked":"hermit:SprayPray","floor":1},{"not_picked":["hermit:SprayPray","hermit:Shortfuse"],"picked":"hermit:Feint","floor":4},{"not_picked":["hermit:FlashPowder","hermit:Quickdraw"],"picked":"hermit:Gestalt","floor":6},{"not_picked":["hermit:CalledShot","hermit:Misfire"],"picked":"hermit:Headshot","floor":8},{"not_picked":["hermit:ShadowCloak+1","hermit:Roulette"],"picked":"hermit:FinalCanter","floor":10},{"not_picked":["hermit:Dive","hermit:Ricochet"],"picked":"hermit:WideOpen","floor":12},{"not_picked":["hermit:Vantage","hermit:ItchyTrigger"],"picked":"hermit:CursedWeapon","floor":14},{"not_picked":["hermit:FinalCanter","hermit:Purgatory"],"picked":"hermit:DeadOrAlive","floor":16},{"not_picked":["hermit:Headshot","hermit:Glare","hermit:TakeAim+1"],"picked":"SKIP","floor":18},{"not_picked":["hermit:ItchyTrigger","hermit:Scavenge"],"picked":"hermit:GhostlyPresence","floor":22},{"not_picked":["hermit:Scavenge","hermit:Manifest"],"picked":"hermit:Grudge","floor":24},{"not_picked":["hermit:TakeAim+1","hermit:Feint"],"picked":"hermit:NoHoldsBarred+1","floor":28},{"not_picked":["hermit:LuckOfTheDraw","hermit:Virtue"],"picked":"hermit:Scavenge+1","floor":29}],"player_experience":814853,"relics_obtained":[{"floor":6,"key":"Bag of Marbles"},{"floor":9,"key":"CeramicFish"},{"floor":26,"key":"PreservedInsect"},{"floor":28,"key":"Eternal Feather"}],"event_choices":[{"damage_healed":0,"gold_gain":0,"player_choice":"Entered Light","damage_taken":19,"max_hp_gain":0,"max_hp_loss":0,"event_name":"Shining Light","floor":2,"gold_loss":0,"cards_upgraded":["hermit:Strike_Hermit","hermit:Strike_Hermit"]},{"damage_healed":0,"gold_gain":73,"player_choice":"Gained Gold","damage_taken":0,"max_hp_gain":0,"max_hp_loss":0,"event_name":"Golden Wing","floor":13,"gold_loss":0},{"cards_removed":["hermit:Strike_Hermit"],"damage_healed":0,"gold_gain":0,"player_choice":"Elegance","damage_taken":0,"max_hp_gain":0,"max_hp_loss":0,"event_name":"Back to Basics","floor":19,"gold_loss":0},{"damage_healed":13,"gold_gain":0,"player_choice":"Heal","damage_taken":0,"max_hp_gain":0,"max_hp_loss":0,"event_name":"The Library","floor":20,"gold_loss":0},{"damage_healed":0,"gold_gain":0,"player_choice":"Bought 1 Potion","damage_taken":0,"max_hp_gain":0,"max_hp_loss":0,"event_name":"The Woman in Blue","floor":21,"gold_loss":0},{"damage_healed":0,"gold_gain":0,"cards_transformed":["hermit:Snapshot"],"player_choice":"Transformed","damage_taken":0,"max_hp_gain":0,"max_hp_loss":0,"event_name":"Transmorgrifier","floor":25,"gold_loss":0,"cards_obtained":["hermit:LowProfile"]}],"is_beta":false,"boss_relics":[{"not_picked":["Busted Crown","Tiny House"],"picked":"Velvet Choker"}],"items_purged_floors":[3,27],"is_endless":false,"potions_floor_spawned":[6,8,12,14,22,24],"killed_by":"Shelled Parasite and Fungi","ascension_level":19}}