{"host":"by8i6f8xc0ywpsd5","time":1608137131,"event":{"mods":["BaseMod","Colored Map","Minty Spire (QoL Compilation)","Relic Stats"],"gold_per_floor":[110,127,52,52,70,98,108,108,108,143,153,215,240,284,296,385,397,423,485,422,31,82,115,115,115,138,166,166,192,203,229,229,307,307,326,376,395,414,174,207,44,44,44,75,75,91,129,155,155,155,155,155,155,39,39,39],"floor_reached":55,"playtime":3273,"items_purged":["Blood for Blood","Clothesline"],"score":2162,"play_id":"51b22a50-f394-49ae-b8b4-362fd5d29a53","local_time":"20201216184531","is_ascension_mode":true,"campfire_choices":[{"data":"Armaments","floor":8.0,"key":"SMITH"},{"floor":15.0,"key":"REST"},{"floor":24.0,"key":"REST"},{"floor":28.0,"key":"REST"},{"data":"Dark Embrace","floor":32.0,"key":"SMITH"},{"data":"Barricade","floor":42.0,"key":"SMITH"},{"floor":49.0,"key":"RECALL"},{"data":"Corruption","floor":53.0,"key":"SMITH"}],"circlet_count":0,"master_deck":["AscendersBane","Strike_R+1","Defend_R+1","Defend_R","Defend_R","Defend_R","Bash","Uppercut","Shrug It Off","Twin Strike","Armaments+1","Reaper","Dropkick+1","Dark Embrace+1","Corruption+1","Havoc+1","Flex+1","Spot Weakness+1","Shockwave+1","Berserk","True Grit","Dropkick","Evolve","Sentinel","Barricade+1","Shrug It Off","Sword Boomerang+1","Disarm","Battle Trance","Entrench+1","Disarm+1","Rage+1","Flame Barrier","Flame Barrier","True Grit"],"relics":["Burning Blood","Tiny Chest","Dream Catcher","HornCleat","MawBank","Whetstone","Astrolabe","OrangePellets","Anchor","Boot","Lantern","Regal Pillow","War Paint","Matryoshka","Runic Dome","Juzu Bracelet","Blood Vial","TheAbacus","Centennial Puzzle","Orrery","Toy Ornithopter","The Courier","Frozen Egg 2","CeramicFish"],"acts_visited":["Exordium","TheCity","TheBeyond","TheEnding"],"potions_floor_usage":[55],"damage_taken":[{"damage":2.0,"enemies":"Jaw Worm","floor":1.0,"turns":6.0},{"damage":0.0,"enemies":"2 Louse","floor":2.0,"turns":3.0},{"damage":4.0,"enemies":"Small Slimes","floor":5.0,"turns":3.0},{"damage":30.0,"enemies":"3 Sentries","floor":6.0,"turns":11.0},{"damage":6.0,"enemies":"Looter","floor":7.0,"turns":4.0},{"damage":27.0,"enemies":"Lagavulin","floor":10.0,"turns":8.0},{"damage":16.0,"enemies":"Exordium Wildlife","floor":11.0,"turns":7.0},{"damage":22.0,"enemies":"3 Sentries","floor":12.0,"turns":10.0},{"damage":12.0,"enemies":"Exordium Thugs","floor":13.0,"turns":6.0},{"damage":48.0,"enemies":"3 Sentries","floor":14.0,"turns":10.0},{"damage":23.0,"enemies":"Slime Boss","floor":16.0,"turns":7.0},{"damage":13.0,"enemies":"Shell Parasite","floor":18.0,"turns":5.0},{"damage":38.0,"enemies":"Slavers","floor":23.0,"turns":6.0},{"damage":50.0,"enemies":"Gremlin Leader","floor":27.0,"turns":4.0},{"damage":24.0,"enemies":"3 Byrds","floor":30.0,"turns":6.0},{"damage":20.0,"enemies":"Book of Stabbing","floor":31.0,"turns":5.0},{"damage":0.0,"enemies":"Automaton","floor":33.0,"turns":4.0},{"damage":11.0,"enemies":"3 Darklings","floor":35.0,"turns":4.0},{"damage":29.0,"enemies":"3 Shapes","floor":37.0,"turns":5.0},{"damage":8.0,"enemies":"Transient","floor":38.0,"turns":6.0},{"damage":11.0,"enemies":"Giant Head","floor":40.0,"turns":5.0},{"damage":50.0,"enemies":"Reptomancer","floor":44.0,"turns":3.0},{"damage":4.0,"enemies":"Writhing Mass","floor":46.0,"turns":3.0},{"damage":15.0,"enemies":"Nemesis","floor":47.0,"turns":5.0},{"damage":1.0,"enemies":"4 Shapes","floor":48.0,"turns":7.0},{"damage":15.0,"enemies":"Donu and Deca","floor":50.0,"turns":6.0},{"damage":50.0,"enemies":"Awakened One","floor":51.0,"turns":7.0},{"damage":82,"enemies":"Shield and Spear","floor":55,"turns":3}],"seed_played":"-2034527345329198112","potions_obtained":[{"floor":2.0,"key":"DistilledChaos"},{"floor":5.0,"key":"FearPotion"},{"floor":6.0,"key":"ColorlessPotion"},{"floor":10.0,"key":"Regen Potion"},{"floor":12.0,"key":"Block Potion"},{"floor":14.0,"key":"AttackPotion"},{"floor":23.0,"key":"Block Potion"},{"floor":31.0,"key":"DistilledChaos"},{"floor":38.0,"key":"PowerPotion"},{"floor":46.0,"key":"SteroidPotion"},{"floor":47.0,"key":"PowerPotion"}],"is_trial":false,"path_per_floor":["M","M","?","?","M","E","M","R","T","E","M","?","M","E","R","B",null,"M","?","?","$","T","E","R","?","T","E","R","T","M","E","R","B",null,"M","T","M","M","$","E","$","R","T","E","?","M","E","M","R","B","B",null,"R","$","E"],"character_chosen":"IRONCLAD","items_purchased":["Shockwave","OrangePellets","Anchor","TheAbacus","Orrery","True Grit"],"campfire_rested":3,"item_purchase_floors":[21,21,21,39,41,54],"current_hp_per_floor":[79,82,82,82,82,58,58,58,58,37,31,38,42,12,36,19,66,59,59,59,59,59,53,77,77,77,38,77,77,71,70,70,76,81,82,82,59,77,77,77,77,77,77,38,38,42,59,78,78,74,56,73,73,73,0,0],"gold":39,"neow_bonus":"TEN_PERCENT_HP_BONUS","is_daily":false,"chose_seed":false,"campfire_upgraded":4,"win_rate":0.0,"timestamp":1608137131,"path_taken":["M","M","?","?","M","E","M","R","T","E","M","?","M","E","R","BOSS","M","?","?","$","?","E","R","?","T","E","R","?","?","E","R","BOSS","M","?","M","M","?","E","?","R","T","E","?","M","E","M","R","BOSS","BOSS","R","$","E"],"items_purchased_type":["Card","Relic","Relic","Relic","Relic","Card"],"build_version":"2020-12-13","purchased_purges":2,"victory":false,"max_hp_per_floor":[82,82,82,82,82,82,82,82,82,82,82,82,82,82,82,82,82,82,82,82,82,82,82,82,82,82,82,82,82,82,82,82,82,82,82,82,82,82,82,82,82,82,82,82,78,78,78,78,78,78,78,78,78,78,78,78],"relic_stats":{"Regal Pillow":15,"counters":[28,159],"Astrolabe":["Havoc","Flex","Spot Weakness"],"CeramicFish":27,"Juzu Bracelet":1,"Whetstone":["Strike_R","Dropkick"],"War Paint":["Shockwave","Defend_R"],"MawBank":108,"Boot":[27],"Burning Blood":146,"Blood Vial":16,"OrangePellets":[27],"Dream Catcher":3,"Centennial Puzzle":[18],"TheAbacus":[240],"Tiny Chest":2,"obtain_stats":[{"Lantern":26,"Regal Pillow":27,"Astrolabe":17,"CeramicFish":47,"The Courier":43,"Juzu Bracelet":36,"Whetstone":14,"War Paint":29,"Frozen Egg 2":44,"MawBank":12,"Boot":23,"Burning Blood":0,"Blood Vial":36,"OrangePellets":21,"Runic Dome":34,"Dream Catcher":9,"Anchor":21,"Centennial Puzzle":40,"HornCleat":10,"Matryoshka":31,"TheAbacus":39,"Orrery":41,"Tiny Chest":6,"Toy Ornithopter":43},{"Lantern":13,"Regal Pillow":14,"Astrolabe":11,"CeramicFish":24,"The Courier":21,"Juzu Bracelet":18,"Whetstone":10,"War Paint":14,"Frozen Egg 2":22,"MawBank":7,"Boot":13,"Burning Blood":0,"Blood Vial":18,"OrangePellets":12,"Runic Dome":17,"Dream Catcher":5,"Anchor":12,"Centennial Puzzle":21,"HornCleat":6,"Matryoshka":16,"TheAbacus":20,"Orrery":21,"Tiny Chest":4,"Toy Ornithopter":21},{"Lantern":86,"Regal Pillow":90,"Astrolabe":75,"CeramicFish":136,"The Courier":125,"Juzu Bracelet":109,"Whetstone":68,"War Paint":90,"Frozen Egg 2":128,"MawBank":42,"Boot":86,"Burning Blood":0,"Blood Vial":109,"OrangePellets":80,"Runic Dome":105,"Dream Catcher":27,"Anchor":80,"Centennial Puzzle":125,"HornCleat":35,"Matryoshka":101,"TheAbacus":120,"Orrery":125,"Tiny Chest":23,"Toy Ornithopter":125}],"Toy Ornithopter":11},"card_choices":[{"not_picked":["Pommel Strike","Blood for Blood"],"picked":"Clothesline","floor":1.0},{"not_picked":["Burning Pact","Havoc"],"picked":"Uppercut","floor":2.0},{"not_picked":["Headbutt","Sentinel"],"picked":"Shrug It Off","floor":5.0},{"not_picked":["Demon Form","Cleave"],"picked":"Twin Strike","floor":6.0},{"not_picked":["Sword Boomerang","Carnage"],"picked":"Armaments","floor":7.0},{"not_picked":["Sword Boomerang","Dark Embrace"],"picked":"Reaper","floor":10.0},{"not_picked":["Carnage","Headbutt","Armaments"],"picked":"SKIP","floor":11.0},{"not_picked":["Body Slam","Intimidate"],"picked":"Havoc","floor":12.0},{"not_picked":["Shockwave","Body Slam"],"picked":"Blood for Blood","floor":13.0},{"not_picked":["Twin Strike","Heavy Blade"],"picked":"Dropkick","floor":14.0},{"not_picked":["Sentinel","Iron Wave"],"picked":"Dark Embrace","floor":15.0},{"not_picked":["Exhume","Demon Form"],"picked":"Corruption","floor":16.0},{"not_picked":["Blood for Blood","Iron Wave","Anger"],"picked":"SKIP","floor":18.0},{"not_picked":["Blood for Blood","Iron Wave","Anger"],"picked":"SKIP","floor":18.0},{"not_picked":["Body Slam","Inflame"],"picked":"Berserk","floor":23.0},{"not_picked":["Warcry","Clash"],"picked":"True Grit","floor":24.0},{"not_picked":["Anger","Havoc"],"picked":"Evolve","floor":27.0},{"not_picked":["Headbutt+1","Rampage"],"picked":"Sentinel","floor":30.0},{"not_picked":["Thunderclap","Seeing Red","Anger"],"picked":"SKIP","floor":31.0},{"not_picked":["Berserk","Demon Form"],"picked":"Barricade","floor":33.0},{"not_picked":["Havoc","Thunderclap","Second Wind"],"picked":"SKIP","floor":35.0},{"not_picked":["Clash","Warcry"],"picked":"Shrug It Off","floor":37.0},{"not_picked":["Anger+1","Rampage+1"],"picked":"Sword Boomerang+1","floor":38.0},{"not_picked":["Heavy Blade","Battle Trance+1"],"picked":"Disarm","floor":40.0},{"not_picked":["Evolve","Body Slam"],"picked":"Battle Trance","floor":41.0},{"not_picked":["Cleave+1","Flex+1"],"picked":"Entrench+1","floor":41.0},{"not_picked":["Whirlwind","Cleave+1"],"picked":"Disarm+1","floor":41.0},{"not_picked":["Demon Form+1","Battle Trance"],"picked":"Rage+1","floor":44.0},{"not_picked":["Shockwave","Combust+1","Heavy Blade"],"picked":"SKIP","floor":46.0},{"not_picked":["Twin Strike+1","Havoc"],"picked":"Flame Barrier","floor":47.0},{"not_picked":["Reckless Charge","Havoc"],"picked":"Flame Barrier","floor":48.0}],"player_experience":1678180,"relics_obtained":[{"floor":6.0,"key":"Tiny Chest"},{"floor":9.0,"key":"Dream Catcher"},{"floor":10.0,"key":"HornCleat"},{"floor":14.0,"key":"Whetstone"},{"floor":23.0,"key":"Boot"},{"floor":26.0,"key":"Lantern"},{"floor":27.0,"key":"Regal Pillow"},{"floor":29.0,"key":"War Paint"},{"floor":31.0,"key":"Matryoshka"},{"floor":36.0,"key":"Juzu Bracelet"},{"floor":36.0,"key":"Blood Vial"},{"floor":40.0,"key":"Centennial Puzzle"},{"floor":43.0,"key":"Toy Ornithopter"},{"floor":43.0,"key":"The Courier"},{"floor":44.0,"key":"Frozen Egg 2"},{"floor":47.0,"key":"CeramicFish"}],"event_choices":[{"cards_removed":["Strike_R"],"damage_healed":0.0,"max_hp_gain":0.0,"max_hp_loss":0.0,"gold_gain":0.0,"event_name":"The Cleric","player_choice":"Card Removal","floor":3.0,"gold_loss":75.0,"damage_taken":0.0},{"damage_healed":0.0,"max_hp_gain":0.0,"max_hp_loss":0.0,"gold_gain":0.0,"event_name":"Liars Game","player_choice":"Ignored","floor":4.0,"gold_loss":0.0,"damage_taken":0.0},{"damage_healed":0.0,"max_hp_gain":0.0,"max_hp_loss":0.0,"gold_gain":0.0,"event_name":"Dead Adventurer","player_choice":"Searched \u00272\u0027 times","floor":12.0,"gold_loss":0.0,"damage_taken":0.0,"relics_obtained":["MawBank"]},{"damage_healed":0.0,"max_hp_gain":0.0,"max_hp_loss":0.0,"gold_gain":50.0,"event_name":"Nest","player_choice":"Stole From Cult","floor":19.0,"gold_loss":0.0,"damage_taken":0.0},{"cards_removed":["Havoc"],"damage_healed":0.0,"max_hp_gain":0.0,"max_hp_loss":0.0,"gold_gain":0.0,"event_name":"Beggar","player_choice":"Gave Gold","floor":20.0,"gold_loss":75.0,"damage_taken":0.0},{"damage_healed":0.0,"max_hp_gain":0.0,"max_hp_loss":0.0,"gold_gain":0.0,"event_name":"The Library","player_choice":"Read","floor":25.0,"gold_loss":0.0,"damage_taken":0.0,"cards_obtained":["Dropkick"]},{"damage_healed":0.0,"max_hp_gain":0.0,"max_hp_loss":4.0,"gold_gain":0.0,"event_name":"Winding Halls","player_choice":"Max HP","floor":45.0,"gold_loss":0.0,"damage_taken":0.0}],"is_beta":false,"boss_relics":[{"not_picked":["Velvet Choker","SlaversCollar"],"picked":"Astrolabe"},{"not_picked":["Runic Cube","Tiny House"],"picked":"Runic Dome"}],"items_purged_floors":[39,54],"is_endless":false,"potions_floor_spawned":[2,5,6,10,12,14,23,31,33,38,46,47],"killed_by":"Shield and Spear","ascension_level":20}}