{"host":"87fdiiwflhrwsj8a","time":1608147850,"event":{"mods":["Aspiration","BaseMod","Better Match","Better Note","Better Third Choice","BetterRewards","Colored Map","GifTheSpireLib","Infinite Spire","Minty Spire (QoL Compilation)","Relic Sorter","Replay The Spire","Robot Space Explorer","StSLib","Stuff the Spire","The Cursed"],"gold_per_floor":[113,113,67,67,84,84,109,127,154,182,243,243,339,339,339,364,364,475,475,501,567,626,645,655,690,539,589,589,589,625,685,714,729,729,833,833,854,967,766,889,898,898,985,1035,1035,1121,1121,1213,1336,1440,1440,1440,1440,1440,1220,1332,1332],"floor_reached":58,"playtime":2678,"items_purged":["Replay:Hysterical Blindness"],"score":2482,"play_id":"846f49a2-13c0-46fa-86e1-e2de1f271542","local_time":"20201216144410","is_ascension_mode":true,"campfire_choices":[{"data":"Apotheosis","floor":6,"key":"SMITH"},{"floor":17,"key":"DIG"},{"data":"1","floor":29,"key":"LIFT"},{"data":"2","floor":34,"key":"LIFT"},{"data":"TheCursedMod:NeowsMight","floor":42,"key":"SMITH"},{"floor":47,"key":"RECALL"},{"data":"3","floor":51,"key":"LIFT"},{"data":"TheCursedMod:DarkBarrier","floor":54,"key":"SMITH"}],"circlet_count":0,"master_deck":["TheCursedMod:Strike_TheCursed","TheCursedMod:Defend_TheCursed","TheCursedMod:Defend_TheCursed","TheCursedMod:Defend_TheCursed","TheCursedMod:Defend_TheCursed","TheCursedMod:CursedWand","TheCursedMod:CleanUpWorkshop","TheCursedMod:Dregs","Master of Strategy+1","Apotheosis+1","StuffTheSpire:PlasmaPunch","TheCursedMod:ManaCirculation","TheCursedMod:ManaCirculation","Enlightenment","TheCursedMod:CursedStaff","TheCursedMod:SpitefulPlan","TheCursedMod:RapidMovement","TheCursedMod:DemonicPact","TheCursedMod:DemonicPact","TheCursedMod:RapidMovement","TheCursedMod:CursedRelics","TheCursedMod:CursedRelics","TheCursedMod:CursedStaff+1","TheCursedMod:SurpriseAttack","TheCursedMod:DarkBarrier+1","TheCursedMod:ManaCirculation","TheCursedMod:NeowsMight","TheCursedMod:RapidMovement+1","ReplayTheSpireMod:Splinters","TheCursedMod:NeowsMight+1","infinitespire:FutureSight","TheCursedMod:SpitefulPray+1","TheCursedMod:CursedShiv+1","TheCursedMod:AshesToAshes+1","Apotheosis"],"relics":["TheCursedMod:BlackMagic101","StuffTheSpire:NeowsTribute","StuffTheSpire:GrapeVine","aspiration:Nostalgia","Sizzling Blood","Akabeko","TheCursedMod:CrystalBall","Membership Card","Blue Doll","TungstenRod","Shuriken","Medical Kit","infinitespire:Lychee Nut","ReplayTheSpireMod:CursedCoin","StuffTheSpire:MayFlowers","Happy Flower","Replay:PocketPolymizer","Divine Protection","Durian","Lee\u0027s Waffle","infinitespire:Golems Mask","SsserpentHead","BranchBurnRelic","Matryoshka","Girya","aspiration:Lifesprig","infinitespire:PuzzleCube","Strawberry","CeramicFish","Ring of Chaos","infinitespire:BottledMercury","FossilizedHelix","Replay:Bottled Steam","Art of War","TheCursedMod:SoulVessel","Replay:Drink Me","StuffTheSpire:HistoryBook","Singing Bowl","infinitespire:EvilPickle","Dream Catcher","PreservedInsect","Question Card","infinitespire:Magic Flask","Blood Vial","ClockworkSouvenir","Bag of Preparation"],"acts_visited":["Exordium","TheCity","TheBeyond","TheEnding"],"potions_floor_usage":[18,18],"damage_taken":[{"damage":0,"enemies":"Jaw Worm","floor":1,"turns":3},{"damage":0,"enemies":"Cultist","floor":5,"turns":2},{"damage":0,"enemies":"Gremlin Nob","floor":7,"turns":3},{"damage":0,"enemies":"Small Slimes","floor":8,"turns":2},{"damage":0,"enemies":"3 Sentries","floor":10,"turns":4},{"damage":0,"enemies":"Gremlin Gang","floor":11,"turns":4},{"damage":0,"enemies":"Replay:BlueRogue","floor":16,"turns":3},{"damage":12,"enemies":"Hexaghost","floor":18,"turns":4},{"damage":0,"enemies":"Spheric Guardian","floor":20,"turns":2},{"damage":8,"enemies":"2 Thieves","floor":21,"turns":3},{"damage":3,"enemies":"Snake Plant","floor":23,"turns":2},{"damage":0,"enemies":"Chosen and Byrds","floor":24,"turns":3},{"damage":41,"enemies":"Book of Stabbing","floor":25,"turns":4},{"damage":0,"enemies":"Gremlin Leader","floor":30,"turns":3},{"damage":0,"enemies":"Cultist and Chosen","floor":31,"turns":3},{"damage":0,"enemies":"Slavers","floor":32,"turns":2},{"damage":0,"enemies":"Centurion and Healer","floor":33,"turns":4},{"damage":12,"enemies":"Pondfish","floor":35,"turns":8},{"damage":11,"enemies":"3 Darklings","floor":37,"turns":3},{"damage":0,"enemies":"3 Shapes","floor":40,"turns":2},{"damage":0,"enemies":"R_Hoarder","floor":43,"turns":2},{"damage":0,"enemies":"Jaw Worm Horde","floor":46,"turns":1},{"damage":0,"enemies":"Maw","floor":48,"turns":2},{"damage":0,"enemies":"Reptomancer","floor":49,"turns":1},{"damage":0,"enemies":"3 Darklings","floor":50,"turns":1},{"damage":0,"enemies":"infinitespire:MassOfShapes","floor":52,"turns":2},{"damage":0,"enemies":"Shield and Spear","floor":56,"turns":1},{"damage":0,"enemies":"The Heart","floor":57,"turns":3}],"seed_played":"-3741212590372317623","potions_obtained":[{"floor":1,"key":"Swift Potion"},{"floor":8,"key":"Ancient Potion"},{"floor":10,"key":"Languid Potion"},{"floor":18,"key":"FearPotion"},{"floor":24,"key":"SneckoOil"},{"floor":46,"key":"Fire Potion"}],"is_trial":false,"path_per_floor":["M","?","$","?","M","R","E","M","T","E","M","$","T","PTL","PTL","E","R_BF","B",null,"M","M","?","M","M","E","$","?","T","R","E","M","E","M","R","B",null,"M","?","$","M","AVR","R","E","?","T","M","R","M","E","M","R","B",null,"R","$","E","B",null],"character_chosen":"THE_CURSED","items_purchased":["StuffTheSpire:GrapeVine","aspiration:Nostalgia","Master of Strategy","Apotheosis","Akabeko","StuffTheSpire:PlasmaPunch","Membership Card","Blue Doll","Shuriken","Medical Kit","TheCursedMod:ManaCirculation","ReplayTheSpireMod:CursedCoin","Happy Flower","Divine Protection","Lee\u0027s Waffle","Enlightenment","infinitespire:Golems Mask","TheCursedMod:CursedStaff","TheCursedMod:SpitefulPlan","TheCursedMod:DemonicPact","FossilizedHelix","StuffTheSpire:HistoryBook","Singing Bowl","ClockworkSouvenir","Bag of Preparation","Apotheosis"],"campfire_rested":0,"item_purchase_floors":[0,0,0,0,0,0,0,0,0,0,0,0,0,0,0,0,0,0,0,3,26,39,39,55,55,55],"current_hp_per_floor":[71,71,71,71,71,71,71,71,71,71,71,71,71,71,71,78,78,76,78,78,76,76,78,78,44,44,44,44,44,63,72,78,78,78,78,59,55,55,55,59,59,59,61,61,61,61,61,61,61,63,63,63,63,63,63,65,65],"gold":1332,"neow_bonus":"","is_daily":false,"chose_seed":false,"campfire_upgraded":3,"win_rate":0.0,"timestamp":1608147850,"path_taken":["M","?","?","?","M","R","E","M","T","E","?","$","?","PTL","PTL","E","R_BF","BOSS","M","?","?","M","M","E","$","?","T","R","E","?","E","M","R","BOSS","M","?","$","?","AVR","R","E","?","T","M","R","M","E","M","R","BOSS","R","$","E","BOSS"],"items_purchased_type":["Relic","Relic","Card","Card","Relic","Card","Relic","Relic","Relic","Relic","Card","Relic","Relic","Relic","Relic","Card","Relic","Card","Card","Card","Relic","Relic","Relic","Relic","Relic","Card"],"build_version":"2020-12-13","purchased_purges":1,"victory":true,"max_hp_per_floor":[71,71,71,71,71,71,71,71,71,71,71,71,71,71,71,78,78,78,78,78,78,78,78,78,78,78,78,78,78,78,78,78,78,78,78,59,59,59,59,59,59,59,61,61,61,61,61,61,61,63,63,63,63,63,63,65,65],"card_choices":[{"not_picked":["TheCursedMod:CircleOfFlame","TheCursedMod:Stretching"],"picked":"TheCursedMod:RapidMovement","floor":1},{"not_picked":["TheCursedMod:CursedAmulet","TheCursedMod:Wield"],"picked":"TheCursedMod:RapidMovement","floor":5},{"not_picked":["TheCursedMod:Stigma","TheCursedMod:SurpriseAttack","TheCursedMod:CircleOfAmplification"],"picked":"SKIP","floor":7},{"not_picked":["TheCursedMod:Stretching","TheCursedMod:SoulReap"],"picked":"TheCursedMod:CursedRelics","floor":8},{"not_picked":["TheCursedMod:SpreadPlague","TheCursedMod:CircleOfFlame","TheCursedMod:StingEye"],"picked":"SKIP","floor":10},{"not_picked":["TheCursedMod:RapidMovement","TheCursedMod:SurpriseAttack","TheCursedMod:CircleOfCorruption"],"picked":"SKIP","floor":11},{"not_picked":["TheCursedMod:ForbiddenAlchemy","TheCursedMod:WearCloak","TheCursedMod:Obscuration"],"picked":"SKIP","floor":16},{"not_picked":["TheCursedMod:CircleOfAbyss","TheCursedMod:ParallelWorld"],"picked":"TheCursedMod:CursedRelics","floor":18},{"not_picked":["TheCursedMod:CursedBlade+1","TheCursedMod:Stretching+1"],"picked":"TheCursedMod:CursedStaff+1","floor":20},{"not_picked":["TheCursedMod:SaltUponWound","TheCursedMod:CursedBlade","TheCursedMod:Torture"],"picked":"SKIP","floor":21},{"not_picked":["TheCursedMod:Wield","TheCursedMod:SaltUponWound+1"],"picked":"TheCursedMod:DarkBarrier","floor":23},{"not_picked":["TheCursedMod:Torture+1","TheCursedMod:SaltUponWound","TheCursedMod:CursedShiv"],"picked":"SKIP","floor":24},{"not_picked":["TheCursedMod:Obscuration+1","TheCursedMod:CursedAmulet","TheCursedMod:HellsGateOpen"],"picked":"SKIP","floor":25},{"not_picked":["TheCursedMod:CircleOfBlood","TheCursedMod:ManaBullet"],"picked":"TheCursedMod:ManaCirculation","floor":30},{"not_picked":["TheCursedMod:Stretching","TheCursedMod:CursedBlade","TheCursedMod:FleshFromBone"],"picked":"SKIP","floor":31},{"not_picked":["TheCursedMod:BlessingInDisguise","TheCursedMod:AbyssShockwave","TheCursedMod:Evocation"],"picked":"SKIP","floor":32},{"not_picked":["TheCursedMod:VitalStrike","TheCursedMod:CursedMace+1","TheCursedMod:CircleOfCorruption"],"picked":"SKIP","floor":33},{"not_picked":["TheCursedMod:DemonSword","TheCursedMod:CollectTribute"],"picked":"TheCursedMod:NeowsMight","floor":35},{"not_picked":["TheCursedMod:CursedBlade+1","TheCursedMod:Stigma"],"picked":"TheCursedMod:RapidMovement+1","floor":37},{"not_picked":["TheCursedMod:SmokeScreen+1","TheCursedMod:Grudge+1"],"picked":"TheCursedMod:NeowsMight","floor":40},{"not_picked":["TheCursedMod:SoulCrush+1","TheCursedMod:CircleOfCorruption+1","TheCursedMod:Hemoplague+1"],"picked":"Singing Bowl","floor":43},{"not_picked":["TheCursedMod:SurpriseAttack+1","TheCursedMod:AshesToAshes+1","TheCursedMod:DoubleShield"],"picked":"TheCursedMod:SpitefulPray+1","floor":46},{"not_picked":["TheCursedMod:Stretching+1","TheCursedMod:CircleOfCorruption","TheCursedMod:SmokeScreen+1"],"picked":"TheCursedMod:CursedShiv+1","floor":48},{"not_picked":["TheCursedMod:CursedShiv+1","TheCursedMod:StunningStrike","TheCursedMod:HellfireBreathing"],"picked":"TheCursedMod:AshesToAshes+1","floor":49},{"not_picked":["TheCursedMod:HellfireBreathing+1","TheCursedMod:ManaBullet+1","TheCursedMod:Stigma+1","TheCursedMod:VitalStrike+1"],"picked":"Singing Bowl","floor":50},{"not_picked":["TheCursedMod:ManaBullet+1","TheCursedMod:CircleOfAbyss","TheCursedMod:Wield+1","TheCursedMod:SpreadPlague"],"picked":"Singing Bowl","floor":56}],"player_experience":2559669,"relics_obtained":[{"floor":7,"key":"Matryoshka"},{"floor":10,"key":"Girya"},{"floor":13,"key":"aspiration:Lifesprig"},{"floor":13,"key":"infinitespire:PuzzleCube"},{"floor":16,"key":"Strawberry"},{"floor":17,"key":"CeramicFish"},{"floor":25,"key":"infinitespire:BottledMercury"},{"floor":28,"key":"Replay:Bottled Steam"},{"floor":30,"key":"Art of War"},{"floor":32,"key":"TheCursedMod:SoulVessel"},{"floor":43,"key":"PreservedInsect"},{"floor":45,"key":"infinitespire:Magic Flask"},{"floor":49,"key":"Blood Vial"},{"floor":56,"key":"StuffTheSpire:NeowsTribute"}],"event_choices":[{"damage_healed":0,"gold_gain":0,"player_choice":"Ignored","damage_taken":0,"max_hp_gain":0,"max_hp_loss":0,"event_name":"Fountain of Cleansing","floor":2,"gold_loss":0},{"damage_healed":0,"gold_gain":0,"player_choice":"Trade","damage_taken":0,"relics_obtained":["SsserpentHead"],"max_hp_gain":0,"max_hp_loss":0,"event_name":"FaceTrader","floor":4,"gold_loss":0},{"damage_healed":0,"gold_gain":0,"player_choice":"Read","damage_taken":0,"max_hp_gain":0,"max_hp_loss":0,"event_name":"The Library","floor":22,"gold_loss":0,"cards_obtained":["TheCursedMod:SurpriseAttack"]},{"damage_healed":0,"gold_gain":0,"player_choice":"Upgraded","damage_taken":0,"max_hp_gain":0,"max_hp_loss":0,"event_name":"Upgrade Shrine","floor":27,"gold_loss":0,"cards_upgraded":["Master of Strategy"]},{"damage_healed":0,"gold_gain":0,"player_choice":"Gave Potion","damage_taken":0,"relics_obtained":["Question Card"],"max_hp_gain":0,"max_hp_loss":0,"event_name":"WeMeetAgain","floor":44,"gold_loss":0}],"is_beta":false,"boss_relics":[{"not_picked":["SlaversCollar","aspiration:DefectSkillbook"],"picked":"Ring of Chaos"},{"not_picked":["aspiration:SecretTechniqueScroll","StuffTheSpire:RunicConfusion"],"picked":"Replay:Drink Me"}],"items_purged_floors":[0],"is_endless":false,"potions_floor_spawned":[1,8,10,16,18,24,30,31,35,37,43,46],"ascension_level":2}}