{"host":"mi0eibewekhugwl1","time":1608119358,"event":{"mods":["AchievementEnabler","BaseMod","Colored Map","Colored Powertips","DeckTracker","Keyboard Shortcuts","Minty Spire (QoL Compilation)","Quick Restart","Rare Cards Sparkle","Relic Stats","StSLib","SuperFastMode","everything is the same but u backflip on backflip"],"gold_per_floor":[113,113,30,47,47,82,93,93,116,39,50,50,50,73,73,146,146,157,157,82,82,102,102,115,115,115,5,5,17,32,44,44,44,44],"floor_reached":33,"playtime":441,"items_purged":["Strike_B"],"score":540,"play_id":"bbfe79cd-dc51-4fa6-b912-89d3550588af","local_time":"20201216204918","is_ascension_mode":true,"campfire_choices":[{"data":"Dualcast","floor":8,"key":"SMITH"},{"floor":13,"key":"REST"},{"data":"Defragment","floor":15,"key":"SMITH"},{"floor":23,"key":"REST"},{"data":"Coolheaded","floor":25,"key":"SMITH"},{"floor":32,"key":"REST"}],"circlet_count":0,"master_deck":["AscendersBane","Strike_B","Strike_B+1","Strike_B","Defend_B","Defend_B","Defend_B","Defend_B","Zap+1","Dualcast+1","Tempest+1","Defragment+1","Rip and Tear+1","Ball Lightning","Turbo","Capacitor","Melter","Electrodynamics","Capacitor","Aggregate","Coolheaded+1","Coolheaded+1","Cold Snap+1"],"relics":["FrozenCore","NeowsBlessing","Orichalcum","Happy Flower","Odd Mushroom","Molten Egg 2"],"acts_visited":["Exordium","TheCity"],"potions_floor_usage":[16,29,31],"damage_taken":[{"damage":0,"enemies":"Small Slimes","floor":1,"turns":1},{"damage":0,"enemies":"2 Louse","floor":4,"turns":1},{"damage":0,"enemies":"3 Sentries","floor":6,"turns":1},{"damage":7,"enemies":"Jaw Worm","floor":7,"turns":2},{"damage":24,"enemies":"Exordium Thugs","floor":11,"turns":3},{"damage":14,"enemies":"The Mushroom Lair","floor":14,"turns":4},{"damage":9,"enemies":"Slime Boss","floor":16,"turns":6},{"damage":20,"enemies":"2 Thieves","floor":18,"turns":3},{"damage":6,"enemies":"3 Byrds","floor":22,"turns":2},{"damage":11,"enemies":"Snecko","floor":24,"turns":5},{"damage":21,"enemies":"Shelled Parasite and Fungi","floor":29,"turns":5},{"damage":6,"enemies":"3 Cultists","floor":30,"turns":3},{"damage":10,"enemies":"Snecko","floor":31,"turns":4},{"damage":26,"enemies":"Collector","floor":33,"turns":2}],"seed_played":"8581763559478917942","potions_obtained":[{"floor":14,"key":"LiquidMemories"},{"floor":16,"key":"LiquidMemories"},{"floor":18,"key":"Energy Potion"}],"is_trial":false,"path_per_floor":["M","?","$","M","?","E","M","R","T","$","M","$","R","?","R","B",null,"M","?","$","?","M","R","M","R","T","?","$","M","M","M","R","B"],"character_chosen":"DEFECT","items_purchased":["Defragment","Capacitor"],"campfire_rested":3,"item_purchase_floors":[3,10],"current_hp_per_floor":[64,64,64,64,43,43,36,36,36,36,12,12,33,19,19,10,56,36,36,36,36,30,51,40,40,40,40,40,19,13,3,24,0,0],"gold":44,"neow_bonus":"THREE_ENEMY_KILL","is_daily":false,"chose_seed":false,"campfire_upgraded":3,"win_rate":0.0,"timestamp":1608119358,"path_taken":["M","?","$","M","?","E","M","R","T","$","M","$","R","?","R","BOSS","M","?","$","?","M","R","M","R","T","?","$","M","?","M","R","BOSS"],"items_purchased_type":["Card","Card"],"build_version":"2020-12-13","purchased_purges":1,"victory":false,"max_hp_per_floor":[71,71,71,71,71,71,71,71,71,71,71,71,71,71,71,71,71,71,71,71,71,71,71,71,71,71,71,71,71,71,71,71,71,71],"relic_stats":{"Happy Flower":[12],"counters":[14,42],"Orichalcum":[78],"obtain_stats":[{"NeowsBlessing":0,"Happy Flower":9,"Molten Egg 2":26,"Orichalcum":6,"Odd Mushroom":14,"Cracked Core":0,"FrozenCore":17},{"NeowsBlessing":0,"Happy Flower":4,"Molten Egg 2":10,"Orichalcum":3,"Odd Mushroom":6,"Cracked Core":0,"FrozenCore":7},{"NeowsBlessing":0,"Happy Flower":5,"Molten Egg 2":28,"Orichalcum":3,"Odd Mushroom":12,"Cracked Core":0,"FrozenCore":18}],"FrozenCore":[11]},"card_choices":[{"not_picked":["Hologram","Coolheaded"],"picked":"Tempest","floor":1},{"not_picked":["Hologram","Steam"],"picked":"Rip and Tear","floor":4},{"not_picked":["Coolheaded","Steam"],"picked":"Ball Lightning","floor":6},{"not_picked":["Conserve Battery","Blizzard"],"picked":"Turbo","floor":7},{"not_picked":["Hologram","Beam Cell","Redo"],"picked":"SKIP","floor":11},{"not_picked":["BootSequence","Consume"],"picked":"Melter","floor":14},{"not_picked":["Fission","Hyperbeam"],"picked":"Electrodynamics","floor":16},{"not_picked":["Skim","Sweeping Beam+1"],"picked":"Capacitor","floor":18},{"not_picked":["Double Energy","Gash"],"picked":"Aggregate","floor":22},{"not_picked":["Fusion","Go for the Eyes"],"picked":"Coolheaded","floor":24},{"not_picked":["Sweeping Beam+1","Stack","Streamline+1"],"picked":"SKIP","floor":29},{"not_picked":["Tempest","Streamline+1"],"picked":"Coolheaded+1","floor":30},{"not_picked":["Rebound+1","Hologram+1"],"picked":"Cold Snap+1","floor":31}],"player_experience":1672406,"relics_obtained":[{"floor":6,"key":"Orichalcum"},{"floor":9,"key":"Happy Flower"},{"floor":14,"key":"Odd Mushroom"},{"floor":26,"key":"Molten Egg 2"}],"event_choices":[{"damage_healed":0,"gold_gain":0,"player_choice":"Grow","damage_taken":0,"max_hp_gain":0,"max_hp_loss":0,"event_name":"Living Wall","floor":2,"gold_loss":0,"cards_upgraded":["Zap"]},{"damage_healed":0,"gold_gain":0,"player_choice":"Entered Light","damage_taken":21,"max_hp_gain":0,"max_hp_loss":0,"event_name":"Shining Light","floor":5,"gold_loss":0,"cards_upgraded":["Strike_B","Tempest"]},{"damage_healed":0,"gold_gain":0,"player_choice":"Fought Mushrooms","damage_taken":0,"max_hp_gain":0,"max_hp_loss":0,"event_name":"Mushrooms","floor":14,"gold_loss":0},{"damage_healed":0,"gold_gain":0,"player_choice":"Ignored","damage_taken":0,"max_hp_gain":0,"max_hp_loss":0,"event_name":"Ghosts","floor":19,"gold_loss":0},{"damage_healed":0,"gold_gain":0,"player_choice":"Smashed Altar","damage_taken":0,"max_hp_gain":0,"max_hp_loss":0,"event_name":"Forgotten Altar","floor":21,"gold_loss":0,"cards_obtained":["Decay"]},{"cards_removed":["Decay"],"damage_healed":0,"gold_gain":0,"player_choice":"Upgrade and Remove","damage_taken":0,"max_hp_gain":0,"max_hp_loss":0,"event_name":"Designer","floor":27,"gold_loss":110,"cards_upgraded":["Rip and Tear"]}],"is_beta":false,"boss_relics":[{"not_picked":["Nuclear Battery","SacredBark"],"picked":"FrozenCore"}],"items_purged_floors":[20],"is_endless":false,"potions_floor_spawned":[14,16,18,24],"killed_by":"Collector","ascension_level":20}}