{"host":"5mo0809oo9tcrmpl","time":1608079429,"event":{"mods":["BaseMod","Highlight Path","Minty Spire (QoL Compilation)","Relic Stats","Slay the Relics Exporter"],"gold_per_floor":[113,125,143,68,82,82,117,117,165,215,215,240,254,270,270,270,270],"floor_reached":16,"playtime":663,"items_purged":[],"score":224,"play_id":"8f6bc5ae-bc85-43ab-a89f-cba3a6ddf360","local_time":"20201215184349","is_ascension_mode":true,"campfire_choices":[{"data":"Bash","floor":6.0,"key":"SMITH"},{"floor":8,"key":"REST"},{"data":"Iron Wave","floor":11,"key":"SMITH"},{"floor":15,"key":"REST"}],"circlet_count":0,"master_deck":["AscendersBane","Strike_R","Strike_R","Strike_R","Strike_R","Strike_R","Defend_R","Defend_R","Defend_R","Defend_R","Bash+1","Pummel","Iron Wave+1","Cleave","Cleave","Rampage"],"relics":["Burning Blood","TungstenRod","Darkstone Periapt","Juzu Bracelet","Tiny Chest"],"acts_visited":["Exordium"],"potions_floor_usage":[7,12,13,16],"damage_taken":[{"damage":14.0,"enemies":"Jaw Worm","floor":1.0,"turns":4.0},{"damage":8.0,"enemies":"Small Slimes","floor":2.0,"turns":4.0},{"damage":1.0,"enemies":"Cultist","floor":3.0,"turns":4.0},{"damage":13.0,"enemies":"Lots of Slimes","floor":5.0,"turns":4.0},{"damage":52,"enemies":"Lagavulin","floor":7,"turns":9},{"damage":20,"enemies":"3 Sentries","floor":12,"turns":8},{"damage":0,"enemies":"Gremlin Gang","floor":13,"turns":3},{"damage":11,"enemies":"Blue Slaver","floor":14,"turns":5},{"damage":47,"enemies":"The Guardian","floor":16,"turns":10}],"seed_played":"3936591339153079888","potions_obtained":[{"floor":2.0,"key":"Dexterity Potion"},{"floor":3.0,"key":"GamblersBrew"},{"floor":7,"key":"ElixirPotion"},{"floor":12,"key":"Explosive Potion"}],"is_trial":false,"path_per_floor":["M","M","M","?","M","R","E","R","T","?","R","E","M","M","R","B"],"character_chosen":"IRONCLAD","items_purchased":[],"campfire_rested":2,"item_purchase_floors":[],"current_hp_per_floor":[60,58,63,63,56,56,10,32,32,32,32,18,24,19,41,0,0],"gold":270,"neow_bonus":"ONE_RARE_RELIC","is_daily":false,"chose_seed":false,"campfire_upgraded":2,"win_rate":0.0,"timestamp":1608079429,"path_taken":["M","M","M","?","M","R","E","R","T","?","R","E","M","M","R","BOSS"],"items_purchased_type":[],"build_version":"2020-12-13","purchased_purges":0,"victory":false,"max_hp_per_floor":[75,75,75,75,75,75,75,75,75,75,75,75,75,75,75,75,75],"relic_stats":{"Darkstone Periapt":0,"counters":[9,51],"Tiny Chest":0,"Juzu Bracelet":0,"obtain_stats":[{"Darkstone Periapt":7,"Tiny Chest":12,"Juzu Bracelet":9,"Burning Blood":0,"TungstenRod":0},{"Darkstone Periapt":5,"Tiny Chest":6,"Juzu Bracelet":5,"Burning Blood":0,"TungstenRod":0},{"Darkstone Periapt":25,"Tiny Chest":33,"Juzu Bracelet":25,"Burning Blood":0,"TungstenRod":0}],"Burning Blood":48,"TungstenRod":35},"card_choices":[{"not_picked":["True Grit","Shrug It Off"],"picked":"Pummel","floor":1.0},{"not_picked":["Rampage","Armaments"],"picked":"Iron Wave","floor":2.0},{"not_picked":["Ghostly Armor","Heavy Blade"],"picked":"Cleave","floor":3.0},{"not_picked":["Pummel","Burning Pact","Wild Strike"],"picked":"SKIP","floor":5.0},{"not_picked":["Pommel Strike","Feel No Pain"],"picked":"Cleave","floor":7},{"not_picked":["Perfected Strike","Cleave","Dark Embrace"],"picked":"SKIP","floor":12},{"not_picked":["Perfected Strike","Offering"],"picked":"Rampage","floor":13},{"not_picked":["Sword Boomerang","Sever Soul","Twin Strike"],"picked":"SKIP","floor":14}],"player_experience":1266491,"relics_obtained":[{"floor":7,"key":"Darkstone Periapt"},{"floor":9,"key":"Juzu Bracelet"},{"floor":12,"key":"Tiny Chest"}],"event_choices":[{"cards_removed":["Regret"],"damage_healed":0.0,"max_hp_gain":0.0,"max_hp_loss":0.0,"gold_gain":0.0,"event_name":"The Cleric","player_choice":"Card Removal","floor":4.0,"gold_loss":75.0,"damage_taken":0.0},{"damage_healed":0,"gold_gain":50,"player_choice":"Pray","damage_taken":0,"max_hp_gain":0,"max_hp_loss":0,"event_name":"Golden Shrine","floor":10,"gold_loss":0}],"is_beta":false,"boss_relics":[],"items_purged_floors":[],"is_endless":false,"potions_floor_spawned":[2,3,7,12],"killed_by":"The Guardian","ascension_level":20}}