{"host":"okzzojfld2krd5j7","time":1608122385,"event":{"mods":["Astrologer","BaseMod","Better Third Choice","Downfall","Googly Eyes","Minty Spire (QoL Compilation)","Rare Cards Sparkle","Relic Stats","Replay The Spire","Spicy Shops","StSLib","The Hayseed","The Problem Sleuth","TheLocksmith","Wandering Minibosses","vexMod"],"gold_per_floor":[173,183,183,183,183,213,213,248,173,199,225,253,278,278,296,304,304],"floor_reached":16,"playtime":682,"items_purged":[],"score":159,"play_id":"52ba702d-c914-4d27-afff-a52a75ab1dae","local_time":"20201216133945","is_ascension_mode":true,"campfire_choices":[{"data":"hexamod:Float","floor":5,"key":"SMITH"},{"floor":9,"key":"RECALL"}],"circlet_count":0,"master_deck":["hexamod:Strike","hexamod:Strike","hexamod:Strike","hexamod:Strike","hexamod:Defend","hexamod:Defend","hexamod:Defend","hexamod:Defend","hexamod:Sear","hexamod:Float+1","hexamod:HauntingEcho","hexamod:RecurringNightmare","hexamod:SpectralAdrenaline","hexamod:AdvancingGuard","hexamod:SkipABeat","hexamod:NightmareStrike+1","hexamod:AdvancingGuard","hexamod:FastForward"],"relics":["hexamod:SpiritBrand","vexMod:BarristanHead","ReplayTheSpireMod:Ring of Collecting","Ring of Misfortune","Spirit Poop","Replay:Mystery Machine","ReplayTheSpireMod:Ring of Addiction","SacredBark","Chameleon Ring","Nunchaku","downfall:HeartBlessingBlue","Replay:Bandana"],"acts_visited":["Exordium"],"potions_floor_usage":[8,11,13,16,16],"damage_taken":[{"damage":1,"enemies":"Jaw Worm","floor":2,"turns":3},{"damage":15,"enemies":"Gremlin Nob","floor":6,"turns":4},{"damage":0,"enemies":"3 Sentries","floor":8,"turns":5},{"damage":28,"enemies":"Lagavulin","floor":10,"turns":9},{"damage":0,"enemies":"Cultist","floor":11,"turns":4},{"damage":2,"enemies":"2 Louse","floor":12,"turns":3},{"damage":0,"enemies":"Exordium Wildlife","floor":13,"turns":3},{"damage":8,"enemies":"Blue Slaver","floor":15,"turns":4},{"damage":28,"enemies":"downfall:Defect","floor":16,"turns":5}],"seed_played":"-4101854526466927040","potions_obtained":[{"floor":6,"key":"Milkshake"},{"floor":7,"key":"LiquidMemories"},{"floor":7,"key":"Swift Potion"},{"floor":7,"key":"ColorlessPotion"},{"floor":10,"key":"Fire Potion"},{"floor":13,"key":"FearPotion"}],"is_trial":false,"path_per_floor":["R","M","?","?","R","E","T","E","R","E","M","M","M","?","M","B"],"character_chosen":"THE_SPIRIT","items_purchased":[],"campfire_rested":0,"item_purchase_floors":[],"current_hp_per_floor":[70,69,69,69,69,54,54,54,64,36,36,34,34,34,26,0,0],"gold":304,"neow_bonus":"RANDOM_COMMON_RELIC","is_daily":false,"chose_seed":false,"campfire_upgraded":1,"win_rate":0.0,"timestamp":1608122385,"path_taken":["R","M","?","?","R","E","T","E","R","E","M","M","?","?","M","BOSS"],"items_purchased_type":[],"build_version":"2020-12-13","purchased_purges":0,"victory":false,"max_hp_per_floor":[70,70,70,70,70,70,70,70,80,80,80,80,80,80,80,80,80],"relic_stats":{"Nunchaku":[3],"counters":[9,40],"obtain_stats":[{"Nunchaku":8,"Replay:Bandana":10,"vexMod:BarristanHead":0,"Chameleon Ring":7,"downfall:HeartBlessingBlue":9,"ReplayTheSpireMod:Ring of Collecting":3,"Ring of Misfortune":3,"ReplayTheSpireMod:Ring of Addiction":7,"SacredBark":7,"Spirit Poop":4,"Replay:Mystery Machine":6,"hexamod:SpiritBrand":0},{"Nunchaku":3,"Replay:Bandana":4,"vexMod:BarristanHead":0,"Chameleon Ring":2,"downfall:HeartBlessingBlue":3,"ReplayTheSpireMod:Ring of Collecting":1,"Ring of Misfortune":1,"ReplayTheSpireMod:Ring of Addiction":2,"SacredBark":2,"Spirit Poop":1,"Replay:Mystery Machine":2,"hexamod:SpiritBrand":0},{"Nunchaku":12,"Replay:Bandana":21,"vexMod:BarristanHead":0,"Chameleon Ring":7,"downfall:HeartBlessingBlue":12,"ReplayTheSpireMod:Ring of Collecting":3,"Ring of Misfortune":3,"ReplayTheSpireMod:Ring of Addiction":7,"SacredBark":7,"Spirit Poop":3,"Replay:Mystery Machine":7,"hexamod:SpiritBrand":0}]},"card_choices":[{"not_picked":["hexamod:BacktrackSmack","hexamod:InspiringFlames"],"picked":"hexamod:HauntingEcho","floor":2},{"not_picked":["hexamod:TurnItUp","hexamod:FastForward"],"picked":"hexamod:RecurringNightmare","floor":6},{"not_picked":["hexamod:HeatMetal","hexamod:StepThrough"],"picked":"hexamod:SpectralAdrenaline","floor":8},{"not_picked":["hexamod:SwordOfDarkness","hexamod:GhostOfSpirePast"],"picked":"hexamod:AdvancingGuard","floor":10},{"not_picked":["hexamod:ShieldOfDarkness","hexamod:SwordOfDarkness"],"picked":"hexamod:SkipABeat","floor":11},{"not_picked":["hexamod:SecondSeal","hexamod:RainOfEmbers"],"picked":"hexamod:NightmareStrike","floor":12},{"not_picked":["hexamod:HeatShield","hexamod:Firestarter"],"picked":"hexamod:AdvancingGuard","floor":13},{"not_picked":["hexamod:GhostShield","hexamod:InspiringFlames"],"picked":"hexamod:FastForward","floor":15}],"player_experience":687465,"relics_obtained":[{"floor":3,"key":"ReplayTheSpireMod:Ring of Collecting"},{"floor":3,"key":"Ring of Misfortune"},{"floor":6,"key":"Replay:Mystery Machine"},{"floor":7,"key":"ReplayTheSpireMod:Ring of Addiction"},{"floor":7,"key":"SacredBark"},{"floor":7,"key":"Chameleon Ring"},{"floor":8,"key":"Nunchaku"},{"floor":10,"key":"Replay:Bandana"}],"event_choices":[{"cards_removed":["Sickly"],"damage_healed":0,"gold_gain":0,"player_choice":"Offered Curse","damage_taken":0,"relics_obtained":["Spirit Poop"],"max_hp_gain":0,"max_hp_loss":0,"event_name":"Bonfire Elementals","floor":4,"gold_loss":0}],"is_beta":false,"boss_relics":[],"items_purged_floors":[],"is_endless":false,"potions_floor_spawned":[6,10,13],"killed_by":"downfall:Defect","ascension_level":2}}