{"host":"2461dio7vetlq1z3","time":1608131815,"event":{"mods":["2.2 Compatiblity","AchievementEnabler","Aspiration","BaseMod","Better Third Choice","Hermit","Minty Spire (QoL Compilation)","Relic Stats","Spicy Shops","StSLib","The Hierophant","Waifu the Spire"],"gold_per_floor":[114,114,114,126,97,97,117,117,117,152,167,167,202,221,221,221,221],"floor_reached":16,"playtime":602,"items_purged":[],"score":220,"play_id":"3fa0659b-b1e0-4c65-b029-0a5a83c35f94","local_time":"20201216161655","is_ascension_mode":true,"campfire_choices":[{"data":"Body Slam","floor":6,"key":"SMITH"},{"data":"Bash","floor":8,"key":"SMITH"},{"data":"Whirlwind","floor":12,"key":"SMITH"},{"floor":15,"key":"REST"}],"circlet_count":0,"master_deck":["AscendersBane","Strike_R","Strike_R","Strike_R","Strike_R","Defend_R","Defend_R","Defend_R","Defend_R","Bash+1","Ghostly Armor","Body Slam+1","Headbutt","Entrench","Whirlwind+1","Dark Embrace","Body Slam"],"relics":["Burning Blood","Lizard Tail","Centennial Puzzle","Omamori","Blood Vial"],"acts_visited":["Exordium"],"potions_floor_usage":[13,16],"damage_taken":[{"damage":3,"enemies":"2 Louse","floor":1,"turns":3},{"damage":15,"enemies":"Small Slimes","floor":4,"turns":6},{"damage":7,"enemies":"Jaw Worm","floor":7,"turns":3},{"damage":45,"enemies":"3 Sentries","floor":10,"turns":11},{"damage":13,"enemies":"Lots of Slimes","floor":11,"turns":6},{"damage":24,"enemies":"Gremlin Nob","floor":13,"turns":4},{"damage":3,"enemies":"Blue Slaver","floor":14,"turns":2},{"damage":74,"enemies":"The Guardian","floor":16,"turns":8}],"seed_played":"8688354252377802146","potions_obtained":[{"floor":4,"key":"Weak Potion"},{"floor":13,"key":"SmokeBomb"},{"floor":14,"key":"BlessingOfTheForge"}],"is_trial":false,"path_per_floor":["M","?","?","M","$","R","M","R","T","E","M","R","E","M","R","B"],"character_chosen":"IRONCLAD","items_purchased":["Headbutt"],"campfire_rested":1,"item_purchase_floors":[5],"current_hp_per_floor":[53,57,50,41,41,41,40,40,40,38,31,31,13,18,40,0,0],"gold":221,"neow_bonus":"ONE_RARE_RELIC","is_daily":false,"chose_seed":false,"campfire_upgraded":3,"win_rate":0.0,"timestamp":1608131815,"path_taken":["M","?","?","M","$","R","M","R","T","E","M","R","E","M","R","BOSS"],"items_purchased_type":["Card"],"build_version":"2020-12-13","purchased_purges":0,"victory":false,"max_hp_per_floor":[75,75,75,75,75,75,75,75,75,75,75,75,75,75,75,75,75],"relic_stats":{"Blood Vial":4,"Lizard Tail":37,"Centennial Puzzle":[15],"counters":[8,43],"obtain_stats":[{"Blood Vial":13,"Lizard Tail":0,"Centennial Puzzle":9,"Omamori":10,"Burning Blood":0},{"Blood Vial":6,"Lizard Tail":0,"Centennial Puzzle":3,"Omamori":4,"Burning Blood":0},{"Blood Vial":33,"Lizard Tail":0,"Centennial Puzzle":12,"Omamori":23,"Burning Blood":0}],"Burning Blood":42},"card_choices":[{"not_picked":["Iron Wave","Headbutt"],"picked":"Ghostly Armor","floor":1},{"not_picked":["Pummel","True Grit"],"picked":"Body Slam","floor":4},{"not_picked":["Warcry","Havoc","Pummel"],"picked":"SKIP","floor":7},{"not_picked":["Pommel Strike","Sword Boomerang"],"picked":"Entrench","floor":10},{"not_picked":["Fire Breathing","Evolve"],"picked":"Whirlwind","floor":11},{"not_picked":["Dark Embrace","Reckless Charge","Berserk"],"picked":"SKIP","floor":13},{"not_picked":["Reckless Charge","Berserk"],"picked":"Dark Embrace","floor":13},{"not_picked":["Pommel Strike","Shockwave"],"picked":"Body Slam","floor":14}],"player_experience":725560,"relics_obtained":[{"floor":9,"key":"Centennial Puzzle"},{"floor":10,"key":"Omamori"},{"floor":13,"key":"Blood Vial"}],"event_choices":[{"cards_removed":["Strike_R"],"damage_healed":0,"gold_gain":0,"player_choice":"Card Removal","damage_taken":7,"max_hp_gain":0,"max_hp_loss":0,"event_name":"Golden Wing","floor":3,"gold_loss":0}],"is_beta":false,"boss_relics":[],"items_purged_floors":[],"is_endless":false,"potions_floor_spawned":[4,13,14],"killed_by":"The Guardian","ascension_level":20}}