{"host":"drk0p5jtlzl1xmwe","time":1608134741,"event":{"mods":["2.2 Compatiblity","AchievementEnabler","Act Like it!","Bard","BaseMod","Better Note","Better Vampires","Ekko","Friendly Minions","Hermit","Hubris","Infinite Spire","Luminous","Marisa????????","Minty Spire (QoL Compilation)","Rare Cards Sparkle","Relic Stats","Replay The Spire","Shade Mod","StSLib","The Animator","The Bug Knight","The Cursed","The Disciple","The Gatherer","The Servant 0.9.4","The Spell Scribe"],"gold_per_floor":[110,222,233,408,39,74,74,90,90,90,90,106,141,157,157,261,261,275,275,292,306,322,356,356,356,356,381,128,128,128,144,144,144,144,144,144],"floor_reached":35,"playtime":1120,"items_purged":["Doubt","Strike_G"],"score":351,"play_id":"8d6b0892-4380-45ae-84a2-5a8da3e12fe2","local_time":"20201216160541","is_ascension_mode":true,"campfire_choices":[{"data":"Deadly Poison","floor":7,"key":"SMITH"},{"data":"Neutralize","floor":10,"key":"SMITH"},{"floor":15,"key":"REST"},{"data":"Noxious Fumes","floor":25,"key":"SMITH"},{"floor":32,"key":"REST"},{"floor":34,"key":"REST"}],"circlet_count":0,"master_deck":["Strike_G","Strike_G","Strike_G","Strike_G","Defend_G","Defend_G","Defend_G","Defend_G","Defend_G","Survivor+1","Neutralize+1","ReplayTheSpireMod:From All Sides","Noxious Fumes+1","Deadly Poison+1","Flechettes","Backstab","Noxious Fumes","Corpse Explosion","Fluid Movement+1","Poisoned Stab","ReplayTheSpireMod:Exploit Weakness+1","Replay:Poison Smokescreen"],"relics":["Ring of the Snake","hubris:AncientText","Sling","Strawberry","Basket Of Snakes","Mercury Hourglass","hubris:Zylophone","hubris:ScarierMask","Turnip","Omamori","Frozen Egg 2","TwistedFunnel","Replay:Blank Codex"],"acts_visited":["Exordium","TheCity"],"potions_floor_usage":[8,13,16,20,35,35,35],"damage_taken":[{"damage":6,"enemies":"Small Slimes","floor":1,"turns":3},{"damage":3,"enemies":"Jaw Worm","floor":3,"turns":4},{"damage":21,"enemies":"Replay:BlueRogue","floor":6,"turns":4},{"damage":3,"enemies":"2 Louse","floor":8,"turns":2},{"damage":21,"enemies":"Large Slime","floor":12,"turns":4},{"damage":7,"enemies":"3 Sentries","floor":13,"turns":4},{"damage":4,"enemies":"3 Louse","floor":14,"turns":2},{"damage":9,"enemies":"The Guardian","floor":16,"turns":7},{"damage":1,"enemies":"Chosen","floor":18,"turns":4},{"damage":0,"enemies":"3 Byrds","floor":20,"turns":2},{"damage":18,"enemies":"Centurion and Healer","floor":21,"turns":5},{"damage":0,"enemies":"Sentry and Sphere","floor":22,"turns":2},{"damage":21,"enemies":"Gremlin Leader","floor":23,"turns":6},{"damage":29,"enemies":"HollowMod:Nosk","floor":27,"turns":6},{"damage":7,"enemies":"3 Cultists","floor":31,"turns":3},{"damage":37,"enemies":"Champ","floor":35,"turns":9}],"seed_played":"9093123287247246530","potions_obtained":[{"floor":1,"key":"Weak Potion"},{"floor":8,"key":"DistilledChaos"},{"floor":13,"key":"GamblersBrew"},{"floor":16,"key":"Fire Potion"},{"floor":20,"key":"Swift Potion"},{"floor":23,"key":"Elixir"},{"floor":31,"key":"Fire Potion"}],"is_trial":false,"path_per_floor":["M","?","M","?","$","E","R","M","T","R","?","M","E","M","R","B",null,"M","?","M","M","M","E","?","R","T","E","$","PTL","PTL","M","R","?","R","B"],"character_chosen":"THE_SILENT","items_purchased":["Sling","Strawberry","TwistedFunnel"],"campfire_rested":3,"item_purchase_floors":[5,5,28],"current_hp_per_floor":[64,64,61,61,68,47,47,44,44,44,44,23,16,12,35,26,77,76,76,76,58,58,37,37,37,37,8,8,8,8,1,24,8,31,0,0],"gold":144,"neow_bonus":"ONE_RANDOM_RARE_CARD","is_daily":false,"chose_seed":false,"campfire_upgraded":3,"win_rate":0.0,"timestamp":1608134741,"path_taken":["M","?","M","?","$","E","R","M","T","R","?","M","E","M","R","BOSS","M","?","M","M","M","E","?","R","T","E","$","PTL","PTL","?","R","?","R","BOSS"],"items_purchased_type":["Relic","Relic","Relic"],"build_version":"2020-12-13","purchased_purges":2,"victory":false,"max_hp_per_floor":[70,70,70,70,77,77,77,77,77,77,77,77,77,77,77,77,77,77,77,77,77,77,77,77,77,77,77,77,77,77,77,77,77,77,77,77],"relic_stats":{"counters":[16,67],"Turnip":[6],"obtain_stats":[{"TwistedFunnel":28,"Basket Of Snakes":6,"Omamori":26,"Frozen Egg 2":27,"Sling":5,"Mercury Hourglass":9,"hubris:Zylophone":13,"Strawberry":5,"hubris:ScarierMask":17,"Turnip":23,"hubris:AncientText":2,"Replay:Blank Codex":33,"Ring of the Snake":0},{"TwistedFunnel":14,"Basket Of Snakes":3,"Omamori":13,"Frozen Egg 2":14,"Sling":2,"Mercury Hourglass":4,"hubris:Zylophone":6,"Strawberry":2,"hubris:ScarierMask":8,"Turnip":13,"hubris:AncientText":1,"Replay:Blank Codex":15,"Ring of the Snake":0},{"TwistedFunnel":55,"Basket Of Snakes":11,"Omamori":49,"Frozen Egg 2":55,"Sling":7,"Mercury Hourglass":13,"hubris:Zylophone":21,"Strawberry":7,"hubris:ScarierMask":30,"Turnip":49,"hubris:AncientText":3,"Replay:Blank Codex":58,"Ring of the Snake":0}],"Ring of the Snake":[32],"Mercury Hourglass":[181]},"card_choices":[{"not_picked":["Dagger Spray","Cloak And Dagger"],"picked":"Noxious Fumes","floor":1},{"not_picked":["Reflex","Dagger Spray"],"picked":"Deadly Poison","floor":2},{"not_picked":["Quick Slash","Acrobatics"],"picked":"Flechettes","floor":2},{"not_picked":["Well Laid Plans","Concentrate","Dagger Spray"],"picked":"SKIP","floor":3},{"not_picked":["Sucker Punch","Concentrate"],"picked":"Riddle With Holes","floor":6},{"not_picked":["Outmaneuver","Flying Knee"],"picked":"Backstab","floor":8},{"not_picked":["Prepared","Backflip","PiercingWail"],"picked":"SKIP","floor":12},{"not_picked":["Prepared","Outmaneuver","ReplayTheSpireMod:Tripwire"],"picked":"SKIP","floor":13},{"not_picked":["A Thousand Cuts","hubris:SlightOfHand"],"picked":"Noxious Fumes","floor":14},{"not_picked":["ReplayTheSpireMod:From All Sides","Envenom"],"picked":"Corpse Explosion","floor":16},{"not_picked":["Deflect","Replay:Poison Smokescreen+1"],"picked":"Fluid Movement+1","floor":18},{"not_picked":["Outmaneuver","ReplayTheSpireMod:Scrap Shanks+1","Prepared"],"picked":"SKIP","floor":20},{"not_picked":["PiercingWail+1","Cloak And Dagger","Endless Agony+1"],"picked":"SKIP","floor":21},{"not_picked":["Bane","Phantasmal Killer"],"picked":"Poisoned Stab","floor":22},{"not_picked":["Acrobatics","All Out Attack"],"picked":"ReplayTheSpireMod:Exploit Weakness+1","floor":23},{"not_picked":["Dagger Spray","Bouncing Flask","Flying Knee"],"picked":"SKIP","floor":27},{"not_picked":["Leg Sweep","All Out Attack+1"],"picked":"Replay:Poison Smokescreen","floor":31}],"player_experience":650579,"relics_obtained":[{"floor":2,"key":"hubris:AncientText"},{"floor":6,"key":"Basket Of Snakes"},{"floor":9,"key":"Mercury Hourglass"},{"floor":13,"key":"hubris:Zylophone"},{"floor":23,"key":"Turnip"},{"floor":26,"key":"Omamori"},{"floor":27,"key":"Frozen Egg 2"},{"floor":33,"key":"Replay:Blank Codex"}],"event_choices":[{"damage_healed":0,"gold_gain":175,"player_choice":"AGREE","damage_taken":0,"max_hp_gain":0,"max_hp_loss":0,"event_name":"Liars Game","floor":4,"gold_loss":0,"cards_obtained":["Doubt"]},{"damage_healed":0,"gold_gain":0,"player_choice":"Ignored","damage_taken":0,"max_hp_gain":0,"max_hp_loss":0,"event_name":"Ghosts","floor":19,"gold_loss":0},{"cards_removed":["Riddle With Holes"],"damage_healed":0,"gold_gain":0,"player_choice":"Purged","damage_taken":0,"max_hp_gain":0,"max_hp_loss":0,"event_name":"Purifier","floor":24,"gold_loss":0},{"damage_healed":0,"gold_gain":0,"player_choice":"Obtained Book","damage_taken":16,"max_hp_gain":0,"max_hp_loss":0,"event_name":"Cursed Tome","floor":33,"gold_loss":0}],"is_beta":false,"boss_relics":[{"not_picked":["infinitespire:Cupcake","Replay:Drink Me"],"picked":"hubris:ScarierMask"}],"items_purged_floors":[5,28],"is_endless":false,"potions_floor_spawned":[1,8,13,16,20,23,31],"killed_by":"Champ","ascension_level":3}}