{"host":"8xp52u5o8fcssvzz","time":1608082614,"event":{"mods":["2.2 Compatiblity","AchievementEnabler","Act Like it!","Aspiration","BaseMod","Better Altar","Better Match","Better Note","Better Sensory Stone","Better Skull","Better Third Choice","BetterRewards","Colored Map","Conspire","Downfall","GifTheSpireLib","Googly Eyes","Halation","Hallownest","Highlight Path","Hubris","Infinite Spire","Jorbs\u0027s Wanderer Trilogy","Lobotomy","LobotomyExtend","Luminous","Marisa????????","Mimic Mod","Minty Spire (QoL Compilation)","Remilia_Scarlet Moed?????·?????3.3.5","Remilia??????","Replay The Spire","Shade Mod","Spicy Shops","StSLib","Stuff the Spire","The Administrix","The Alterego","The Blackbeard","The Bladedancer","The Cursed","The Gatherer","The Necromancer","The Runesmith","The Servant 0.9.4","TheFirefly","TheSwordswoman","Unceasing Turn Reminder","everything is the same but u backflip on backflip"],"gold_per_floor":[113,124,10,10,27,27,61,61,116,151,76,87,57,75,75,75,75],"floor_reached":16,"playtime":720,"items_purged":["LittleHelper"],"score":110,"play_id":"f4ef1824-4812-4504-9316-85a0a9e92963","local_time":"20201215173654","is_ascension_mode":false,"campfire_choices":[{"data":"alterego_mod:Rip","floor":6,"key":"SMITH"},{"data":"alterego_mod:IndependentAction","floor":8,"key":"SMITH"},{"floor":15,"key":"REST"}],"circlet_count":0,"master_deck":["alterego_mod:Strike","alterego_mod:Strike","alterego_mod:Strike","alterego_mod:Strike","alterego_mod:Defend","alterego_mod:Defend","alterego_mod:Defend","alterego_mod:Defend","alterego_mod:Impale","alterego_mod:BigMeatyClaws","alterego_mod:BrynhildrsRune","alterego_mod:Birthday","CherryBlossoms","alterego_mod:Rip+1","alterego_mod:Mirror+1","Apotheosis+1","GalaxyChild","alterego_mod:IndependentAction+1","Murderer","alterego_mod:TrickOrTreatment","alterego_mod:Rip","alterego_mod:AlterEgo+1","OSAHOGD"],"relics":["alterego_mod:MasochisticConstitution","CogitoBucket","LetterFromLob","Strawberry","Replay:Mystery Machine","The Courier","HellTrain"],"acts_visited":["Exordium"],"potions_floor_usage":[7,14],"damage_taken":[{"damage":5,"enemies":"Small Slimes","floor":1,"turns":3},{"damage":7,"enemies":"2 Louse","floor":2,"turns":3},{"damage":0,"enemies":"Cultist","floor":5,"turns":4},{"damage":26,"enemies":"3 Sentries","floor":7,"turns":6},{"damage":21,"enemies":"Lagavulin","floor":10,"turns":6},{"damage":31,"enemies":"2 Fungi Beasts","floor":12,"turns":7},{"damage":0,"enemies":"3 Louse","floor":14,"turns":1},{"damage":60,"enemies":"Hexaghost","floor":16,"turns":5}],"seed_played":"-8845885959047849106","potions_obtained":[{"floor":5,"key":"Dexterity Potion"},{"floor":10,"key":"Elixir"},{"floor":13,"key":"AttackPotion"},{"floor":13,"key":"Elixir"},{"floor":14,"key":"champ:CounterPotion"}],"is_trial":false,"path_per_floor":["M","M","$","?","M","R","E","R","T","E","?","M","?","M","R","B"],"character_chosen":"The_Alterego","items_purchased":["alterego_mod:Mirror+1"],"campfire_rested":1,"item_purchase_floors":[3],"current_hp_per_floor":[66,72,72,72,72,72,57,57,57,40,40,13,13,15,39,0,0],"gold":75,"neow_bonus":"","is_daily":false,"chose_seed":false,"campfire_upgraded":2,"win_rate":0.0,"timestamp":1608082614,"path_taken":["M","M","$","?","M","R","E","R","T","E","?","M","?","M","R","BOSS"],"items_purchased_type":["Card"],"build_version":"2020-12-13","purchased_purges":1,"victory":false,"max_hp_per_floor":[71,72,72,72,72,72,80,80,80,81,81,82,82,82,82,82,82],"card_choices":[{"not_picked":["Scarecrow","Yin"],"picked":"LittleHelper","floor":1},{"not_picked":["alterego_mod:Complex","alterego_mod:RidiculouslyBig"],"picked":"alterego_mod:Birthday","floor":1},{"not_picked":["VoidDream","SingingMachine"],"picked":"CherryBlossoms","floor":2},{"not_picked":["alterego_mod:DiscoLights","alterego_mod:DeftHands"],"picked":"alterego_mod:Rip","floor":2},{"not_picked":["Murderer","Laetitia"],"picked":"GalaxyChild","floor":5},{"not_picked":["alterego_mod:BusterCard","alterego_mod:SideboobHour"],"picked":"alterego_mod:IndependentAction","floor":5},{"not_picked":["HeroicMonk","LittleHelper"],"picked":"Murderer","floor":7},{"not_picked":["alterego_mod:SakuraLabyrinth","alterego_mod:Undulate"],"picked":"alterego_mod:TrickOrTreatment","floor":7},{"not_picked":["alterego_mod:Mirror","alterego_mod:GachaTicket"],"picked":"alterego_mod:Rip","floor":10},{"not_picked":["alterego_mod:Alter+1","alterego_mod:SideboobHour+1"],"picked":"alterego_mod:AlterEgo+1","floor":11},{"not_picked":["alterego_mod:PerceptionDisorder","alterego_mod:Valentines","alterego_mod:Bounce"],"picked":"SKIP","floor":12},{"not_picked":["Scarecrow","MHz"],"picked":"OSAHOGD","floor":14},{"not_picked":["alterego_mod:PerceptionDisorder","alterego_mod:BoobPocket","alterego_mod:Valentines"],"picked":"SKIP","floor":14}],"player_experience":427358,"relics_obtained":[{"floor":1,"key":"LetterFromLob"},{"floor":7,"key":"Strawberry"},{"floor":9,"key":"Replay:Mystery Machine"},{"floor":10,"key":"The Courier"}],"event_choices":[{"damage_healed":72,"gold_gain":0,"player_choice":"Embrace","damage_taken":0,"max_hp_gain":0,"max_hp_loss":72,"event_name":"betterThird:BetterShining","floor":4,"gold_loss":0},{"damage_healed":0,"gold_gain":0,"player_choice":"2","damage_taken":0,"max_hp_gain":0,"max_hp_loss":0,"event_name":"betterMatch:BetterMatch","floor":11,"gold_loss":0,"cards_obtained":["betterMatch:RareCard"]},{"damage_healed":0,"gold_gain":0,"player_choice":"Bought 2 Potions","damage_taken":0,"max_hp_gain":0,"max_hp_loss":0,"event_name":"The Woman in Blue","floor":13,"gold_loss":0}],"is_beta":false,"boss_relics":[],"items_purged_floors":[3],"is_endless":false,"potions_floor_spawned":[5,10,14],"killed_by":"Hexaghost","ascension_level":0}}