{"host":"exexdi9os29xec1d","time":1608107646,"event":{"mods":["Act Like it!","BaseMod","Colored Map","Conspire","Decade(王小明)","Downfall","Gensokyo","Hero for Fun","HololiveMod","Hubris","Infinite Spire","KinomotoSakuraMod(木之本樱)","Koishi","LagranYue(拉格朗・月)","Marisa（F雨　魔理沙）","Minty Spire (QoL Compilation)","READ ME - Guardian Mod","Remilia（蕾米莉亚）","Replay The Spire","Shop Mod","StSLib","The Animator","The Bladedancer","The Bug Knight","The Cursed","The Disciple","The Hierophant","The Necromancer","The Servant 0.9.4","Youmu（魂魄妖梦）","[地精首领爬塔]The Maniac"],"gold_per_floor":[111,160,174,21,41,41,56,69,69,89,120,120,137,137,137,233,233,245,155,165,165,165],"floor_reached":21,"playtime":1154,"items_purged":[],"score":175,"play_id":"bdf21128-a472-4f23-b079-52d23a916c47","local_time":"20201216163406","is_ascension_mode":false,"campfire_choices":[{"floor":6.0,"key":"REST"},{"data":"Sucker Punch","floor":12.0,"key":"SMITH"},{"data":"Well Laid Plans","floor":15.0,"key":"SMITH"}],"circlet_count":0,"master_deck":["Strike_G","Strike_G","Strike_G","Strike_G","Defend_G","Defend_G","Defend_G","Defend_G","Defend_G","Survivor","Neutralize","Well Laid Plans+1","Sucker Punch","Escape Plan","Envenom","PiercingWail","Sucker Punch+1","Poisoned Stab","Poison Darts+1","Distraction+1","Sucker Punch"],"relics":["HollowMod:MantisClawRelic","Gensokyo:MosesMiracle","Gensokyo:LunaticRedEyes","Gremlin Horn","infinitespire:Chaos","Eternal Feather","Hololive_ChaosS"],"acts_visited":["Exordium","TheCity"],"potions_floor_usage":[],"damage_taken":[{"damage":0.0,"enemies":"2 Louse","floor":1.0,"turns":1.0},{"damage":2.0,"enemies":"conspire:RoseBush","floor":3.0,"turns":1.0},{"damage":6.0,"enemies":"Jaw Worm","floor":5.0,"turns":4.0},{"damage":9.0,"enemies":"Red Slaver","floor":7.0,"turns":4.0},{"damage":2.0,"enemies":"Large Slime","floor":8.0,"turns":9.0},{"damage":0.0,"enemies":"Blue Slaver","floor":10.0,"turns":2.0},{"damage":0.0,"enemies":"Looter","floor":11.0,"turns":3.0},{"damage":0.0,"enemies":"3 Louse","floor":13.0,"turns":2.0},{"damage":26.0,"enemies":"The Guardian","floor":16.0,"turns":13.0},{"damage":49,"enemies":"Spheric Guardian","floor":18,"turns":6},{"damage":0,"enemies":"Snake Plant","floor":20,"turns":3},{"damage":22,"enemies":"Snecko","floor":21,"turns":3}],"seed_played":"-2910478499028137944","potions_obtained":[{"floor":3.0,"key":"SteroidPotion"},{"floor":5.0,"key":"Guardian:BlockOnCardUsePotion"},{"floor":10.0,"key":"Regen Potion"}],"is_trial":false,"path_per_floor":["M","?","M","$","M","R","M","M","T","M","M","R","M","?","R","B",null,"M","?","M","M"],"character_chosen":"THE_SILENT","items_purchased":["infinitespire:Chaos"],"campfire_rested":1,"item_purchase_floors":[4],"current_hp_per_floor":[70,42,40,40,34,55,46,44,44,44,44,53,53,53,62,36,70,21,21,21,0,0],"gold":165,"neow_bonus":"THREE_ENEMY_KILL","is_daily":false,"chose_seed":false,"campfire_upgraded":2,"win_rate":0.0,"timestamp":1608107646,"path_taken":["M","?","M","$","M","R","M","M","T","M","M","R","M","?","R","BOSS","M","?","M","M"],"items_purchased_type":["Relic"],"build_version":"2020-12-13","purchased_purges":0,"victory":false,"max_hp_per_floor":[70,70,70,70,70,70,70,70,70,70,70,70,70,70,70,70,70,70,70,70,70,70],"card_choices":[{"not_picked":["hubris:SlightOfHand","Flying Knee"],"picked":"Well Laid Plans","floor":1.0},{"not_picked":["Flying Knee","Hidden Blade"],"picked":"Sucker Punch","floor":2.0},{"not_picked":["Eviscerate","Quick Slash"],"picked":"Escape Plan","floor":2.0},{"not_picked":["Replay:Poison Smokescreen","ReplayTheSpireMod:Tripwire"],"picked":"Envenom","floor":3.0},{"not_picked":["Slice","Quick Slash"],"picked":"PiercingWail","floor":5.0},{"not_picked":["Blade Dance","Deflect"],"picked":"Sucker Punch","floor":7.0},{"not_picked":["hubris:Sniper","ReplayTheSpireMod:Shiv Toss"],"picked":"Poisoned Stab","floor":8.0},{"not_picked":["Escape Plan","Doppelganger","Dodge and Roll"],"picked":"SKIP","floor":10.0},{"not_picked":["Blade Dance","Quick Slash","Prepared"],"picked":"SKIP","floor":11.0},{"not_picked":["Blade Dance","ReplayTheSpireMod:Scrap Shanks","Sneak Up"],"picked":"SKIP","floor":13.0},{"not_picked":["Envenom","ReplayTheSpireMod:Necrosis"],"picked":"Poison Darts","floor":16.0},{"not_picked":["Backflip","Hidden Blade"],"picked":"Distraction+1","floor":18},{"not_picked":["hubris:SlightOfHand","Heel Hook"],"picked":"Sucker Punch","floor":20}],"player_experience":57687,"relics_obtained":[{"floor":2.0,"key":"Gremlin Horn"},{"floor":9.0,"key":"Eternal Feather"}],"event_choices":[{"damage_healed":0.0,"max_hp_gain":0.0,"max_hp_loss":0.0,"gold_gain":0.0,"event_name":"conspire:Investor","player_choice":"Leave","floor":14.0,"gold_loss":0.0,"damage_taken":0.0},{"cards_removed":["Strike_G"],"damage_healed":0,"gold_gain":0,"player_choice":"Upgrade and Remove","damage_taken":0,"max_hp_gain":0,"max_hp_loss":0,"event_name":"Designer","floor":19,"gold_loss":90,"cards_upgraded":["Poison Darts"]}],"is_beta":false,"boss_relics":[{"not_picked":["Velvet Choker","conspire:RoyalGoblet"],"picked":"Hololive_ChaosS"}],"items_purged_floors":[],"is_endless":false,"potions_floor_spawned":[3,5,10,11,13,16],"killed_by":"Snecko","ascension_level":0}}