{"host":"95i1gxnztdrdyvhi","time":1608140673,"event":{"mods":["AchievementEnabler","Act Like it!","BaseMod","Downfall","Minty Spire (QoL Compilation)","Quick Restart","StSLib"],"gold_per_floor":[99,128,144,163,163,163,187,187,198,231,81,100,112,131,143,241,241,241,276,126,126,126,143,143,68,101,101,19,224,424,439,458,555,555,555,555,566,594,594,612,638,657,657,691,199,210,225,239,256,256,256,285,54,54,54],"floor_reached":56,"playtime":5038,"items_purged":["champ:Strike","champ:Defend"],"score":1359,"play_id":"a2c771be-95c3-4739-a7ed-e1c3c264a49d","local_time":"20201216174433","is_ascension_mode":false,"campfire_choices":[{"data":"champ:Taunt","floor":1,"key":"SMITH"},{"data":"champ:AdrenalArmor","floor":5,"key":"SMITH"},{"data":"champ:BerserkerStyle","floor":8,"key":"SMITH"},{"floor":18,"key":"RECALL"},{"data":"champ:AdrenalArmor","floor":20,"key":"SMITH"},{"data":"champ:Encircle","floor":22,"key":"SMITH"},{"data":"champ:Shatter","floor":25,"key":"SMITH"},{"data":"champ:BerserkersShout","floor":27,"key":"SMITH"},{"data":"champ:Backstep","floor":35,"key":"SMITH"},{"data":"champ:Improvising","floor":39,"key":"SMITH"},{"data":"champ:Backstep","floor":43,"key":"SMITH"},{"data":"champ:IgnorePain","floor":54,"key":"SMITH"}],"circlet_count":0,"master_deck":["champ:Strike+1","champ:Execute+1","champ:Taunt+1","champ:BerserkerStyle+1","champ:BringItOn","champ:AdrenalArmor+1","champ:BerserkersShout","champ:Encircle+1","champ:Shatter+1","champ:AdrenalArmor+1","champ:Improvising+1","champ:BerserkersShout+1","champ:Backstep+1","champ:RecklessLeap","champ:Encircle","champ:FaceSlap","champ:Duel","champ:Backstep+1","champ:IgnorePain+1","champ:GutPunch+1","champ:Backstep+1","champ:HeartStrike","champ:SwordThrow","Finesse"],"relics":["champ:ChampionCrown","FossilizedHelix","champ:FightingForDummies","Bottled Lightning","sneckomod:SneckoTalon","Letter Opener","downfall:HeartBlessingRed","downfall:HeartBlessingGreen","downfall:HeartBlessingBlue","Whetstone","Empty Cage","Meat on the Bone","Omamori","hexamod:BolsterEngine","HandDrill","Happy Flower","Vajra","Guardian:PocketSentry"],"acts_visited":["Exordium","TheCity","TheBeyond","TheEnding"],"potions_floor_usage":[28,55],"damage_taken":[{"damage":17,"enemies":"Gremlin Nob","floor":2,"turns":5},{"damage":2,"enemies":"Small Slimes","floor":3,"turns":4},{"damage":15,"enemies":"2 Louse","floor":4,"turns":4},{"damage":17,"enemies":"Cultist","floor":9,"turns":4},{"damage":41,"enemies":"Lagavulin","floor":10,"turns":7},{"damage":39,"enemies":"Blue Slaver","floor":12,"turns":4},{"damage":38,"enemies":"Red Slaver","floor":13,"turns":4},{"damage":21,"enemies":"Exordium Thugs","floor":14,"turns":3},{"damage":25,"enemies":"Exordium Wildlife","floor":15,"turns":3},{"damage":51,"enemies":"downfall:Watcher","floor":16,"turns":5},{"damage":49,"enemies":"Book of Stabbing","floor":19,"turns":6},{"damage":10,"enemies":"Spheric Guardian","floor":23,"turns":1},{"damage":102,"enemies":"Gremlin Leader","floor":26,"turns":5},{"damage":79,"enemies":"downfall:FleeingMerchant","floor":28,"turns":4},{"damage":37,"enemies":"downfall:FleeingMerchant","floor":29,"turns":4},{"damage":58,"enemies":"Shelled Parasite and Fungi","floor":31,"turns":4},{"damage":69,"enemies":"Sentry and Sphere","floor":32,"turns":4},{"damage":93,"enemies":"downfall:Ironclad","floor":33,"turns":5},{"damage":32,"enemies":"3 Shapes","floor":37,"turns":2},{"damage":80,"enemies":"Reptomancer","floor":38,"turns":8},{"damage":58,"enemies":"3 Darklings","floor":40,"turns":4},{"damage":56,"enemies":"Spire Growth","floor":42,"turns":4},{"damage":76,"enemies":"Giant Head","floor":44,"turns":6},{"damage":61,"enemies":"4 Shapes","floor":46,"turns":4},{"damage":49,"enemies":"3 Darklings","floor":47,"turns":3},{"damage":74,"enemies":"Sphere and 2 Shapes","floor":48,"turns":4},{"damage":90,"enemies":"Transient","floor":49,"turns":5},{"damage":80,"enemies":"downfall:Silent","floor":50,"turns":5},{"damage":66,"enemies":"downfall:CharBossMerchant","floor":52,"turns":4},{"damage":211,"enemies":"downfall:NeowBoss","floor":55,"turns":17}],"seed_played":"4874304324503864467","potions_obtained":[{"floor":2,"key":"sneckomod:MuddlingPotion"},{"floor":3,"key":"PowerPotion"},{"floor":12,"key":"champ:OpenerPotion"},{"floor":16,"key":"PowerPotion"},{"floor":31,"key":"FairyPotion"}],"is_trial":false,"path_per_floor":["R","E","M","M","R","?","T","R","M","E","?","M","M","M","M","B",null,"R","E","R","?","R","M","T","R","E","R","$","$","?","M","M","B",null,"R","?","M","E","R","M","T","M","R","E","$","M","M","M","M","B",null,"E","$","R","B",null],"character_chosen":"THE_CHAMP","items_purchased":["champ:RecklessLeap","champ:FaceSlap","champ:UltimateStancePotion","HandDrill","Happy Flower","Guardian:PocketSentry","Finesse"],"campfire_rested":0,"item_purchase_floors":[28,29,45,45,45,53,53],"current_hp_per_floor":[63,56,61,61,61,61,61,61,64,67,100,100,100,100,100,99,100,100,93,93,93,93,96,96,106,92,92,115,115,115,102,85,44,120,120,120,120,116,116,115,115,120,120,120,120,120,120,120,120,101,120,120,120,120,113],"gold":54,"neow_bonus":"REMOVE_TWO","is_daily":false,"chose_seed":false,"campfire_upgraded":11,"win_rate":0.0,"timestamp":1608140673,"path_taken":["R","E","M","M","R","?","T","R","M","E","?","M","M","M","M","BOSS","R","E","R","?","R","M","T","R","E","R","$","$","?","M","M","BOSS","R","?","M","E","R","M","T","M","R","E","?","M","?","M","M","BOSS","E","$","R","BOSS"],"items_purchased_type":["Card","Card","Potion","Relic","Relic","Relic","Card"],"build_version":"2020-12-13","purchased_purges":2,"victory":true,"max_hp_per_floor":[90,90,90,90,90,90,90,90,90,90,100,100,100,100,100,100,100,100,100,100,100,100,100,100,110,115,115,115,115,115,120,120,120,120,120,120,120,120,120,120,120,120,120,120,120,120,120,120,120,120,120,120,120,120,120],"card_choices":[{"not_picked":["champ:CalledShot","champ:PerfectedStrike"],"picked":"champ:BerserkerStyle","floor":2},{"not_picked":["champ:BladeFlurry","champ:CrookedStrike"],"picked":"champ:BringItOn","floor":3},{"not_picked":["champ:TornadoPunch","champ:BerserkersShout"],"picked":"champ:AdrenalArmor","floor":4},{"not_picked":["champ:Haymaker","champ:CrookedStrike","champ:GladiatorsShout"],"picked":"SKIP","floor":9},{"not_picked":["champ:Circumvent","champ:BringItOn"],"picked":"champ:BerserkersShout","floor":10},{"not_picked":["champ:Haymaker","champ:Circumvent","champ:FlashCut"],"picked":"SKIP","floor":12},{"not_picked":["champ:PerfectedStrike","champ:GutPunch"],"picked":"champ:Encircle","floor":13},{"not_picked":["champ:FanOfKnives","champ:IronFortress"],"picked":"champ:Shatter","floor":14},{"not_picked":["champ:DefensiveShout","champ:HeavySlash"],"picked":"champ:AdrenalArmor","floor":15},{"not_picked":["champ:MurderStrike","champ:HeavySlash"],"picked":"champ:Improvising","floor":16},{"not_picked":["champ:EnGarde+1","champ:CalledShot"],"picked":"champ:FightOn","floor":19},{"not_picked":["champ:BringItOn","champ:Shatter"],"picked":"champ:BerserkersShout","floor":23},{"not_picked":["champ:BringItOn","champ:PerfectedStrike"],"picked":"champ:FightOn","floor":26},{"not_picked":["champ:BringItOn","champ:MurderStrike"],"picked":"champ:Backstep","floor":28},{"not_picked":["champ:Riposte","champ:EnGarde"],"picked":"champ:Encircle","floor":29},{"not_picked":["champ:BerserkersShout+1","champ:FlashCut"],"picked":"champ:Duel","floor":31},{"not_picked":["champ:FocusedDefense","champ:BerserkerStyle"],"picked":"champ:Backstep","floor":32},{"not_picked":["champ:SteelEdge","champ:ShieldSlam"],"picked":"champ:IgnorePain","floor":33},{"not_picked":["champ:GladiatorsShout","champ:ArenaPreparation","champ:StanceDance+1"],"picked":"SKIP","floor":37},{"not_picked":["champ:Backstep","champ:EnragedBash+1"],"picked":"champ:GutPunch+1","floor":38},{"not_picked":["champ:DefensiveShout+1","champ:BladeFlurry+1"],"picked":"champ:Backstep","floor":40},{"not_picked":["champ:AdrenalArmor+1","champ:FocusedGladiator"],"picked":"champ:HeartStrike","floor":42},{"not_picked":["champ:Backstep","champ:PerfectedStrike","champ:ShieldWall"],"picked":"SKIP","floor":44},{"not_picked":["champ:Haymaker","champ:GladiatorsShout","champ:BerserkersShout+1"],"picked":"SKIP","floor":46},{"not_picked":["champ:EnragedBash","champ:Backstep+1"],"picked":"champ:SwordThrow","floor":47},{"not_picked":["champ:StanceDance","champ:FlashCut","champ:FocusedGladiator+1"],"picked":"SKIP","floor":48},{"not_picked":["champ:StanceDance+1","champ:FanOfKnives+1","champ:GladiatorsShout+1"],"picked":"SKIP","floor":49},{"not_picked":["champ:BerserkersShout","champ:Lariat+1","champ:IronFortress+1"],"picked":"SKIP","floor":52}],"player_experience":750912,"relics_obtained":[{"floor":2,"key":"FossilizedHelix"},{"floor":7,"key":"champ:FightingForDummies"},{"floor":10,"key":"Bottled Lightning"},{"floor":19,"key":"Letter Opener"},{"floor":26,"key":"Whetstone"},{"floor":38,"key":"Meat on the Bone"},{"floor":41,"key":"Omamori"},{"floor":44,"key":"hexamod:BolsterEngine"},{"floor":52,"key":"Vajra"}],"event_choices":[{"damage_healed":0,"gold_gain":200,"player_choice":"Gold","damage_taken":0,"max_hp_gain":0,"max_hp_loss":0,"event_name":"Wheel of Change","floor":30,"gold_loss":0},{"damage_healed":0,"gold_gain":0,"player_choice":"Forge","damage_taken":0,"max_hp_gain":0,"max_hp_loss":0,"event_name":"Accursed Blacksmith","floor":36,"gold_loss":0,"cards_upgraded":["champ:Backstep"]}],"is_beta":false,"boss_relics":[{"not_picked":["Tiny House","Busted Crown"],"picked":"sneckomod:SneckoTalon"},{"not_picked":["Fusion Hammer","Philosopher\u0027s Stone"],"picked":"Empty Cage"}],"items_purged_floors":[29,45],"is_endless":false,"potions_floor_spawned":[2,3,12,15,16,31,32,33,38,40,49],"ascension_level":0}}