{"host":"d5zlp9udt2hvvjfh","time":1608157010,"event":{"mods":["AchievementEnabler","BaseMod","Minty Spire (QoL Compilation)","Permanent Neow","Relic Stats","StSLib"],"gold_per_floor":[119,139,139,139,139,139,139],"floor_reached":6,"playtime":124,"items_purged":[],"score":54,"play_id":"4ae33fc5-3a3b-422e-9deb-d986647266ff","local_time":"20201216231650","is_ascension_mode":true,"campfire_choices":[],"circlet_count":0,"master_deck":["AscendersBane","Strike_B","Strike_B","Strike_B","Strike_B","Defend_B","Defend_B","Defend_B+1","Defend_B","Zap","Dualcast","Conserve Battery+1","Beam Cell"],"relics":["Busted Crown","Golden Idol","Ornamental Fan"],"acts_visited":["Exordium"],"potions_floor_usage":[],"damage_taken":[{"damage":5,"enemies":"2 Louse","floor":1,"turns":3},{"damage":4,"enemies":"Small Slimes","floor":2,"turns":4},{"damage":12,"enemies":"Gremlin Nob","floor":6,"turns":2}],"seed_played":"-5300256803966758137","potions_obtained":[{"floor":2,"key":"DuplicationPotion"}],"is_trial":false,"path_per_floor":["M","M","?","?","?","E"],"character_chosen":"DEFECT","items_purchased":[],"campfire_rested":0,"item_purchase_floors":[],"current_hp_per_floor":[63,59,44,44,11,0,0],"gold":139,"neow_bonus":"BOSS_RELIC","is_daily":false,"chose_seed":false,"campfire_upgraded":0,"win_rate":0.0,"timestamp":1608157010,"path_taken":["M","M","?","?","?","E"],"items_purchased_type":[],"build_version":"2020-12-13","purchased_purges":0,"victory":false,"max_hp_per_floor":[75,75,75,69,69,69,69],"relic_stats":{"Busted Crown":4,"counters":[3,9],"Golden Idol":0,"Ornamental Fan":[4],"obtain_stats":[{"Busted Crown":0,"Golden Idol":4,"Ornamental Fan":5,"Cracked Core":0},{"Busted Crown":0,"Golden Idol":2,"Ornamental Fan":2,"Cracked Core":0},{"Busted Crown":0,"Golden Idol":7,"Ornamental Fan":7,"Cracked Core":0}]},"card_choices":[{"not_picked":[],"picked":"Conserve Battery","floor":1},{"not_picked":[],"picked":"Beam Cell","floor":2}],"player_experience":1125774,"relics_obtained":[],"event_choices":[{"damage_healed":0,"gold_gain":0,"player_choice":"Entered Light","damage_taken":15,"max_hp_gain":0,"max_hp_loss":0,"event_name":"Shining Light","floor":3,"gold_loss":0,"cards_upgraded":["Defend_B","Conserve Battery"]},{"damage_healed":0,"gold_gain":0,"player_choice":"Lose Max HP","damage_taken":0,"relics_obtained":["Golden Idol"],"max_hp_gain":0,"max_hp_loss":6,"event_name":"Golden Idol","floor":4,"gold_loss":0},{"damage_healed":0,"gold_gain":0,"player_choice":"Success","damage_taken":33,"relics_obtained":["Ornamental Fan"],"max_hp_gain":0,"max_hp_loss":0,"event_name":"Scrap Ooze","floor":5,"gold_loss":0}],"is_beta":false,"boss_relics":[],"items_purged_floors":[],"is_endless":false,"potions_floor_spawned":[2],"killed_by":"Gremlin Nob","ascension_level":12}}