{"host":"xcuflocadasoaqda","time":1608142085,"event":{"mods":["BaseMod","Bestiary","Filter the Spire","Minty Spire (QoL Compilation)","Relic Stats"],"gold_per_floor":[114,114,54,71,90,90,104,135,135,171,171,59,76,87,87,160,160,170,179,191,91,16,16,36,396,396,425,425,143,143,169,169,248,248,266,285,148,165,165,191,201,232,232,266,266,292,292,19,19,19,19,19,19,19,44,44],"floor_reached":57,"playtime":2063,"items_purged":["Envenom","Blade Dance","Well Laid Plans","Dash","Survivor"],"score":3657,"play_id":"ca03450d-9a04-498c-aae5-a2698709f1f5","local_time":"20201216120805","is_ascension_mode":true,"campfire_choices":[{"data":"Grand Finale","floor":6,"key":"SMITH"},{"data":"Grand Finale","floor":15,"key":"SMITH"},{"data":"Doppelganger","floor":23,"key":"SMITH"},{"floor":28,"key":"REST"},{"data":"Adrenaline","floor":30,"key":"SMITH"},{"data":"Reflex","floor":32,"key":"SMITH"},{"floor":45,"key":"RECALL"},{"data":"Neutralize","floor":47,"key":"SMITH"},{"data":"Prepared","floor":49,"key":"SMITH"},{"data":"Acrobatics","floor":53,"key":"SMITH"}],"circlet_count":0,"master_deck":["AscendersBane","Neutralize+1","Reflex+1","Adrenaline+1","Acrobatics+1","Grand Finale+1","Grand Finale+1","Prepared+1","Acrobatics+1","Backflip+1","Escape Plan+1","Terror+1"],"relics":["Pandora\u0027s Box","The Courier","CeramicFish","Toxic Egg 2","Boot","Runic Pyramid","Gremlin Horn","Pen Nib","Bronze Scales","Regal Pillow","HoveringKite","Anchor","Snake Skull","Darkstone Periapt","Bag of Marbles","Singing Bowl","TheAbacus","Pantograph"],"acts_visited":["Exordium","TheCity","TheBeyond","TheEnding"],"potions_floor_usage":[44,56],"damage_taken":[{"damage":0,"enemies":"Jaw Worm","floor":1,"turns":3},{"damage":0,"enemies":"Cultist","floor":4,"turns":2},{"damage":0,"enemies":"2 Louse","floor":5,"turns":2},{"damage":4,"enemies":"Exordium Wildlife","floor":7,"turns":3},{"damage":12,"enemies":"3 Sentries","floor":8,"turns":4},{"damage":0,"enemies":"Gremlin Nob","floor":10,"turns":2},{"damage":0,"enemies":"Blue Slaver","floor":13,"turns":2},{"damage":0,"enemies":"Gremlin Gang","floor":14,"turns":1},{"damage":2,"enemies":"The Guardian","floor":16,"turns":2},{"damage":0,"enemies":"Shell Parasite","floor":18,"turns":2},{"damage":0,"enemies":"3 Byrds","floor":20,"turns":1},{"damage":0,"enemies":"Centurion and Healer","floor":24,"turns":2},{"damage":0,"enemies":"Book of Stabbing","floor":27,"turns":2},{"damage":0,"enemies":"Gremlin Leader","floor":31,"turns":1},{"damage":0,"enemies":"Automaton","floor":33,"turns":1},{"damage":0,"enemies":"Orb Walker","floor":35,"turns":1},{"damage":0,"enemies":"3 Darklings","floor":36,"turns":1},{"damage":0,"enemies":"Transient","floor":38,"turns":2},{"damage":0,"enemies":"Reptomancer","floor":40,"turns":1},{"damage":0,"enemies":"Spire Growth","floor":41,"turns":1},{"damage":0,"enemies":"Nemesis","floor":42,"turns":1},{"damage":0,"enemies":"Reptomancer","floor":44,"turns":1},{"damage":0,"enemies":"Nemesis","floor":46,"turns":3},{"damage":0,"enemies":"Donu and Deca","floor":50,"turns":1},{"damage":0,"enemies":"Time Eater","floor":51,"turns":1},{"damage":0,"enemies":"Shield and Spear","floor":55,"turns":1},{"damage":45,"enemies":"The Heart","floor":56,"turns":4}],"seed_played":"5329632251148629142","potions_obtained":[{"floor":1,"key":"ColorlessPotion"},{"floor":8,"key":"Swift Potion"},{"floor":14,"key":"AttackPotion"},{"floor":36,"key":"Fruit Juice"},{"floor":44,"key":"DuplicationPotion"}],"is_trial":false,"path_per_floor":["M","?","$","M","M","R","M","E","T","E","?","$","M","M","R","B",null,"M","?","M","$","?","R","M","?","T","E","R","$","R","E","R","B",null,"M","M","$","M","?","E","M","E","T","E","R","E","R","$","R","B","B",null,"R","$","E","B",null],"character_chosen":"THE_SILENT","items_purchased":["Backflip+1","Terror+1","Bronze Scales","Anchor","TheAbacus"],"campfire_rested":1,"item_purchase_floors":[12,29,29,37,48],"current_hp_per_floor":[59,59,59,59,59,59,55,43,43,43,43,43,43,43,43,41,60,60,60,60,60,60,60,60,24,24,24,43,43,43,43,43,43,60,60,60,60,60,60,60,60,60,60,65,65,67,67,67,67,67,67,72,72,72,74,30],"gold":44,"neow_bonus":"BOSS_RELIC","is_daily":false,"chose_seed":false,"campfire_upgraded":8,"win_rate":0.0,"timestamp":1608142085,"path_taken":["M","?","$","M","?","R","M","E","T","E","?","$","M","M","R","BOSS","M","?","M","$","?","R","M","?","T","E","R","$","R","E","R","BOSS","M","?","$","?","?","E","?","E","T","E","R","E","R","$","R","BOSS","BOSS","R","$","E","BOSS"],"items_purchased_type":["Card","Card","Relic","Relic","Relic"],"build_version":"2020-12-13","purchased_purges":5,"victory":true,"max_hp_per_floor":[66,66,66,66,66,66,66,66,66,66,66,66,66,66,66,66,66,66,66,66,66,66,66,66,66,66,66,66,66,66,66,66,66,66,66,66,66,66,66,66,66,66,66,71,71,73,73,73,73,73,73,73,73,73,75,75],"relic_stats":{"Darkstone Periapt":0,"Regal Pillow":0,"Gremlin Horn":[7,7],"Singing Bowl":4,"counters":[27,48],"CeramicFish":36,"HoveringKite":[15],"Pen Nib":[7],"Snake Skull":[0],"Boot":[47],"TheAbacus":[102],"Bronze Scales":[63],"Pantograph":1,"Pandora\u0027s Box":["Reflex","Blade Dance","Envenom","Adrenaline","Dash","Acrobatics","Underhanded Strike","Grand Finale","Doppelganger","Grand Finale"],"obtain_stats":[{"Darkstone Periapt":42,"Regal Pillow":31,"Gremlin Horn":26,"Singing Bowl":46,"CeramicFish":8,"HoveringKite":34,"The Courier":2,"Pen Nib":27,"Snake Skull":40,"Boot":10,"Anchor":37,"TheAbacus":48,"Bronze Scales":29,"Pantograph":55,"Pandora\u0027s Box":0,"Bag of Marbles":44,"Toxic Egg 2":9,"Ring of the Snake":0,"Runic Pyramid":17},{"Darkstone Periapt":21,"Regal Pillow":14,"Gremlin Horn":12,"Singing Bowl":23,"CeramicFish":5,"HoveringKite":15,"The Courier":1,"Pen Nib":13,"Snake Skull":19,"Boot":6,"Anchor":17,"TheAbacus":23,"Bronze Scales":13,"Pantograph":26,"Pandora\u0027s Box":0,"Bag of Marbles":22,"Toxic Egg 2":5,"Ring of the Snake":0,"Runic Pyramid":9},{"Darkstone Periapt":37,"Regal Pillow":29,"Gremlin Horn":26,"Singing Bowl":41,"CeramicFish":14,"HoveringKite":30,"The Courier":3,"Pen Nib":28,"Snake Skull":35,"Boot":16,"Anchor":32,"TheAbacus":41,"Bronze Scales":28,"Pantograph":44,"Pandora\u0027s Box":0,"Bag of Marbles":38,"Toxic Egg 2":14,"Ring of the Snake":0,"Runic Pyramid":21}]},"card_choices":[{"not_picked":["Noxious Fumes","Outmaneuver"],"picked":"Well Laid Plans","floor":1},{"not_picked":["Accuracy","All Out Attack"],"picked":"Prepared","floor":4},{"not_picked":["Choke","Dagger Throw","Prepared"],"picked":"SKIP","floor":5},{"not_picked":["Quick Slash","Infinite Blades","Deflect"],"picked":"SKIP","floor":7},{"not_picked":["Caltrops","PiercingWail","Heel Hook"],"picked":"SKIP","floor":8},{"not_picked":["Glass Knife","Slice"],"picked":"Acrobatics+1","floor":10},{"not_picked":["Prepared+1","Bane","Backflip+1"],"picked":"SKIP","floor":13},{"not_picked":["Quick Slash","Heel Hook","Underhanded Strike"],"picked":"SKIP","floor":14},{"not_picked":["Poisoned Stab","Bane","Crippling Poison+1"],"picked":"SKIP","floor":18},{"not_picked":["Setup+1","Flying Knee","Deadly Poison+1"],"picked":"SKIP","floor":20},{"not_picked":["Predator","Slice","Acrobatics+1"],"picked":"SKIP","floor":24},{"not_picked":["Prepared+1","Caltrops+1","Setup+1"],"picked":"SKIP","floor":27},{"not_picked":["Dash","Slice","Deadly Poison+1"],"picked":"SKIP","floor":31},{"not_picked":["Riddle With Holes","Setup+1","Deadly Poison+1"],"picked":"SKIP","floor":35},{"not_picked":["Setup+1","Reflex+1","Deflect+1"],"picked":"SKIP","floor":36},{"not_picked":["Riddle With Holes","Flying Knee+1","Poisoned Stab"],"picked":"SKIP","floor":38},{"not_picked":["Cloak And Dagger+1","Terror+1","Dagger Throw+1"],"picked":"SKIP","floor":40},{"not_picked":["Underhanded Strike","Deadly Poison+1","Dagger Spray"],"picked":"SKIP","floor":41},{"not_picked":["Dagger Spray+1","Blade Dance+1","Bouncing Flask+1"],"picked":"SKIP","floor":42},{"not_picked":["Quick Slash","Outmaneuver+1","Acrobatics+1"],"picked":"SKIP","floor":44},{"not_picked":["Bouncing Flask+1","Heel Hook","Poisoned Stab"],"picked":"Singing Bowl","floor":46},{"not_picked":["Die Die Die","Dodge and Roll+1","Finisher"],"picked":"Singing Bowl","floor":55}],"player_experience":1728328,"relics_obtained":[{"floor":2,"key":"The Courier"},{"floor":8,"key":"CeramicFish"},{"floor":9,"key":"Toxic Egg 2"},{"floor":10,"key":"Boot"},{"floor":26,"key":"Gremlin Horn"},{"floor":27,"key":"Pen Nib"},{"floor":31,"key":"Regal Pillow"},{"floor":40,"key":"Snake Skull"},{"floor":42,"key":"Darkstone Periapt"},{"floor":44,"key":"Bag of Marbles"},{"floor":46,"key":"Singing Bowl"},{"floor":55,"key":"Pantograph"}],"event_choices":[{"damage_healed":0,"gold_gain":0,"player_choice":"Relic","damage_taken":0,"max_hp_gain":0,"max_hp_loss":0,"event_name":"Wheel of Change","floor":2,"gold_loss":0},{"damage_healed":0,"gold_gain":0,"player_choice":"Ignored","damage_taken":0,"max_hp_gain":0,"max_hp_loss":0,"event_name":"Liars Game","floor":11,"gold_loss":0},{"damage_healed":0,"gold_gain":0,"player_choice":"Read","damage_taken":0,"max_hp_gain":0,"max_hp_loss":0,"event_name":"The Library","floor":19,"gold_loss":0,"cards_obtained":["Escape Plan"]},{"cards_removed":["Underhanded Strike"],"damage_healed":0,"gold_gain":0,"player_choice":"Gave Gold","damage_taken":0,"max_hp_gain":0,"max_hp_loss":0,"event_name":"Beggar","floor":22,"gold_loss":75},{"damage_healed":0,"gold_gain":360,"player_choice":"GOLD GOLD GOLD GOLD ","damage_taken":36,"max_hp_gain":0,"max_hp_loss":0,"event_name":"Knowing Skull","floor":25,"potions_obtained":[],"gold_loss":0,"cards_obtained":[]},{"cards_removed":["Doppelganger"],"damage_healed":0,"gold_gain":0,"player_choice":"Purged","damage_taken":0,"max_hp_gain":0,"max_hp_loss":0,"event_name":"Purifier","floor":39,"gold_loss":0}],"is_beta":false,"boss_relics":[{"not_picked":["Sozu","Calling Bell"],"picked":"Runic Pyramid"},{"not_picked":["WristBlade","Empty Cage"],"picked":"HoveringKite"}],"items_purged_floors":[3,12,21,29,48],"is_endless":false,"potions_floor_spawned":[1,8,14,16,18,36,41,44],"ascension_level":20}}