{"host":"z9zlow7pt2vzlu59","time":1608081552,"event":{"mods":["AchievementEnabler","BaseMod","Colored Powertips","Minty Spire (QoL Compilation)","Permanent Neow"],"gold_per_floor":[110,75,75,91,104,104,133,153,202,202,219,219,252,269,269,344,344,362,1,21,41,56,88,88,88,88,415,432,466,482,513,513,585,585,601,188,208,227,246,277,296,323,347,380,390,403,414,446,446,446,446],"floor_reached":52,"playtime":6569,"items_purged":["Strike_R","Strike_R"],"score":2390,"play_id":"feea2bd4-df4b-4dcd-9b92-642a878a5b45","local_time":"20201215171912","is_ascension_mode":true,"campfire_choices":[{"data":"Berserk","floor":6,"key":"SMITH"},{"floor":10,"key":"REST"},{"floor":12,"key":"REST"},{"floor":15,"key":"REST"},{"data":"Metallicize","floor":32,"key":"SMITH"},{"data":"Limit Break","floor":49,"key":"SMITH"}],"circlet_count":0,"master_deck":["AscendersBane","Strike_R","Strike_R","Strike_R+1","Defend_R","Defend_R","Defend_R+1","Defend_R+1","Bash","Whirlwind","Berserk+1","Uppercut+1","Spot Weakness","Metallicize","Pommel Strike","Reaper","Metallicize+1","Intimidate","Spot Weakness+1","Reaper","Shrug It Off","True Grit+1","Reaper+1","Dropkick+1","Limit Break","Pommel Strike+1","Fire Breathing","Inflame","Headbutt+1","Uppercut+1","Pommel Strike+1","Seeing Red+1","Limit Break+1","Headbutt+1","Reaper+1","Dropkick+1","Headbutt+1","Pommel Strike+1","True Grit+1"],"relics":["Black Star","Mummified Hand","Whetstone","Strawberry","Omamori","CaptainsWheel","War Paint","Runic Pyramid","Bottled Flame","Gremlin Horn","Bag of Preparation","FossilizedHelix","Sundial","Old Coin","Molten Egg 2","TungstenRod","Blue Candle","Prayer Wheel","Calling Bell","Bag of Marbles","White Beast Statue","Charon\u0027s Ashes","Oddly Smooth Stone","Pen Nib","Red Skull","Happy Flower","Juzu Bracelet","Boot","Bronze Scales","Toxic Egg 2","Paper Frog","Mercury Hourglass"],"acts_visited":["Exordium","TheCity","TheBeyond"],"potions_floor_usage":[8,16,27,50],"damage_taken":[{"damage":7,"enemies":"Small Slimes","floor":1,"turns":3},{"damage":9,"enemies":"Jaw Worm","floor":4,"turns":4},{"damage":7,"enemies":"Cultist","floor":5,"turns":4},{"damage":32,"enemies":"Gremlin Nob","floor":7,"turns":4},{"damage":29,"enemies":"Gremlin Gang","floor":8,"turns":4},{"damage":12,"enemies":"Looter","floor":11,"turns":4},{"damage":25,"enemies":"Lagavulin","floor":13,"turns":7},{"damage":1,"enemies":"2 Fungi Beasts","floor":14,"turns":3},{"damage":22,"enemies":"The Guardian","floor":16,"turns":12},{"damage":28,"enemies":"2 Thieves","floor":18,"turns":5},{"damage":0,"enemies":"Spheric Guardian","floor":20,"turns":5},{"damage":17,"enemies":"Snake Plant","floor":21,"turns":4},{"damage":1,"enemies":"Snecko","floor":22,"turns":5},{"damage":82,"enemies":"Gremlin Leader","floor":23,"turns":8},{"damage":40,"enemies":"Book of Stabbing","floor":27,"turns":7},{"damage":4,"enemies":"Sentry and Sphere","floor":28,"turns":7},{"damage":7,"enemies":"Gremlin Leader","floor":29,"turns":5},{"damage":12,"enemies":"Centurion and Healer","floor":30,"turns":6},{"damage":32,"enemies":"Book of Stabbing","floor":31,"turns":6},{"damage":76,"enemies":"Champ","floor":33,"turns":13},{"damage":53,"enemies":"3 Shapes","floor":35,"turns":4},{"damage":8,"enemies":"Orb Walker","floor":37,"turns":3},{"damage":11,"enemies":"Spire Growth","floor":38,"turns":4},{"damage":0,"enemies":"Sphere and 2 Shapes","floor":39,"turns":4},{"damage":0,"enemies":"Reptomancer","floor":40,"turns":3},{"damage":14,"enemies":"Writhing Mass","floor":41,"turns":6},{"damage":0,"enemies":"Nemesis","floor":42,"turns":5},{"damage":53,"enemies":"Giant Head","floor":44,"turns":7},{"damage":12,"enemies":"4 Shapes","floor":45,"turns":5},{"damage":33,"enemies":"Spire Growth","floor":46,"turns":4},{"damage":23,"enemies":"Maw","floor":47,"turns":7},{"damage":0,"enemies":"Nemesis","floor":48,"turns":5},{"damage":65,"enemies":"Donu and Deca","floor":50,"turns":7},{"damage":171,"enemies":"Awakened One","floor":51,"turns":11}],"seed_played":"-1782623386434332626","potions_obtained":[{"floor":1,"key":"SneckoOil"},{"floor":7,"key":"LiquidBronze"},{"floor":13,"key":"HeartOfIron"},{"floor":14,"key":"SpeedPotion"},{"floor":20,"key":"Fire Potion"},{"floor":22,"key":"FairyPotion"},{"floor":23,"key":"Swift Potion"},{"floor":31,"key":"EssenceOfSteel"},{"floor":35,"key":"Explosive Potion"},{"floor":41,"key":"Strength Potion"},{"floor":42,"key":"DistilledChaos"}],"is_trial":false,"path_per_floor":["M","?","?","M","M","R","E","M","T","R","M","R","E","M","R","B",null,"M","$","M","M","M","E","?","?","T","E","M","E","M","E","R","B",null,"M","$","M","M","M","E","M","E","T","E","M","M","M","E","R","B","B",null],"character_chosen":"IRONCLAD","items_purchased":["Bottled Flame","Oddly Smooth Stone","Inflame","BlessingOfTheForge","Headbutt+1"],"campfire_rested":3,"item_purchase_floors":[19,36,36,36,36],"current_hp_per_floor":[61,75,75,66,59,59,34,5,5,29,17,41,16,15,39,17,66,55,55,62,56,62,17,17,17,17,46,58,82,82,82,82,73,80,78,78,82,82,82,82,82,82,82,82,82,73,82,82,82,82,25],"gold":446,"neow_bonus":"BOSS_RELIC","is_daily":false,"chose_seed":false,"campfire_upgraded":3,"win_rate":0.0,"timestamp":1608081552,"path_taken":["M","?","?","M","M","R","E","M","T","R","M","R","E","?","R","BOSS","M","$","M","?","M","E","?","?","T","E","?","E","M","E","R","BOSS","M","$","M","M","M","E","M","E","T","E","M","M","M","E","R","BOSS","BOSS"],"items_purchased_type":["Relic","Relic","Card","Potion","Card"],"build_version":"2020-12-13","purchased_purges":2,"victory":true,"max_hp_per_floor":[75,75,75,75,75,75,82,82,82,82,82,82,82,82,82,82,82,82,82,82,82,82,82,82,82,82,82,82,82,82,82,82,82,82,82,82,82,82,82,82,82,82,82,82,82,82,82,82,82,82,82],"card_choices":[{"not_picked":["Sword Boomerang","Havoc","Dual Wield"],"picked":"SKIP","floor":1},{"not_picked":["Armaments","Perfected Strike"],"picked":"Whirlwind","floor":4},{"not_picked":["Cleave","Thunderclap"],"picked":"Berserk","floor":5},{"not_picked":["Limit Break","Rampage"],"picked":"Uppercut","floor":7},{"not_picked":["Flex","Whirlwind","Twin Strike"],"picked":"SKIP","floor":8},{"not_picked":["Power Through","Thunderclap"],"picked":"Spot Weakness","floor":11},{"not_picked":["Pommel Strike","True Grit"],"picked":"Metallicize","floor":13},{"not_picked":["Twin Strike","Armaments"],"picked":"Pommel Strike","floor":14},{"not_picked":["Bludgeon","Brutality"],"picked":"Reaper","floor":16},{"not_picked":["Anger","Headbutt"],"picked":"Metallicize","floor":18},{"not_picked":["Sword Boomerang","Heavy Blade","Evolve"],"picked":"SKIP","floor":20},{"not_picked":["Twin Strike","Bloodletting"],"picked":"Intimidate","floor":21},{"not_picked":["Thunderclap","Warcry"],"picked":"Spot Weakness","floor":22},{"not_picked":["Sword Boomerang+1","Perfected Strike"],"picked":"Reaper","floor":23},{"not_picked":["Thunderclap","Intimidate"],"picked":"Shrug It Off","floor":27},{"not_picked":["Anger+1","Thunderclap"],"picked":"True Grit+1","floor":28},{"not_picked":["Anger+1","Dual Wield","Sentinel"],"picked":"SKIP","floor":29},{"not_picked":["Armaments","Anger+1"],"picked":"Reaper+1","floor":30},{"not_picked":["Anger+1","Body Slam+1"],"picked":"Dropkick+1","floor":31},{"not_picked":["Exhume","Bludgeon+1"],"picked":"Limit Break","floor":33},{"not_picked":["Whirlwind+1","Intimidate"],"picked":"Pommel Strike+1","floor":35},{"not_picked":["Clothesline+1","Anger+1"],"picked":"Fire Breathing","floor":35},{"not_picked":["Pummel+1","Hemokinesis+1"],"picked":"Uppercut+1","floor":37},{"not_picked":["Rupture","Heavy Blade+1"],"picked":"Pommel Strike+1","floor":37},{"not_picked":["True Grit+1","Anger+1"],"picked":"Seeing Red+1","floor":38},{"not_picked":["Hemokinesis+1","Sword Boomerang+1","Sever Soul+1"],"picked":"SKIP","floor":38},{"not_picked":["Twin Strike+1","Spot Weakness+1"],"picked":"Limit Break","floor":39},{"not_picked":["Carnage+1","Inflame"],"picked":"Headbutt+1","floor":39},{"not_picked":["Disarm","Clash+1"],"picked":"Reaper+1","floor":40},{"not_picked":["Warcry","Havoc"],"picked":"Dropkick+1","floor":41},{"not_picked":["Wild Strike+1","Heavy Blade+1","Body Slam+1"],"picked":"SKIP","floor":41},{"not_picked":["Fiend Fire+1","True Grit","Clothesline+1"],"picked":"SKIP","floor":42},{"not_picked":["Perfected Strike+1","Flex+1"],"picked":"Headbutt+1","floor":44},{"not_picked":["Shockwave+1","Warcry+1"],"picked":"Pommel Strike+1","floor":45},{"not_picked":["Ghostly Armor+1","Twin Strike+1","Heavy Blade+1"],"picked":"SKIP","floor":45},{"not_picked":["Evolve","Cleave+1","Sword Boomerang+1"],"picked":"SKIP","floor":46},{"not_picked":["Thunderclap+1","Hemokinesis+1","Dual Wield+1"],"picked":"SKIP","floor":46},{"not_picked":["Wild Strike+1","Entrench+1","Body Slam+1"],"picked":"SKIP","floor":47},{"not_picked":["Pummel+1","Dark Embrace","Battle Trance+1"],"picked":"SKIP","floor":47},{"not_picked":["Feel No Pain","Pommel Strike+1"],"picked":"True Grit+1","floor":48}],"player_experience":115290,"relics_obtained":[{"floor":7,"key":"Whetstone"},{"floor":7,"key":"Strawberry"},{"floor":9,"key":"Omamori"},{"floor":13,"key":"CaptainsWheel"},{"floor":13,"key":"War Paint"},{"floor":23,"key":"Gremlin Horn"},{"floor":23,"key":"Bag of Preparation"},{"floor":26,"key":"FossilizedHelix"},{"floor":27,"key":"Sundial"},{"floor":27,"key":"Old Coin"},{"floor":29,"key":"Molten Egg 2"},{"floor":29,"key":"TungstenRod"},{"floor":31,"key":"Blue Candle"},{"floor":31,"key":"Prayer Wheel"},{"floor":34,"key":"Bag of Marbles"},{"floor":34,"key":"White Beast Statue"},{"floor":34,"key":"Charon\u0027s Ashes"},{"floor":40,"key":"Pen Nib"},{"floor":40,"key":"Red Skull"},{"floor":42,"key":"Happy Flower"},{"floor":42,"key":"Juzu Bracelet"},{"floor":43,"key":"Boot"},{"floor":44,"key":"Bronze Scales"},{"floor":44,"key":"Toxic Egg 2"},{"floor":48,"key":"Paper Frog"},{"floor":48,"key":"Mercury Hourglass"}],"event_choices":[{"damage_healed":18,"gold_gain":0,"player_choice":"Healed","damage_taken":0,"max_hp_gain":0,"max_hp_loss":0,"event_name":"The Cleric","floor":2,"gold_loss":35},{"damage_healed":0,"gold_gain":0,"player_choice":"Gave Potion","damage_taken":0,"relics_obtained":["Mummified Hand"],"max_hp_gain":0,"max_hp_loss":0,"event_name":"WeMeetAgain","floor":3,"gold_loss":0},{"damage_healed":0,"gold_gain":0,"player_choice":"Ignored","damage_taken":0,"max_hp_gain":0,"max_hp_loss":0,"event_name":"Cursed Tome","floor":24,"gold_loss":0},{"damage_healed":0,"gold_gain":0,"player_choice":"Upgraded","damage_taken":0,"max_hp_gain":0,"max_hp_loss":0,"event_name":"Upgrade Shrine","floor":25,"gold_loss":0,"cards_upgraded":["Spot Weakness"]}],"is_beta":false,"boss_relics":[{"not_picked":["Fusion Hammer","Cursed Key"],"picked":"Runic Pyramid"},{"not_picked":["Runic Dome","Sozu"],"picked":"Calling Bell"}],"items_purged_floors":[19,36],"is_endless":false,"potions_floor_spawned":[1,7,13,14,20,22,23,31,35,37,38,39,40,41,42,44,45,46,47,48],"ascension_level":20}}