{"host":"9aax3dkmlvd55llh","time":1608122349,"event":{"mods":["BaseMod","Infinite Spire","Minty Spire (QoL Compilation)","Replay The Spire","StSLib","The Jungle"],"gold_per_floor":[109,109,109,121,134,159,84,84,84,84,114,128,28,44,44,168,168,179,119,218,10,39,68,85,85,85,85,111,111,124,124,124,250,250,327,82,189,265,335,335,364,404,404,505,575,39,39,39],"floor_reached":47,"playtime":4652,"items_purged":["Establishment","Establishment","Collect","MentalFortress"],"score":555,"play_id":"abc16999-0add-4d0f-ae48-cfde024aca90","local_time":"20201216133909","is_ascension_mode":true,"campfire_choices":[{"data":"Eruption","floor":8.0,"key":"SMITH"},{"data":"infinitespire:Fortify","floor":10.0,"key":"SMITH"},{"floor":15.0,"key":"REST"},{"floor":25,"key":"REST"},{"data":"Wish","floor":27,"key":"SMITH"},{"data":"Omniscience","floor":27,"key":"SMITH"},{"floor":29,"key":"REST"},{"floor":32,"key":"REST"},{"floor":40,"key":"REST"}],"circlet_count":0,"master_deck":["Eruption+1","Vigilance","Adaptation","ConjureBlade","SignatureMove","Replay:BluntJabs","infinitespire:Fortify+1","Perseverance","Consecrate","Wish+1","Replay:Cycle","Omniscience+1","Replay:ManipulateFuture","Deep Breath","Nirvana+1","JustLucky","Omniscience","EmptyMind+1","Enlightenment"],"relics":["Pandora\u0027s Box","ReplayTheSpireMod:TigerMarble","infinitespire:BottledMercury","Replay:Arrowhead","infinitespire:Cupcake","Red Mask","Du-Vu Doll","Blood Vial","Replay:Blank Codex","Replay:Bronze Core","Replay:Bottled Steam","Kunai","infinitespire:Bottled Soul","Oddly Smooth Stone","HandDrill"],"acts_visited":["Exordium","TheCity","TheBeyond"],"potions_floor_usage":[35,37,42,47],"damage_taken":[{"damage":13.0,"enemies":"2 Louse","floor":1.0,"turns":3.0},{"damage":6.0,"enemies":"Cultist","floor":4.0,"turns":4.0},{"damage":0.0,"enemies":"Jaw Worm","floor":5.0,"turns":2.0},{"damage":17.0,"enemies":"3 Sentries","floor":6.0,"turns":6.0},{"damage":4.0,"enemies":"Gremlin Nob","floor":11.0,"turns":3.0},{"damage":0.0,"enemies":"3 Louse","floor":12.0,"turns":3.0},{"damage":15.0,"enemies":"Exordium Thugs","floor":14.0,"turns":4.0},{"damage":22.0,"enemies":"Fading Forest","floor":16.0,"turns":11.0},{"damage":12.0,"enemies":"2 Thieves","floor":18.0,"turns":4.0},{"damage":7.0,"enemies":"Masked Bandits","floor":22.0,"turns":4.0},{"damage":37.0,"enemies":"Slavers","floor":23.0,"turns":7.0},{"damage":0,"enemies":"Shell Parasite","floor":24,"turns":3},{"damage":38,"enemies":"Gremlin Leader","floor":28,"turns":6},{"damage":0,"enemies":"Snecko","floor":30,"turns":2},{"damage":14,"enemies":"Collector","floor":33,"turns":7},{"damage":1,"enemies":"3 Darklings","floor":35,"turns":3},{"damage":36,"enemies":"3 Shapes","floor":37,"turns":6},{"damage":12,"enemies":"Jaw Worm Horde","floor":38,"turns":4},{"damage":38,"enemies":"Writhing Mass","floor":39,"turns":6},{"damage":2,"enemies":"Nemesis","floor":41,"turns":3},{"damage":4,"enemies":"4 Shapes","floor":42,"turns":3},{"damage":3,"enemies":"Sphere and 2 Shapes","floor":44,"turns":8},{"damage":14,"enemies":"Spire Growth","floor":45,"turns":3},{"damage":37,"enemies":"4 Shapes","floor":47,"turns":7}],"seed_played":"-3822132158831614180","potions_obtained":[{"floor":5.0,"key":"ColorlessPotion"},{"floor":14.0,"key":"Strength Potion"},{"floor":18.0,"key":"Fire Potion"},{"floor":23.0,"key":"SteroidPotion"},{"floor":33,"key":"Cursed Concoction"},{"floor":35,"key":"Regen Potion"},{"floor":41,"key":"Explosive Potion"},{"floor":42,"key":"DuplicationPotion"}],"is_trial":false,"path_per_floor":["M","?","?","M","M","E","$","R","T","R","E","M","$","M","R","B",null,"M","?","?","$","?","E","M","R","T","R","E","R","M","?","R","B",null,"M","$","M","M","M","R","E","M","T","M","M","$","M"],"character_chosen":"WATCHER","items_purchased":["Deep Breath","Replay:Bottled Steam","Oddly Smooth Stone","HandDrill","Enlightenment"],"campfire_rested":5,"item_purchase_floors":[21,36,46,46,46],"current_hp_per_floor":[59,41,82,76,76,59,59,59,59,59,55,55,55,40,64,42,82,70,70,70,70,63,26,26,50,50,50,12,36,38,22,46,34,82,81,81,60,60,24,48,48,46,46,45,33,33,0,0],"gold":39,"neow_bonus":"BOSS_RELIC","is_daily":false,"chose_seed":false,"campfire_upgraded":4,"win_rate":0.0,"timestamp":1608122349,"path_taken":["M","?","?","?","M","E","?","R","T","R","E","M","$","M","R","BOSS","M","?","?","?","?","E","M","R","T","R","E","R","M","?","R","BOSS","M","$","M","M","M","R","E","M","T","M","M","$","M"],"items_purchased_type":["Card","Relic","Relic","Relic","Card"],"build_version":"2020-12-13","purchased_purges":4,"victory":false,"max_hp_per_floor":[72,72,82,82,82,82,82,82,82,82,82,82,82,82,82,82,82,82,82,82,82,82,82,82,82,82,82,82,82,82,82,82,82,82,82,82,82,82,82,82,82,82,82,82,82,82,82,82],"card_choices":[{"not_picked":["Conclude","PathToVictory"],"picked":"Replay:BluntJabs","floor":1.0},{"not_picked":["ReplayTheSpireMod:Echoes of Time","infinitespire:Execution"],"picked":"infinitespire:Fortify","floor":2.0},{"not_picked":["Conclude","ThirdEye","Prostrate"],"picked":"SKIP","floor":4.0},{"not_picked":["Collect","Tantrum"],"picked":"Perseverance","floor":5.0},{"not_picked":["Evaluate","Tantrum"],"picked":"Consecrate","floor":6.0},{"not_picked":["EmptyBody","Wireheading"],"picked":"Wish","floor":11.0},{"not_picked":["FlyingSleeves","SashWhip","Replay:BluntJabs"],"picked":"SKIP","floor":12.0},{"not_picked":["Wireheading","FollowUp"],"picked":"Replay:Cycle","floor":14.0},{"not_picked":["DevaForm","Replay:AllIn"],"picked":"Omniscience","floor":16.0},{"not_picked":["TalkToTheHand+1","WaveOfTheHand"],"picked":"Replay:ManipulateFuture","floor":18.0},{"not_picked":["FlyingSleeves","JustLucky"],"picked":"Nirvana+1","floor":23.0},{"not_picked":["MasterReality","Replay:Anticipation","InnerPeace"],"picked":"SKIP","floor":24},{"not_picked":["PathToVictory+1","Crescendo+1"],"picked":"JustLucky","floor":28},{"not_picked":["Prostrate+1","CarveReality","Sanctity+1"],"picked":"SKIP","floor":30},{"not_picked":["LessonLearned","Scrawl"],"picked":"Omniscience","floor":33},{"not_picked":["Replay:Vibes+1","Nirvana+1","Collect+1"],"picked":"SKIP","floor":35},{"not_picked":["Prostrate+1","Replay:AtTheReady"],"picked":"EmptyMind+1","floor":37},{"not_picked":["CrushJoints","JustLucky","TalkToTheHand"],"picked":"SKIP","floor":38},{"not_picked":["WheelKick","FlurryOfBlows+1","ThirdEye"],"picked":"SKIP","floor":39},{"not_picked":["Replay:LoomingThreat","WheelKick+1","FollowUp"],"picked":"SKIP","floor":41},{"not_picked":["Protect+1","EmptyBody","Meditate+1"],"picked":"SKIP","floor":42},{"not_picked":["WreathOfFlame","EmptyFist+1","Evaluate+1"],"picked":"SKIP","floor":44},{"not_picked":["BattleHymn+1","Wallop+1","PathToVictory+1"],"picked":"SKIP","floor":45}],"player_experience":185471,"relics_obtained":[{"floor":6.0,"key":"ReplayTheSpireMod:TigerMarble"},{"floor":9.0,"key":"infinitespire:BottledMercury"},{"floor":11.0,"key":"Replay:Arrowhead"},{"floor":22.0,"key":"Red Mask"},{"floor":23.0,"key":"Du-Vu Doll"},{"floor":28,"key":"Blood Vial"},{"floor":31,"key":"Replay:Blank Codex"},{"floor":41,"key":"Kunai"},{"floor":43,"key":"infinitespire:Bottled Soul"}],"event_choices":[{"cards_removed":["Establishment"],"damage_healed":31.0,"max_hp_gain":10.0,"max_hp_loss":0.0,"gold_gain":0.0,"event_name":"Bonfire Elementals","player_choice":"Offered Rare","floor":3.0,"gold_loss":0.0,"damage_taken":0.0},{"damage_healed":0.0,"max_hp_gain":0.0,"max_hp_loss":0.0,"gold_gain":99.0,"event_name":"Nest","player_choice":"Stole From Cult","floor":20.0,"gold_loss":0.0,"damage_taken":0.0},{"damage_healed":0.0,"max_hp_gain":0.0,"max_hp_loss":0.0,"gold_gain":0.0,"event_name":"Masked Bandits","player_choice":"Fought Bandits","floor":22.0,"gold_loss":0.0,"damage_taken":0.0},{"damage_healed":0,"gold_gain":0,"player_choice":"Obtained Book","damage_taken":16,"max_hp_gain":0,"max_hp_loss":0,"event_name":"Cursed Tome","floor":31,"gold_loss":0}],"is_beta":false,"boss_relics":[{"not_picked":["ChewingGum","Cursed Key"],"picked":"infinitespire:Cupcake"},{"not_picked":["Replay:Fungal Core","Replay:Drink Me"],"picked":"Replay:Bronze Core"}],"items_purged_floors":[7,13,21,46],"is_endless":false,"potions_floor_spawned":[5,14,18,23,33,35,41,42,45],"killed_by":"4 Shapes","ascension_level":1}}