{"host":"m6h67kf6cz80m3yv","time":1608122310,"event":{"mods":["BaseMod","Better Third Choice","BetterRewards","Colored Powertips","Downfall","Duelist Mod","Hermit","Marisa????????","Minty Spire (QoL Compilation)","Quick Restart","Shade Mod","Shop Mod","StSLib","SuperFastMode","The Servant 0.9.4"],"gold_per_floor":[111,286,306,306,319,319,332,332,332],"floor_reached":8,"playtime":473,"items_purged":[],"score":60,"play_id":"529451f9-c070-495f-81b9-6ad69c7d7828","local_time":"20201216103830","is_ascension_mode":true,"campfire_choices":[{"floor":6,"key":"REST"}],"circlet_count":0,"master_deck":["Strike_S","Strike_S","Strike_S","Strike_S","Defend_S","Defend_S","Defend_S","Defend_S","KidneyShot","Exchange","Luminosity","Rearm","Doubt","Ricochet","GearUp","BestPractice"],"relics":["Uniform","Calipers","Broom","Lizard Tail","Pantograph"],"acts_visited":["Exordium"],"potions_floor_usage":[8,8],"damage_taken":[{"damage":3,"enemies":"2 Louse","floor":1,"turns":3},{"damage":8,"enemies":"Jaw Worm","floor":3,"turns":6},{"damage":7,"enemies":"Cultist","floor":5,"turns":4},{"damage":31,"enemies":"Exordium Thugs","floor":7,"turns":7},{"damage":38,"enemies":"3 Sentries","floor":8,"turns":7}],"seed_played":"2307501267880552187","potions_obtained":[{"floor":1,"key":"Weak Potion"},{"floor":3,"key":"Guardian:BlockOnCardUsePotion"}],"is_trial":false,"path_per_floor":["M","?","M","T","M","R","M","E"],"character_chosen":"THE_SERVANT","items_purchased":["Broom","Luminosity"],"campfire_rested":1,"item_purchase_floors":[0,0],"current_hp_per_floor":[31,31,23,23,16,35,4,0,0],"gold":332,"neow_bonus":"","is_daily":false,"chose_seed":false,"campfire_upgraded":0,"win_rate":0.0,"timestamp":1608122310,"path_taken":["M","?","M","?","?","R","M","E"],"items_purchased_type":["Relic","Card"],"build_version":"2020-12-13","purchased_purges":0,"victory":false,"max_hp_per_floor":[65,65,65,65,65,65,65,65,65],"card_choices":[{"not_picked":["Spin","Unruled"],"picked":"Rearm","floor":1},{"not_picked":["Starlight","Hightail"],"picked":"Ricochet","floor":3},{"not_picked":["BottledTime","Sunlight"],"picked":"GearUp","floor":5},{"not_picked":["Hightail","Rearm"],"picked":"BestPractice","floor":7}],"player_experience":274633,"relics_obtained":[{"floor":4,"key":"Pantograph"}],"event_choices":[{"damage_healed":0,"gold_gain":175,"player_choice":"AGREE","damage_taken":111,"max_hp_gain":0,"max_hp_loss":0,"event_name":"betterThird:BetterSerpent","floor":2,"gold_loss":0}],"is_beta":false,"boss_relics":[],"items_purged_floors":[],"is_endless":false,"potions_floor_spawned":[1,3],"killed_by":"3 Sentries","ascension_level":5}}