{"host":"l1ihaotq1cxp1b6b","time":1608112435,"event":{"mods":["AchievementEnabler","Arknights The Spire","BaseMod","Colored Map","Custom Start","DeckTracker","Minty Spire (QoL Compilation)","StSLib","SuperFastMode","everything is the same but u backflip on backflip"],"gold_per_floor":[13,27,127,142,31,31,50,50,75,90,106,181,194,4,4,100,100,119,119,119,135,135,135],"floor_reached":22,"playtime":523,"items_purged":["ats:Powerful Strike","ats:Powerful Strike"],"score":178,"play_id":"1a7b506b-5e0b-42d6-9aec-fd2959477b8c","local_time":"20201216185355","is_ascension_mode":false,"campfire_choices":[{"data":"ats:Very Hot Blade","floor":6.0,"key":"SMITH"}],"circlet_count":0,"master_deck":["ats:Armor Crushing Shot","ats:Defend Up","ats:Defend Up","ats:Defend Up","ats:Emotion Absorption","ats:Emotion Absorption","ats:Assault Order","ats:Very Hot Blade+1","ats:Explosion Area Strengthen","ats:Ignite","ats:Hook Shot","ats:Thorns","ats:Very Hot Blade","ats:Neurotoxin","ats:Echo Reverb","ats:Curse Doll+1","ats:Soul Absorption","ats:Mental Burst"],"relics":["ats:Sanity","Strawberry","ats:Originium","ats:Omniscience"],"acts_visited":["Exordium","TheCity"],"potions_floor_usage":[22],"damage_taken":[{"damage":5.0,"enemies":"Cultist","floor":1.0,"turns":4.0},{"damage":6.0,"enemies":"Jaw Worm","floor":2.0,"turns":4.0},{"damage":0.0,"enemies":"Small Slimes","floor":4.0,"turns":3.0},{"damage":14.0,"enemies":"Blue Slaver","floor":7.0,"turns":3.0},{"damage":0.0,"enemies":"Exordium Thugs","floor":10.0,"turns":3.0},{"damage":5.0,"enemies":"Looter","floor":11.0,"turns":3.0},{"damage":0.0,"enemies":"Large Slime","floor":13.0,"turns":4.0},{"damage":60.0,"enemies":"The Guardian","floor":16.0,"turns":14.0},{"damage":16,"enemies":"3 Byrds","floor":18,"turns":5},{"damage":24,"enemies":"Chosen","floor":21,"turns":6},{"damage":39,"enemies":"Snake Plant","floor":22,"turns":5}],"seed_played":"4249094334481330826","potions_obtained":[{"floor":7.0,"key":"Block Potion"},{"floor":10.0,"key":"Block Potion"},{"floor":11.0,"key":"LiquidBronze"},{"floor":16.0,"key":"BlessingOfTheForge"}],"is_trial":false,"path_per_floor":["M","M","?","M","$","R","M","$","T","M","M","?","M","$","R","B",null,"M","?","?","M","M"],"character_chosen":"DOCTOR_CLASS","items_purchased":["ats:Ignite","ats:Very Hot Blade","ats:Neurotoxin"],"campfire_rested":0,"item_purchase_floors":[5,14,14],"current_hp_per_floor":[67,61,61,61,61,61,47,47,54,54,49,38,38,38,38,28,79,63,63,63,39,0,0],"gold":135,"neow_bonus":"REMOVE_TWO","is_daily":false,"chose_seed":false,"campfire_upgraded":1,"win_rate":0.0,"timestamp":1608112435,"path_taken":["M","?","?","M","$","R","M","?","T","?","M","?","M","$","R","BOSS","M","?","?","M","M"],"items_purchased_type":["Card","Card","Card"],"build_version":"2020-12-13","purchased_purges":2,"victory":false,"max_hp_per_floor":[72,72,72,72,72,72,72,72,79,79,79,79,79,79,79,79,79,79,79,79,79,79,79],"card_choices":[{"not_picked":["ats:Attack Strengthen","ats:Blood Oath"],"picked":"ats:Assault Order","floor":1.0},{"not_picked":["ats:Revitalization","ats:Poison Spread"],"picked":"ats:Very Hot Blade","floor":2.0},{"not_picked":["ats:Just Like an Apocalypse","ats:Chain Hook"],"picked":"ats:Explosion Area Strengthen","floor":4.0},{"not_picked":["ats:Attack Strengthen","ats:Volcano","ats:Cat Scratch"],"picked":"SKIP","floor":7.0},{"not_picked":["ats:Soul Absorption","ats:Spore Proliferation"],"picked":"ats:Hook Shot","floor":10.0},{"not_picked":["ats:Flexible Camouflage","ats:Attack Strengthen","ats:Very Hot Blade"],"picked":"SKIP","floor":11.0},{"not_picked":["ats:Encircling Forest","ats:Poison Spread"],"picked":"ats:Thorns","floor":13.0},{"not_picked":["ats:Durian","ats:Beaten Up"],"picked":"ats:Echo Reverb","floor":16.0},{"not_picked":["ats:Explosion Area Strengthen","ats:Assault Order"],"picked":"ats:Curse Doll+1","floor":18},{"not_picked":["ats:Revitalization+1","ats:Poison Spread"],"picked":"ats:Mental Burst","floor":21}],"player_experience":531690,"relics_obtained":[{"floor":9.0,"key":"Strawberry"},{"floor":15.0,"key":"ats:Originium"}],"event_choices":[{"damage_healed":0.0,"max_hp_gain":0.0,"max_hp_loss":0.0,"gold_gain":100.0,"event_name":"Golden Shrine","player_choice":"Pray","floor":3.0,"gold_loss":0.0,"damage_taken":0.0},{"damage_healed":0.0,"max_hp_gain":0.0,"max_hp_loss":0.0,"gold_gain":75.0,"event_name":"World of Goop","player_choice":"Gather Gold","floor":12.0,"gold_loss":0.0,"damage_taken":11.0},{"damage_healed":0,"gold_gain":0,"player_choice":"Read","damage_taken":0,"max_hp_gain":0,"max_hp_loss":0,"event_name":"The Library","floor":19,"gold_loss":0,"cards_obtained":["ats:Soul Absorption"]},{"damage_healed":0,"gold_gain":0,"player_choice":"Ignored","damage_taken":0,"max_hp_gain":0,"max_hp_loss":0,"event_name":"Ghosts","floor":20,"gold_loss":0}],"is_beta":false,"boss_relics":[{"not_picked":["SlaversCollar","Tiny House"],"picked":"ats:Omniscience"}],"items_purged_floors":[5,14],"is_endless":false,"potions_floor_spawned":[7,10,11,16],"killed_by":"Snake Plant","ascension_level":0}}