{"host":"edk8ruzv78x6jv19","time":1608076819,"event":{"mods":["BaseMod","Better Third Choice","Infinite Spire","Lobotomy","Minty Spire (QoL Compilation)","Replay The Spire","StSLib","The Animator","Treasure Hunter"],"gold_per_floor":[143,349,33,33,45,45,45,80,104,16,16,39,66,77,77,176,226,245,515,515,532,134,134,134],"floor_reached":23,"playtime":745,"items_purged":["Acrobatics","Deflect","Acrobatics"],"score":281,"play_id":"cfb1cd90-9286-4198-91c8-091d805f288e","local_time":"20201215180019","daily_mods":["SealedDeck","Heirloom","Time Dilation","Flight","DeadlyEvents","Elite Swarm","Lethality","Night Terrors"],"is_ascension_mode":true,"campfire_choices":[{"data":"Accuracy","floor":6,"key":"SMITH"},{"data":"infinitespire:FutureSight","floor":7,"key":"SMITH"},{"data":"Madness","floor":11,"key":"SMITH"},{"data":"Slice","floor":15,"key":"PURGE"}],"circlet_count":0,"master_deck":["Cloak And Dagger+1","Slice","Hidden Blade","Accuracy+1","Acrobatics","Blade Dance","Blade Dance","infinitespire:FutureSight+1","TH:CopperCoins","Storm of Steel","Madness+1","TH:ArmorSpikes","Storm of Steel","TH:CopperCoins","ReplayTheSpireMod:Shiv Toss","Bandage Up","infinitespire:Collect","ReplayTheSpireMod:Haul"],"relics":["Ring of Chaos","Durian","Sizzling Blood","infinitespire:FocusingShard","Anchor","Art of War","Snake Skull","Bag of Marbles","Tiny House","Pantograph","Black Star","infinitespire:Lucky Rock","Lantern"],"acts_visited":["Exordium","TheCity"],"potions_floor_usage":[18,23,23],"damage_taken":[{"damage":0,"enemies":"Small Slimes","floor":5,"turns":1},{"damage":0,"enemies":"Lagavulin","floor":8,"turns":1},{"damage":2,"enemies":"3 Sentries","floor":13,"turns":3},{"damage":0,"enemies":"2 Louse","floor":14,"turns":1},{"damage":0,"enemies":"Slime Boss","floor":16,"turns":1},{"damage":47,"enemies":"3 Byrds","floor":18,"turns":3},{"damage":0,"enemies":"Spheric Guardian","floor":21,"turns":2},{"damage":12,"enemies":"Slavers","floor":23,"turns":1}],"seed_played":"3987029963131147873","potions_obtained":[{"floor":5,"key":"FearPotion"},{"floor":13,"key":"PowerPotion"},{"floor":17,"key":"SpeedPotion"}],"is_trial":true,"path_per_floor":["?","?","$","?","M","R","R","E","T","$","R","T","E","M","R","B",null,"M","?","AVR","M","$","E"],"character_chosen":"THE_SILENT","items_purchased":["infinitespire:FocusingShard","Madness","infinitespire:Lucky Rock","Lantern"],"campfire_rested":0,"item_purchase_floors":[3,10,22,22],"current_hp_per_floor":[79,60,60,41,45,45,45,49,49,49,49,49,51,55,55,59,84,41,2,2,10,10,0,0],"gold":134,"neow_bonus":"","is_daily":false,"chose_seed":false,"campfire_upgraded":3,"win_rate":0.0,"timestamp":1608076819,"path_taken":["?","?","$","?","?","R","R","?","T","$","R","?","?","?","R","BOSS","M","?","AVR","?","$","E"],"items_purchased_type":["Relic","Card","Relic","Card"],"build_version":"2020-12-13","purchased_purges":3,"victory":false,"max_hp_per_floor":[79,79,79,79,79,79,79,79,79,79,79,79,79,79,79,79,84,84,84,84,84,84,84,84],"card_choices":[{"not_picked":["infinitespire:DeathsTouch","infinitespire:Execution"],"picked":"infinitespire:FutureSight","floor":4},{"not_picked":["Noxious Fumes","Outmaneuver"],"picked":"Slice","floor":5},{"not_picked":["TH:ArmorSpikes"],"picked":"TH:CopperCoins","floor":8},{"not_picked":["Envenom","Bullet Time"],"picked":"Storm of Steel","floor":8},{"not_picked":["TH:ElvenBoots","TH:DeckOfManyThings"],"picked":"SKIP","floor":9},{"not_picked":["TH:CopperCoins"],"picked":"TH:ArmorSpikes","floor":12},{"not_picked":["Atom Bomb","Glass Knife"],"picked":"Storm of Steel","floor":13},{"not_picked":["TH:Mimic","TH:DeckOfManyThings"],"picked":"SKIP","floor":13},{"not_picked":["Underhanded Strike","Deflect","Dodge and Roll"],"picked":"SKIP","floor":14},{"not_picked":["TH:CursedSword"],"picked":"TH:CopperCoins","floor":16},{"not_picked":["Dagger Throw","Crippling Poison"],"picked":"ReplayTheSpireMod:Shiv Toss","floor":18},{"not_picked":["Prepared","PiercingWail+1","Fluid Movement"],"picked":"SKIP","floor":21}],"player_experience":18977,"relics_obtained":[{"floor":8,"key":"Anchor"},{"floor":9,"key":"Art of War"},{"floor":12,"key":"Snake Skull"},{"floor":13,"key":"Bag of Marbles"}],"event_choices":[{"damage_healed":0,"gold_gain":270,"player_choice":"CARD GOLD GOLD GOLD POTION ","damage_taken":39,"max_hp_gain":0,"max_hp_loss":0,"event_name":"Knowing Skull","floor":19,"potions_obtained":["Death Potion"],"gold_loss":0,"cards_obtained":["Bandage Up"]}],"is_beta":false,"boss_relics":[{"not_picked":["Ring of Chaos","Sozu"],"picked":"Tiny House"}],"items_purged_floors":[3,20,22],"is_endless":false,"potions_floor_spawned":[5,13],"killed_by":"Slavers","ascension_level":1}}