{"host":"l8lkgdumzpe3823a","time":1608153283,"event":{"mods":["Aspiration","BaseMod","Better Note","Colored Powertips","Curses Come First","Custom Start","DeckTracker","Defuse TimeMaze Blight","Highlight Path","Hubris","Infinite Spire","Minty Spire (QoL Compilation)","Quick Restart","Replay The Spire","Shop Mod","StSLib","SuperFastMode","The Construct","The Dragon Tamer","vexMod"],"gold_per_floor":[116,116,129,142,142,142,173,18,18,18,18,18,34,134,134,231,231,249,59,43,54,53,67,67,67,92,127,144,144,144,158,158,158,158],"floor_reached":33,"playtime":1362,"items_purged":["Strike_G","ReplayTheSpireMod:Splinters"],"score":334,"play_id":"f69dab67-31cc-4adf-a163-16332b6b41fb","local_time":"20201216151443","is_ascension_mode":true,"campfire_choices":[{"data":"Draining Mist","floor":6,"key":"SMITH"},{"floor":11,"key":"REST"},{"data":"Poisoned Stab","floor":15,"key":"SMITH"},{"data":"Heavy Blade","floor":24,"key":"SMITH"},{"data":"ReplayTheSpireMod:From All Sides","floor":30,"key":"SMITH"},{"data":"Draining Mist","floor":32,"key":"SMITH"}],"circlet_count":0,"master_deck":["Strike_G","Strike_G","Strike_G","Strike_G","Defend_G","Defend_G","Defend_G","Defend_G","Defend_G+1","Survivor+1","Neutralize+1","Draining Mist+1","Poisoned Stab+1","Cloak And Dagger","Footwork","ReplayTheSpireMod:From All Sides+1","Caltrops","Draining Mist+1","Sword Boomerang","Heavy Blade+1","Juggernaut"],"relics":["DTMod:PactStone","hubris:MysteriousPyramids","Thread and Needle","infinitespire:Cubic Diamond","aspiration:IroncladSkillbook","Replay:Baseball","ReplayTheSpireMod:CursedCoin","hubris:BottledHeart","War Paint","aspiration:VileToxins"],"acts_visited":["Exordium","TheCity"],"potions_floor_usage":[21,21,23,23,27,33],"damage_taken":[{"damage":1,"enemies":"Small Slimes","floor":1,"turns":4},{"damage":8,"enemies":"Jaw Worm","floor":3,"turns":4},{"damage":13,"enemies":"2 Louse","floor":4,"turns":4},{"damage":33,"enemies":"3 Sentries","floor":7,"turns":14},{"damage":0,"enemies":"2 Fungi Beasts","floor":13,"turns":4},{"damage":2,"enemies":"Hexaghost","floor":16,"turns":13},{"damage":0,"enemies":"3 Byrds","floor":18,"turns":6},{"damage":13,"enemies":"2 Thieves","floor":20,"turns":4},{"damage":32,"enemies":"Shelled Parasite and Fungi","floor":21,"turns":5},{"damage":10,"enemies":"Chosen and Byrds","floor":23,"turns":7},{"damage":0,"enemies":"Gremlin Leader","floor":27,"turns":7},{"damage":0,"enemies":"3 Cultists","floor":28,"turns":6},{"damage":0,"enemies":"Snake Plant","floor":31,"turns":4},{"damage":7,"enemies":"Collector","floor":33,"turns":10}],"seed_played":"-7072126725751170298","potions_obtained":[{"floor":7,"key":"Death Potion"},{"floor":18,"key":"EntropicBrew"},{"floor":23,"key":"Toxic Potion"},{"floor":31,"key":"Milkshake"}],"is_trial":false,"path_per_floor":["M","?","M","M","?","R","E","$","T","?","R","$","M","?","R","B",null,"M","$","M","M","$","M","R","?","T","E","M","?","R","M","R","B"],"character_chosen":"THE_SILENT","items_purchased":["Footwork","Replay:Baseball","Caltrops","ReplayTheSpireMod:CursedCoin","Sword Boomerang"],"campfire_rested":1,"item_purchase_floors":[8,19,19,22,22],"current_hp_per_floor":[69,69,61,48,48,48,15,15,15,15,36,36,36,36,36,34,70,70,70,61,33,33,42,42,1,1,1,1,1,1,1,1,0,0],"gold":158,"neow_bonus":"UPGRADE_CARD","is_daily":false,"chose_seed":false,"campfire_upgraded":5,"win_rate":0.0,"timestamp":1608153283,"path_taken":["M","?","M","M","?","R","E","$","T","?","R","$","M","?","R","BOSS","M","$","M","?","$","M","R","?","T","E","M","?","R","M","R","BOSS"],"items_purchased_type":["Card","Relic","Card","Relic","Card"],"build_version":"2020-12-13","purchased_purges":2,"victory":false,"max_hp_per_floor":[70,70,70,70,70,70,70,70,70,70,70,70,70,70,70,70,70,70,70,70,70,70,70,70,1,1,1,1,1,1,1,1,1,1],"card_choices":[{"not_picked":["Catalyst","PiercingWail"],"picked":"Draining Mist","floor":1},{"not_picked":["Underhanded Strike","Flying Knee"],"picked":"Poisoned Stab","floor":3},{"not_picked":["Underhanded Strike","Prepared","Blade Dance"],"picked":"SKIP","floor":4},{"not_picked":["Underhanded Strike","Prepared","Blade Dance"],"picked":"SKIP","floor":4},{"not_picked":["hubris:SlightOfHand","PiercingWail"],"picked":"Cloak And Dagger","floor":7},{"not_picked":["Infinite Blades","Underhanded Strike","Slice"],"picked":"SKIP","floor":13},{"not_picked":["Night Terror","Atom Bomb"],"picked":"ReplayTheSpireMod:From All Sides","floor":16},{"not_picked":["Sever Soul","ReplayTheSpireMod:LeadingStrike+1","hubris:ReadiedAction","Dodge and Roll+1"],"picked":"SKIP","floor":18},{"not_picked":["Run Through+1","Bane","Predator"],"picked":"Draining Mist","floor":20},{"not_picked":["Pommel Strike","True Grit","Twin Strike","Clothesline"],"picked":"SKIP","floor":21},{"not_picked":["Body Slam","Pommel Strike","Carnage"],"picked":"Heavy Blade","floor":23},{"not_picked":["ReplayTheSpireMod:Strike From Hell","Reflex","Wild Strike+1","infinitespire:OneForAll+1"],"picked":"SKIP","floor":27},{"not_picked":["Cloak And Dagger","Infinite Blades+1","Bane"],"picked":"Juggernaut","floor":28},{"not_picked":["Twin Strike","Clothesline","Sneak Up+1","Defy Death"],"picked":"SKIP","floor":31}],"player_experience":558880,"relics_obtained":[{"floor":7,"key":"hubris:MysteriousPyramids"},{"floor":9,"key":"Thread and Needle"},{"floor":26,"key":"War Paint"},{"floor":27,"key":"aspiration:VileToxins"}],"event_choices":[{"damage_healed":0,"gold_gain":0,"player_choice":"Ignored","damage_taken":0,"max_hp_gain":0,"max_hp_loss":0,"event_name":"Liars Game","floor":2,"gold_loss":0},{"damage_healed":0,"gold_gain":100,"player_choice":"Pray","damage_taken":0,"max_hp_gain":0,"max_hp_loss":0,"event_name":"Golden Shrine","floor":14,"gold_loss":0}],"is_beta":false,"boss_relics":[{"not_picked":["hubris:ScarierMask","Replay:Bronze Core"],"picked":"aspiration:IroncladSkillbook"}],"items_purged_floors":[8,22],"is_endless":false,"potions_floor_spawned":[7,18,23,31],"killed_by":"Collector","ascension_level":3}}