{"host":"slngz8sobihb8iwl","time":1608161376,"event":{"mods":["2.2 Compatiblity","Act Like it!","BaseMod","Colored Powertips","Elementarium","Gensokyo","GifTheSpireLib","Hallownest","Hermit","Koishi","Marisa????????","Menagerie","Minty Spire (QoL Compilation)","Permanent Neow","Random Character Button","Rare Cards Sparkle","Relic Filter","Robot Space Explorer","StSLib","SuperFastMode","Td1madao Mod","The Animator","The Bug Knight","The Gatherer","The Hierophant","The Runesmith","The Senshi","The Servant 0.9.4","Unceasing Turn Reminder"],"gold_per_floor":[118,118,7,19,19,19,31,51,51,51,130,163,179,190,190,293,293,312,329,359,26,125,125,139,139,163,163,38,38,48,48,48,148,148,168,188,238,248,264,264,281,281,331,331,347,399,399,44,44,44],"floor_reached":51,"playtime":3165,"items_purged":["RobotSpaceExplorer:Strike","RobotSpaceExplorer:Defend","RobotSpaceExplorer:Defend","RobotSpaceExplorer:Strike+1"],"score":647,"play_id":"fd800015-1160-47bb-8d12-09c9729857b3","local_time":"20201216182936","is_ascension_mode":false,"campfire_choices":[{"data":"RobotSpaceExplorer:Calculate","floor":6.0,"key":"SMITH"},{"floor":15.0,"key":"REST"},{"data":"RobotSpaceExplorer:ChargingLaser","floor":23.0,"key":"SMITH"},{"data":"RobotSpaceExplorer:Comet","floor":27.0,"key":"SMITH"},{"data":"RobotSpaceExplorer:Comet","floor":29.0,"key":"SMITH"},{"floor":32.0,"key":"REST"},{"data":"RobotSpaceExplorer:BlastShield","floor":40,"key":"SMITH"},{"data":"RobotSpaceExplorer:ShovelStrike","floor":42,"key":"SMITH"},{"data":"RobotSpaceExplorer:Comet","floor":49,"key":"SMITH"}],"circlet_count":0,"master_deck":["RobotSpaceExplorer:Scan+1","RobotSpaceExplorer:MiniLasers","RobotSpaceExplorer:ShovelStrike+1","RobotSpaceExplorer:Calculate+1","RobotSpaceExplorer:ImprovisedAttack+1","RobotSpaceExplorer:BlastShield+1","RobotSpaceExplorer:Pulsar","RobotSpaceExplorer:Comet+1","RobotSpaceExplorer:ScrapMissile","RobotSpaceExplorer:Comet+1","RobotSpaceExplorer:ChargingLaser+1","RobotSpaceExplorer:ShovelStrike+1","RobotSpaceExplorer:GlueSpray+1","RobotSpaceExplorer:DoubleBlock+1","RobotSpaceExplorer:IronShell+1","RobotSpaceExplorer:Pulsar+1","Mayhem","RobotSpaceExplorer:ShovelStrike+1","RobotSpaceExplorer:Comet+1"],"relics":["RobotSpaceExplorer:RoboCore","Orichalcum","TungstenRod","Letter Opener","Whetstone","RobotSpaceExplorer:SearchSpecs","Red Mask","Molten Egg 2","Lantern","Astrolabe","Torii","theSenshi:SailorFukuRelic","PreservedInsect","CatCart"],"acts_visited":[],"potions_floor_usage":[41,50,50,50,50,50],"damage_taken":[{"damage":2.0,"enemies":"Small Slimes","floor":1.0,"turns":4.0},{"damage":0.0,"enemies":"Cultist","floor":4.0,"turns":3.0},{"damage":0.0,"enemies":"2 Louse","floor":7.0,"turns":2.0},{"damage":10.0,"enemies":"Exordium Wildlife","floor":8.0,"turns":3.0},{"damage":22.0,"enemies":"Lagavulin","floor":12.0,"turns":4.0},{"damage":2.0,"enemies":"Lots of Slimes","floor":13.0,"turns":4.0},{"damage":1.0,"enemies":"Exordium Thugs","floor":14.0,"turns":4.0},{"damage":44.0,"enemies":"The Guardian","floor":16.0,"turns":12.0},{"damage":0.0,"enemies":"Shell Parasite","floor":18.0,"turns":3.0},{"damage":0.0,"enemies":"3 Byrds","floor":19.0,"turns":3.0},{"damage":27.0,"enemies":"Masked Bandits","floor":20.0,"turns":5.0},{"damage":0.0,"enemies":"3 Cultists","floor":24.0,"turns":3.0},{"damage":0.0,"enemies":"Snecko","floor":30.0,"turns":3.0},{"damage":13.0,"enemies":"Automaton","floor":33.0,"turns":4.0},{"damage":0.0,"enemies":"Orb Walker","floor":35.0,"turns":2.0},{"damage":1.0,"enemies":"3 Darklings","floor":36.0,"turns":3.0},{"damage":15.0,"enemies":"Mind Bloom Boss Battle","floor":37.0,"turns":5.0},{"damage":0,"enemies":"Jaw Worm Horde","floor":38,"turns":2},{"damage":0,"enemies":"Maw","floor":39,"turns":4},{"damage":0,"enemies":"4 Shapes","floor":41,"turns":2},{"damage":0,"enemies":"Spire Growth","floor":45,"turns":4},{"damage":0,"enemies":"Orin","floor":46,"turns":6},{"damage":17,"enemies":"Time Eater","floor":50,"turns":6}],"seed_played":"5338689907160143317","potions_obtained":[{"floor":1.0,"key":"SteroidPotion"},{"floor":13.0,"key":"Regen Potion"},{"floor":16.0,"key":"Explosive Potion"},{"floor":19.0,"key":"ColorlessPotion"},{"floor":30.0,"key":"Explosive Potion"},{"floor":33.0,"key":"FearPotion"},{"floor":35.0,"key":"Strength Potion"},{"floor":37.0,"key":"Explosive Potion"},{"floor":39,"key":"EntropicBrew"},{"floor":41,"key":"SpeedPotion"}],"is_trial":false,"path_per_floor":["M","?","$","M","?","R","M","M","T","$","T","E","M","M","R","B",null,"M","M","?","$","?","R","M","?","T","R","$","R","M","?","R","B",null,"M","M","?","M","M","R","M","R","T","?","M","?","?","$","R","B",null],"character_chosen":"RobotSpaceExplorer","items_purchased":["RobotSpaceExplorer:Calculate","RobotSpaceExplorer:Comet","RobotSpaceExplorer:ChargingLaser","RobotSpaceExplorer:Comet","Energy Potion"],"campfire_rested":2,"item_purchase_floors":[3,21,21,48,48],"current_hp_per_floor":[73,73,73,73,58,58,58,48,48,48,48,26,24,23,45,1,75,75,75,48,48,48,48,48,48,48,48,48,48,48,36,58,45,75,75,74,59,59,59,59,64,64,64,64,64,64,64,64,64,47],"gold":44,"neow_bonus":"RANDOM_COMMON_RELIC","is_daily":false,"chose_seed":false,"campfire_upgraded":7,"win_rate":0.0,"timestamp":1608161376,"path_taken":["M","?","?","M","?","R","?","M","T","?","?","E","M","M","R","BOSS","M","M","?","$","?","R","M","?","T","R","?","R","M","?","R","BOSS","M","M","?","M","M","R","M","R","T","?","M","?","?","$","R","BOSS"],"items_purchased_type":["Card","Card","Card","Card","Potion"],"build_version":"2020-12-13","purchased_purges":4,"victory":true,"max_hp_per_floor":[75,75,75,75,75,75,75,75,75,75,75,75,75,75,75,75,75,75,75,75,75,75,75,75,75,75,75,75,75,75,75,75,75,75,75,75,75,75,75,75,75,75,75,75,75,75,75,75,75,75],"card_choices":[{"not_picked":["RobotSpaceExplorer:SelfCleaning","RobotSpaceExplorer:MiniDrones"],"picked":"RobotSpaceExplorer:ShovelStrike","floor":1.0},{"not_picked":["RobotSpaceExplorer:StunGrenade","RobotSpaceExplorer:Ammunition"],"picked":"RobotSpaceExplorer:ImprovisedAttack","floor":4.0},{"not_picked":["RobotSpaceExplorer:MiniBoosters","RobotSpaceExplorer:DoubleBlock","RobotSpaceExplorer:MetalStrike"],"picked":"SKIP","floor":7.0},{"not_picked":["RobotSpaceExplorer:FreezingShield","RobotSpaceExplorer:Probe","RobotSpaceExplorer:Blitz"],"picked":"SKIP","floor":8.0},{"not_picked":["RobotSpaceExplorer:SlimeMissile","RobotSpaceExplorer:MetalStrike","RobotSpaceExplorer:Discharger"],"picked":"SKIP","floor":12.0},{"not_picked":["RobotSpaceExplorer:GlueShot","RobotSpaceExplorer:ShockKick"],"picked":"RobotSpaceExplorer:BlastShield","floor":13.0},{"not_picked":["RobotSpaceExplorer:SurgingShield","RobotSpaceExplorer:RigExplosive"],"picked":"RobotSpaceExplorer:Pulsar","floor":14.0},{"not_picked":["RobotSpaceExplorer:Autoloader","RobotSpaceExplorer:ShockMissile"],"picked":"RobotSpaceExplorer:Comet","floor":16.0},{"not_picked":["RobotSpaceExplorer:Probe","RobotSpaceExplorer:StunGrenade","RobotSpaceExplorer:SurgingStrike+1"],"picked":"SKIP","floor":18.0},{"not_picked":["RobotSpaceExplorer:MiniDrones","RobotSpaceExplorer:Pulsar"],"picked":"RobotSpaceExplorer:ScrapMissile","floor":19.0},{"not_picked":["RobotSpaceExplorer:TurboDodge","RobotSpaceExplorer:GlueShot"],"picked":"RobotSpaceExplorer:ShovelStrike","floor":20.0},{"not_picked":["RobotSpaceExplorer:FreezingShield","RobotSpaceExplorer:FreezeRay","RobotSpaceExplorer:RigExplosive"],"picked":"SKIP","floor":24.0},{"not_picked":["RobotSpaceExplorer:ImprovisedAttack+1","RobotSpaceExplorer:FrostMissile+1"],"picked":"RobotSpaceExplorer:ShovelStrike+1","floor":30.0},{"not_picked":["RobotSpaceExplorer:Arsenal","RobotSpaceExplorer:Accelerator"],"picked":"RobotSpaceExplorer:Exploration","floor":33.0},{"not_picked":["RobotSpaceExplorer:FranticSearch","RobotSpaceExplorer:MiniDrones+1","RobotSpaceExplorer:MiniBoosters+1"],"picked":"SKIP","floor":35.0},{"not_picked":["RobotSpaceExplorer:FranticSearch+1","RobotSpaceExplorer:SlimeMissile+1"],"picked":"RobotSpaceExplorer:Pulsar+1","floor":36.0},{"not_picked":["RobotSpaceExplorer:Electropulse+1","RobotSpaceExplorer:Counterblock","RobotSpaceExplorer:TurboDodge+1"],"picked":"SKIP","floor":38},{"not_picked":["RobotSpaceExplorer:GlueShot+1","RobotSpaceExplorer:GearShield+1","RobotSpaceExplorer:Counterblock+1"],"picked":"SKIP","floor":39},{"not_picked":["RobotSpaceExplorer:FreezeRay+1","RobotSpaceExplorer:SelfCleaning+1","RobotSpaceExplorer:SurgingShield"],"picked":"SKIP","floor":41},{"not_picked":["Good Instincts","Metamorphosis"],"picked":"Mayhem","floor":44},{"not_picked":["RobotSpaceExplorer:GlueShot+1","RobotSpaceExplorer:SurgingShield"],"picked":"RobotSpaceExplorer:ShovelStrike+1","floor":45}],"player_experience":389401,"relics_obtained":[{"floor":9.0,"key":"TungstenRod"},{"floor":11.0,"key":"Letter Opener"},{"floor":12.0,"key":"Whetstone"},{"floor":20.0,"key":"Red Mask"},{"floor":26.0,"key":"Lantern"},{"floor":37.0,"key":"Torii"},{"floor":37.0,"key":"theSenshi:SailorFukuRelic"},{"floor":43,"key":"PreservedInsect"},{"floor":46,"key":"CatCart"}],"event_choices":[{"cards_removed":["RobotSpaceExplorer:Defend"],"damage_healed":0.0,"max_hp_gain":0.0,"max_hp_loss":0.0,"gold_gain":0.0,"event_name":"Bonfire Elementals","player_choice":"Offered Basic","floor":2.0,"gold_loss":0.0,"damage_taken":0.0},{"damage_healed":0.0,"max_hp_gain":0.0,"max_hp_loss":0.0,"gold_gain":0.0,"event_name":"Shining Light","player_choice":"Entered Light","floor":5.0,"gold_loss":0.0,"damage_taken":15.0,"cards_upgraded":["RobotSpaceExplorer:Strike","RobotSpaceExplorer:Scan"]},{"damage_healed":0.0,"max_hp_gain":0.0,"max_hp_loss":0.0,"gold_gain":0.0,"event_name":"Masked Bandits","player_choice":"Fought Bandits","floor":20.0,"gold_loss":0.0,"damage_taken":0.0},{"damage_healed":0.0,"max_hp_gain":0.0,"max_hp_loss":0.0,"gold_gain":99.0,"event_name":"Nest","player_choice":"Stole From Cult","floor":22.0,"gold_loss":0.0,"damage_taken":0.0},{"damage_healed":0.0,"max_hp_gain":0.0,"max_hp_loss":0.0,"gold_gain":0.0,"event_name":"The Mausoleum","player_choice":"Opened","floor":25.0,"gold_loss":0.0,"damage_taken":0.0,"relics_obtained":["Molten Egg 2"]},{"damage_healed":0.0,"max_hp_gain":0.0,"max_hp_loss":0.0,"gold_gain":0.0,"event_name":"Cursed Tome","player_choice":"Obtained Book","floor":31.0,"gold_loss":0.0,"damage_taken":16.0},{"damage_healed":0.0,"max_hp_gain":0.0,"max_hp_loss":0.0,"gold_gain":0.0,"event_name":"MindBloom","player_choice":"Fight","floor":37.0,"gold_loss":0.0,"damage_taken":0.0},{"damage_healed":0,"gold_gain":0,"player_choice":"Memory 1","damage_taken":0,"max_hp_gain":0,"max_hp_loss":0,"event_name":"SensoryStone","floor":44,"gold_loss":0},{"damage_healed":0,"gold_gain":0,"player_choice":"Fight","damage_taken":0,"max_hp_gain":0,"max_hp_loss":0,"event_name":"OrinTheCat","floor":46,"gold_loss":0},{"cards_removed":["RobotSpaceExplorer:ShovelStrike"],"damage_healed":0,"gold_gain":0,"player_choice":"Removed Attack","damage_taken":0,"max_hp_gain":0,"max_hp_loss":0,"event_name":"Falling","floor":47,"gold_loss":0}],"is_beta":false,"boss_relics":[{"not_picked":["Fusion Hammer","RobotSpaceExplorer:TurboCore"],"picked":"RobotSpaceExplorer:SearchSpecs"},{"not_picked":["Coffee Dripper","Philosopher\u0027s Stone"],"picked":"Astrolabe"}],"items_purged_floors":[3,21,28,48],"is_endless":false,"potions_floor_spawned":[1,13,16,19,30,33,35,37,39,41],"ascension_level":0}}