{"host":"npubv26u89aif4fa","time":1608102968,"event":{"mods":["Astrologer","BaseMod","Better Vampires","Chen","Colored Powertips","GifTheSpireLib","Gremlin Mod","GungeonMod","HornydragonMod","Hubris","Hunter 猎人","Jedi Mod","Koishi","Minty Spire (QoL Compilation)","Quick Restart","Remilia（蕾米莉亚）","Replay The Spire","RumiaBox-露米娅的神秘盒子","StSLib","Td1madao Mod","The Administrix","The Bug Knight","The Cursed","The Gatherer","The Runesmith","WarShipGirlsR/战舰少女R mod","Yuri Mod","Yuyuko"],"gold_per_floor":[141,155,155,169,169,169,169],"floor_reached":6,"playtime":339,"items_purged":[],"score":36,"play_id":"5b105de0-bf96-42b1-b003-7d93e51c855e","local_time":"20201216151608","is_ascension_mode":false,"campfire_choices":[],"circlet_count":0,"master_deck":["Strike_Giant","Strike_Giant","Defend_Giant","Defend_Giant","Defend_Giant","Defend_Giant","CultistPetCall+1","EagleFirst","EagleFirst","EagleSecond","Infinite Combo","Ready_Giant","MultiTurn_Giant"],"relics":["GiantSoulBox","NeowsBlessing","DemoMod:GlassGuonStoneRelic","Baka","hubris:Icosahedron"],"acts_visited":["Exordium"],"potions_floor_usage":[],"damage_taken":[{"damage":0.0,"enemies":"Jaw Worm","floor":1.0,"turns":1.0},{"damage":0.0,"enemies":"Small Slimes","floor":2.0,"turns":1.0},{"damage":0.0,"enemies":"2 Louse","floor":4.0,"turns":1.0},{"damage":0,"enemies":"Gremlin Nob","floor":6,"turns":1}],"seed_played":"-5591091023173192740","potions_obtained":[{"floor":2.0,"key":"Swift Potion"},{"floor":4.0,"key":"Toxic Potion"}],"is_trial":false,"path_per_floor":["M","M","?","M","?","E"],"character_chosen":"Giant","items_purchased":[],"campfire_rested":0,"item_purchase_floors":[],"current_hp_per_floor":[32,32,32,32,32,32,32],"gold":169,"neow_bonus":"THREE_ENEMY_KILL","is_daily":false,"chose_seed":false,"campfire_upgraded":0,"win_rate":0.0,"timestamp":1608102968,"path_taken":["M","M","?","M","?","E"],"items_purchased_type":[],"build_version":"2020-12-13","purchased_purges":0,"victory":false,"max_hp_per_floor":[32,32,32,32,32,32,32],"card_choices":[{"not_picked":["Commander_Giant","EagleSecond"],"picked":"Infinite Combo","floor":1.0},{"not_picked":["TakeAction_Giant","Backward Giant"],"picked":"Ready_Giant","floor":2.0},{"not_picked":["Death Explode","TakeAction_Giant"],"picked":"MultiTurn_Giant","floor":4.0}],"player_experience":80898,"relics_obtained":[{"floor":1.0,"key":"Baka"}],"event_choices":[],"is_beta":false,"boss_relics":[],"items_purged_floors":[],"is_endless":false,"potions_floor_spawned":[2,4],"killed_by":"Gremlin Nob","ascension_level":0}}