{"host":"hjw1ay65n7jm40lc","time":1608131753,"event":{"mods":["AchievementEnabler","BaseMod","Colored Map","Colored Powertips","Googly Eyes","Highlight Path","Minty Spire (QoL Compilation)","Quick Restart","Relic Stats"],"gold_per_floor":[119,119,133,149,18,58,58,102,102,126,126,151,151,175,175,175,175],"floor_reached":16,"playtime":782,"items_purged":["Injury"],"score":207,"play_id":"48e95f57-9157-492f-8aae-73e0cf8cd33a","local_time":"20201216101553","is_ascension_mode":true,"campfire_choices":[{"data":"Armaments","floor":7,"key":"SMITH"},{"floor":11,"key":"REST"},{"data":"Uppercut","floor":15,"key":"SMITH"}],"circlet_count":0,"master_deck":["AscendersBane","Strike_R","Strike_R","Strike_R","Strike_R","Strike_R","Defend_R","Defend_R","Defend_R","Defend_R","Bash","Armaments+1","Rampage","Cleave","Uppercut+1","Regret","Shrug It Off"],"relics":["Cursed Key","Golden Idol","Bag of Marbles","Paper Frog","Smiling Mask"],"acts_visited":["Exordium"],"potions_floor_usage":[16],"damage_taken":[{"damage":7,"enemies":"Small Slimes","floor":1,"turns":3},{"damage":2,"enemies":"2 Louse","floor":3,"turns":3},{"damage":1,"enemies":"Cultist","floor":4,"turns":4},{"damage":22,"enemies":"Lagavulin","floor":6,"turns":6},{"damage":21,"enemies":"Gremlin Nob","floor":8,"turns":4},{"damage":13,"enemies":"Looter","floor":10,"turns":2},{"damage":6,"enemies":"Large Slime","floor":12,"turns":4},{"damage":4,"enemies":"Blue Slaver","floor":14,"turns":3},{"damage":17,"enemies":"Hexaghost","floor":16,"turns":4}],"seed_played":"-859287948887172047","potions_obtained":[{"floor":4,"key":"SpeedPotion"},{"floor":12,"key":"ColorlessPotion"}],"is_trial":false,"path_per_floor":["M","?","M","M","$","E","R","E","T","M","R","M","?","M","R","B"],"character_chosen":"IRONCLAD","items_purchased":["Cleave"],"campfire_rested":1,"item_purchase_floors":[5],"current_hp_per_floor":[61,61,59,58,58,36,36,15,15,2,24,18,18,14,14,0,0],"gold":175,"neow_bonus":"BOSS_RELIC","is_daily":false,"chose_seed":false,"campfire_upgraded":2,"win_rate":0.0,"timestamp":1608131753,"path_taken":["M","?","M","M","$","E","R","E","T","M","R","M","?","M","R","BOSS"],"items_purchased_type":["Card"],"build_version":"2020-12-13","purchased_purges":1,"victory":false,"max_hp_per_floor":[75,75,75,75,75,75,75,75,75,75,75,75,75,75,75,75,75],"relic_stats":{"counters":[9,33],"Golden Idol":38,"Cursed Key":1,"Smiling Mask":0,"obtain_stats":[{"Golden Idol":2,"Bag of Marbles":6,"Cursed Key":0,"Smiling Mask":9,"Burning Blood":0,"Paper Frog":8},{"Golden Idol":1,"Bag of Marbles":4,"Cursed Key":0,"Smiling Mask":5,"Burning Blood":0,"Paper Frog":5},{"Golden Idol":3,"Bag of Marbles":16,"Cursed Key":0,"Smiling Mask":20,"Burning Blood":0,"Paper Frog":20}]},"card_choices":[{"not_picked":["Feel No Pain","Reckless Charge"],"picked":"Armaments","floor":1},{"not_picked":["Dark Embrace","Feel No Pain","Dropkick"],"picked":"SKIP","floor":3},{"not_picked":["Infernal Blade","Second Wind"],"picked":"Rampage","floor":4},{"not_picked":["Thunderclap","Armaments","Anger"],"picked":"SKIP","floor":6},{"not_picked":["Body Slam","Wild Strike"],"picked":"Uppercut","floor":8},{"not_picked":["Rampage","Rage","Anger"],"picked":"SKIP","floor":10},{"not_picked":["Heavy Blade","True Grit"],"picked":"Shrug It Off","floor":12},{"not_picked":["Flex","Reckless Charge","Wild Strike"],"picked":"SKIP","floor":14}],"player_experience":259255,"relics_obtained":[{"floor":6,"key":"Bag of Marbles"},{"floor":8,"key":"Paper Frog"},{"floor":9,"key":"Smiling Mask"}],"event_choices":[{"damage_healed":0,"gold_gain":0,"player_choice":"Take Wound","damage_taken":0,"relics_obtained":["Golden Idol"],"max_hp_gain":0,"max_hp_loss":0,"event_name":"Golden Idol","floor":2,"gold_loss":0,"cards_obtained":["Injury"]},{"damage_healed":0,"gold_gain":0,"player_choice":"Ignored","damage_taken":0,"max_hp_gain":0,"max_hp_loss":0,"event_name":"Shining Light","floor":13,"gold_loss":0}],"is_beta":false,"boss_relics":[],"items_purged_floors":[5],"is_endless":false,"potions_floor_spawned":[4,12,14],"killed_by":"Hexaghost","ascension_level":17}}