{"host":"u8v3smlhv612t412","time":1608123259,"event":{"mods":["BaseMod","Better Altar","Better Match","Better Note","Better Skull","Better Third Choice","BetterRewards","Colored Powertips","DeckTracker","Minty Spire (QoL Compilation)","Quick Restart","Rare Cards Sparkle","Relic Stats","Spicy Shops","StSLib","slay the spire mod where everything is the same but ironclad has a cowboy hat"],"gold_per_floor":[114,239,289,303,316,316,347,362,385,149,149,2,39,68,68,177,177,202,61,111,135,185,228,255,255,255,255,265,315,315,340,340,444,444,470,520,92,151,201,201,227,253,253,275,275,311,311,333,333,333],"floor_reached":51,"playtime":3154,"items_purged":["Strike_P","Defend_P","Defend_P","Strike_P","Strike_P","Defend_P"],"score":778,"play_id":"be7567be-adba-4898-bce3-f393f098a374","local_time":"20201216075418","is_ascension_mode":false,"campfire_choices":[{"data":"Eruption","floor":6.0,"key":"SMITH"},{"data":"ClearTheMind","floor":11.0,"key":"SMITH"},{"data":"Vigilance","floor":15.0,"key":"SMITH"},{"data":"Adaptation","floor":25.0,"key":"SMITH"},{"data":"BowlingBash","floor":27.0,"key":"SMITH"},{"data":"Halt","floor":30.0,"key":"SMITH"},{"data":"SashWhip","floor":32.0,"key":"SMITH"},{"data":"Forethought","floor":40.0,"key":"SMITH"},{"data":"Vault","floor":45,"key":"SMITH"},{"data":"LikeWater","floor":47,"key":"SMITH"},{"floor":49,"key":"REST"}],"circlet_count":0,"master_deck":["Strike_P","Defend_P","Eruption+1","Vigilance+1","LikeWater+1","BowlingBash+1","Halt+1","FlurryOfBlows+1","MentalFortress","FollowUp","ClearTheMind+1","SashWhip+1","Evaluate+1","Consecrate+1","DevaForm+1","Pray","Nirvana","DeceiveReality","Indignation+1","Adaptation+1","CrushJoints+1","Vault+1","SignatureMove+1","FearNoEvil","Study","Forethought+1","ForeignInfluence+1","FlyingSleeves+1","Prostrate","Protect+1","FollowUp+1"],"relics":["PureWater","Membership Card","Thread and Needle","Yang","SsserpentHead","Bag of Marbles","Bag of Preparation","Ancient Tea Set","PreservedInsect","CeramicFish","Oddly Smooth Stone","Juzu Bracelet","Happy Flower","Dream Catcher","Darkstone Periapt","SlaversCollar","Unceasing Top","War Paint","Bronze Scales","Gremlin Horn","Pantograph","Toxic Egg 2"],"acts_visited":["Exordium","TheCity","TheBeyond"],"potions_floor_usage":[44,50,50],"damage_taken":[{"damage":0.0,"enemies":"Jaw Worm","floor":1.0,"turns":3.0},{"damage":0.0,"enemies":"Small Slimes","floor":4.0,"turns":2.0},{"damage":0.0,"enemies":"Cultist","floor":5.0,"turns":2.0},{"damage":8.0,"enemies":"Gremlin Nob","floor":7.0,"turns":4.0},{"damage":0.0,"enemies":"Gremlin Gang","floor":8.0,"turns":4.0},{"damage":1.0,"enemies":"Lagavulin","floor":13.0,"turns":4.0},{"damage":0.0,"enemies":"Red Slaver","floor":14.0,"turns":3.0},{"damage":1.0,"enemies":"The Guardian","floor":16.0,"turns":12.0},{"damage":0.0,"enemies":"Shell Parasite","floor":18.0,"turns":7.0},{"damage":2.0,"enemies":"3 Byrds","floor":21.0,"turns":8.0},{"damage":14.0,"enemies":"Slavers","floor":23.0,"turns":4.0},{"damage":17.0,"enemies":"Shelled Parasite and Fungi","floor":24.0,"turns":7.0},{"damage":0.0,"enemies":"3 Cultists","floor":31.0,"turns":4.0},{"damage":29.0,"enemies":"Automaton","floor":33.0,"turns":8.0},{"damage":8.0,"enemies":"3 Darklings","floor":35.0,"turns":5.0},{"damage":8.0,"enemies":"3 Shapes","floor":41.0,"turns":4.0},{"damage":13.0,"enemies":"Transient","floor":42.0,"turns":6.0},{"damage":16,"enemies":"Sphere and 2 Shapes","floor":44,"turns":5},{"damage":0,"enemies":"Giant Head","floor":46,"turns":3},{"damage":0,"enemies":"3 Darklings","floor":48,"turns":4},{"damage":49,"enemies":"Awakened One","floor":50,"turns":9}],"seed_played":"3665792089131523945","potions_obtained":[{"floor":5.0,"key":"Strength Potion"},{"floor":7.0,"key":"LiquidMemories"},{"floor":8.0,"key":"SpeedPotion"},{"floor":16.0,"key":"FearPotion"},{"floor":18.0,"key":"Dexterity Potion"},{"floor":35.0,"key":"AttackPotion"},{"floor":44,"key":"Fire Potion"}],"is_trial":false,"path_per_floor":["M","?","?","M","M","R","E","M","T","$","R","$","E","M","R","B",null,"M","$","?","M","?","E","M","R","T","R","?","?","R","M","R","B",null,"M","T","$","?","?","R","M","M","T","M","R","E","R","M","R","B",null],"character_chosen":"WATCHER","items_purchased":["Membership Card","Thread and Needle","LikeWater","BowlingBash","Halt","FlurryOfBlows","Yang","Ancient Tea Set","PreservedInsect","CeramicFish","Nirvana","Juzu Bracelet","Happy Flower","FearNoEvil","War Paint","Bronze Scales","Gremlin Horn","Study"],"campfire_rested":1,"item_purchase_floors":[0,0,0,0,0,0,0,10,12,12,19,19,19,37,37,37,37,37],"current_hp_per_floor":[40,29,29,29,29,29,21,21,21,21,21,21,20,20,20,19,72,72,72,72,70,70,56,39,39,39,39,39,39,39,39,39,10,72,64,64,64,64,64,64,56,43,43,27,27,27,27,27,48,23],"gold":333,"neow_bonus":"","is_daily":false,"chose_seed":false,"campfire_upgraded":10,"win_rate":0.0,"timestamp":1608123258,"path_taken":["M","?","?","M","M","R","E","M","T","$","R","$","E","M","R","BOSS","M","$","?","M","?","E","M","R","T","R","?","?","R","M","R","BOSS","M","?","$","?","?","R","M","M","T","M","R","E","R","M","R","BOSS"],"items_purchased_type":["Relic","Relic","Card","Card","Card","Card","Relic","Relic","Relic","Relic","Card","Relic","Relic","Card","Relic","Relic","Relic","Card"],"build_version":"2020-12-13","purchased_purges":6,"victory":true,"max_hp_per_floor":[72,72,72,72,72,72,72,72,72,72,72,72,72,72,72,72,72,72,72,72,72,72,72,72,72,72,72,72,72,72,72,72,72,72,72,72,72,72,72,72,72,72,72,72,72,72,72,72,72,72],"relic_stats":{"Darkstone Periapt":0,"Happy Flower":[22],"Gremlin Horn":[9,9],"counters":[124,449],"CeramicFish":171,"Yang":[296],"PreservedInsect":200,"Bag of Preparation":[32],"Juzu Bracelet":2,"War Paint":["Indignation","Evaluate"],"SsserpentHead":450,"Dream Catcher":1,"Bronze Scales":[70],"Pantograph":24,"obtain_stats":[{"Ice Cream":12,"Tiny House":17,"Gremlin Horn":37,"CeramicFish":10,"Boot":29,"Sozu":17,"Blood Vial":31,"HornCleat":9,"FaceOfCleric":3,"Toxic Egg 2":3,"Pear":26,"Happy Flower":19,"Astrolabe":17,"Dead Branch":12,"Oddly Smooth Stone":13,"Pen Nib":5,"Letter Opener":13,"War Paint":37,"SlaversCollar":34,"Shuriken":10,"Bronze Scales":28,"Molten Egg 2":0,"Black Star":34,"Unceasing Top":38,"Meat on the Bone":23,"Darkstone Periapt":26,"Lantern":38,"StoneCalendar":9,"Yang":0,"Bag of Preparation":9,"Juzu Bracelet":19,"Ancient Tea Set":9,"ClockworkSouvenir":0,"SsserpentHead":0,"Nunchaku":9,"Dream Catcher":0,"Mummified Hand":0,"Gambling Chip":12,"Pantograph":7,"Tiny Chest":0,"Lee\u0027s Waffle":29,"Golden Idol":5,"Damaru":7,"Thread and Needle":7,"PreservedInsect":0,"Omamori":9,"Orichalcum":9,"Frozen Egg 2":0,"MawBank":9,"Strange Spoon":19,"Bloody Idol":31,"Orrery":0,"HolyWater":17,"Art of War":10,"Bag of Marbles":7,"Membership Card":0,"PureWater":0,"TungstenRod":14},{"Ice Cream":55,"Tiny House":29,"Gremlin Horn":118,"CeramicFish":81,"Boot":13,"Sozu":7,"Blood Vial":13,"HornCleat":81,"FaceOfCleric":61,"Toxic Egg 2":2,"Pear":12,"Happy Flower":112,"Astrolabe":56,"Dead Branch":96,"Oddly Smooth Stone":109,"Pen Nib":37,"Letter Opener":96,"War Paint":118,"SlaversCollar":117,"Shuriken":53,"Bronze Scales":13,"Molten Egg 2":34,"Black Star":14,"Unceasing Top":17,"Meat on the Bone":12,"Darkstone Periapt":115,"Lantern":17,"StoneCalendar":5,"Yang":103,"Bag of Preparation":108,"Juzu Bracelet":112,"Ancient Tea Set":93,"ClockworkSouvenir":67,"SsserpentHead":103,"Nunchaku":26,"Dream Catcher":67,"Mummified Hand":0,"Gambling Chip":28,"Pantograph":38,"Tiny Chest":78,"Lee\u0027s Waffle":13,"Golden Idol":92,"Damaru":25,"Thread and Needle":5,"PreservedInsect":22,"Omamori":47,"Orichalcum":52,"Frozen Egg 2":62,"MawBank":39,"Strange Spoon":30,"Bloody Idol":13,"Orrery":0,"HolyWater":42,"Art of War":6,"Bag of Marbles":107,"Membership Card":0,"PureWater":0,"TungstenRod":97},{"Ice Cream":208,"Tiny House":127,"Gremlin Horn":418,"CeramicFish":291,"Boot":45,"Sozu":20,"Blood Vial":45,"HornCleat":291,"FaceOfCleric":232,"Toxic Egg 2":5,"Pear":41,"Happy Flower":382,"Astrolabe":214,"Dead Branch":327,"Oddly Smooth Stone":360,"Pen Nib":152,"Letter Opener":327,"War Paint":418,"SlaversCollar":413,"Shuriken":198,"Bronze Scales":45,"Molten Egg 2":147,"Black Star":52,"Unceasing Top":67,"Meat on the Bone":41,"Darkstone Periapt":401,"Lantern":67,"StoneCalendar":12,"Yang":341,"Bag of Preparation":356,"Juzu Bracelet":382,"Ancient Tea Set":321,"ClockworkSouvenir":248,"SsserpentHead":341,"Nunchaku":104,"Dream Catcher":248,"Mummified Hand":0,"Gambling Chip":113,"Pantograph":154,"Tiny Chest":284,"Lee\u0027s Waffle":45,"Golden Idol":318,"Damaru":98,"Thread and Needle":12,"PreservedInsect":87,"Omamori":179,"Orichalcum":196,"Frozen Egg 2":233,"MawBank":156,"Strange Spoon":131,"Bloody Idol":45,"Orrery":0,"HolyWater":163,"Art of War":16,"Bag of Marbles":352,"Membership Card":0,"PureWater":0,"TungstenRod":329}],"Unceasing Top":[12]},"card_choices":[{"not_picked":["Indignation","ClearTheMind"],"picked":"MentalFortress","floor":1.0},{"not_picked":["Conclude","PathToVictory"],"picked":"FollowUp","floor":4.0},{"not_picked":["Crescendo","SignatureMove"],"picked":"ClearTheMind","floor":5.0},{"not_picked":["Fasting2","ReachHeaven"],"picked":"SashWhip","floor":7.0},{"not_picked":["FlyingSleeves","Weave"],"picked":"Evaluate","floor":8.0},{"not_picked":["EmptyFist","Nirvana"],"picked":"Wireheading","floor":13.0},{"not_picked":["PathToVictory","JustLucky"],"picked":"Consecrate","floor":14.0},{"not_picked":["Blasphemy","ConjureBlade"],"picked":"DevaForm","floor":16.0},{"not_picked":["JustLucky","ClearTheMind"],"picked":"Pray","floor":18.0},{"not_picked":["FlyingSleeves","Swivel"],"picked":"DeceiveReality","floor":21.0},{"not_picked":["Prostrate+1","ConjureBlade"],"picked":"Indignation","floor":23.0},{"not_picked":["Vengeance","EmptyFist"],"picked":"Adaptation","floor":24.0},{"not_picked":["Wallop","CarveReality"],"picked":"CrushJoints+1","floor":31.0},{"not_picked":["LessonLearned","ConjureBlade"],"picked":"Vault","floor":33.0},{"not_picked":["ForeignInfluence","Evaluate"],"picked":"SignatureMove+1","floor":35.0},{"not_picked":["PanicButton","Swift Strike"],"picked":"Forethought","floor":38.0},{"not_picked":["InnerPeace+1","FollowUp+1"],"picked":"ForeignInfluence+1","floor":41.0},{"not_picked":["EmptyFist","Indignation+1"],"picked":"FlyingSleeves+1","floor":42.0},{"not_picked":["CutThroughFate+1","Weave+1"],"picked":"Prostrate","floor":44},{"not_picked":["FearNoEvil+1","Collect+1"],"picked":"Protect+1","floor":46},{"not_picked":["EmptyBody+1","Halt+1"],"picked":"FollowUp+1","floor":48}],"player_experience":464407,"relics_obtained":[{"floor":7.0,"key":"Bag of Marbles"},{"floor":9.0,"key":"Bag of Preparation"},{"floor":13.0,"key":"Oddly Smooth Stone"},{"floor":23.0,"key":"Dream Catcher"},{"floor":26.0,"key":"Darkstone Periapt"},{"floor":36.0,"key":"Unceasing Top"},{"floor":43.0,"key":"Pantograph"},{"floor":46,"key":"Toxic Egg 2"}],"event_choices":[{"damage_healed":0.0,"max_hp_gain":0.0,"max_hp_loss":0.0,"gold_gain":75.0,"event_name":"betterThird:BetterGoop","player_choice":"Gold","floor":2.0,"gold_loss":0.0,"damage_taken":11.0},{"damage_healed":0.0,"max_hp_gain":0.0,"max_hp_loss":0.0,"gold_gain":0.0,"event_name":"betterThird:BetterSerpent","player_choice":"Ignored","floor":3.0,"gold_loss":0.0,"damage_taken":289.0},{"damage_healed":0.0,"max_hp_gain":0.0,"max_hp_loss":0.0,"gold_gain":0.0,"event_name":"Upgrade Shrine","player_choice":"Upgraded","floor":20.0,"gold_loss":0.0,"damage_taken":0.0,"cards_upgraded":["DevaForm"]},{"cards_removed":["DevaForm"],"damage_healed":0.0,"max_hp_gain":0.0,"max_hp_loss":0.0,"gold_gain":0.0,"event_name":"betterNote:BetterNote","player_choice":"Give","floor":22.0,"gold_loss":0.0,"damage_taken":0.0,"cards_obtained":["None"]},{"damage_healed":0.0,"max_hp_gain":0.0,"max_hp_loss":0.0,"gold_gain":0.0,"event_name":"Designer","player_choice":"Upgraded Two","floor":28.0,"gold_loss":40.0,"damage_taken":0.0,"cards_upgraded":["FlurryOfBlows","Consecrate"]},{"damage_healed":0.0,"max_hp_gain":0.0,"max_hp_loss":0.0,"gold_gain":0.0,"event_name":"The Woman in Blue","player_choice":"Bought 0 Potions","floor":29.0,"gold_loss":0.0,"damage_taken":0.0},{"damage_healed":0.0,"max_hp_gain":0.0,"max_hp_loss":0.0,"gold_gain":0.0,"event_name":"SensoryStone","player_choice":"Memory 1","floor":38.0,"gold_loss":0.0,"damage_taken":0.0},{"cards_removed":["Wireheading"],"damage_healed":0.0,"max_hp_gain":0.0,"max_hp_loss":0.0,"gold_gain":0.0,"event_name":"Falling","player_choice":"Removed Power","floor":39.0,"gold_loss":0.0,"damage_taken":0.0}],"is_beta":false,"boss_relics":[{"not_picked":["Busted Crown","Calling Bell","Runic Dome"]},{"not_picked":["Fusion Hammer","Cursed Key"],"picked":"SlaversCollar"}],"items_purged_floors":[0,0,0,10,10,37],"is_endless":false,"potions_floor_spawned":[5,7,8,16,18,21,35,44],"ascension_level":0}}