{"host":"y89x8uui45kcjy42","time":1608161801,"event":{"mods":["2.2 Compatiblity","BaseMod","CapriCore","Colored Map","Colored Powertips","Custom Start","Friendly Minions","Highlight Path","Keyboard Shortcuts","Minty Spire (QoL Compilation)","Relic Stats","Slay the Relics Exporter","StSLib","SuperFastMode","Waifu the Spire"],"gold_per_floor":[113,128,203,219,369,369,400,400,400,400,400],"floor_reached":10,"playtime":147,"items_purged":[],"score":132,"play_id":"8d0023c3-93b0-4ed7-9e5d-b654bccf9edb","local_time":"20201217083641","is_ascension_mode":true,"campfire_choices":[{"data":"Cloak And Dagger","floor":6.0,"key":"SMITH"},{"data":"Tools of the Trade","floor":8,"key":"SMITH"}],"circlet_count":0,"master_deck":["AscendersBane","Strike_G","Strike_G","Strike_G","Strike_G","Strike_G","Defend_G","Defend_G","Defend_G","Defend_G","Defend_G","Survivor","Neutralize","Blade Dance","Dagger Spray","Cloak And Dagger+1","Doubt","Tools of the Trade+1"],"relics":["Ring of the Snake","NeowsBlessing","Pantograph","Smiling Mask"],"acts_visited":["Exordium"],"potions_floor_usage":[7],"damage_taken":[{"damage":0.0,"enemies":"2 Louse","floor":1.0,"turns":1.0},{"damage":0.0,"enemies":"Jaw Worm","floor":2.0,"turns":1.0},{"damage":0.0,"enemies":"Small Slimes","floor":4.0,"turns":1.0},{"damage":11,"enemies":"3 Sentries","floor":7,"turns":5},{"damage":39,"enemies":"Lagavulin","floor":10,"turns":5}],"seed_played":"5491290231229296391","potions_obtained":[{"floor":1.0,"key":"SteroidPotion"}],"is_trial":false,"path_per_floor":["M","M","?","M","?","R","E","R","T","E"],"character_chosen":"THE_SILENT","items_purchased":[],"campfire_rested":0,"item_purchase_floors":[],"current_hp_per_floor":[59,59,48,48,48,48,37,37,37,0,0],"gold":400,"neow_bonus":"THREE_ENEMY_KILL","is_daily":false,"chose_seed":false,"campfire_upgraded":2,"win_rate":0.0,"timestamp":1608161801,"path_taken":["M","M","?","M","?","R","E","R","T","E"],"items_purchased_type":[],"build_version":"2020-12-13","purchased_purges":0,"victory":false,"max_hp_per_floor":[66,66,66,66,66,66,66,66,66,66,66],"relic_stats":{"counters":[5,13],"Pantograph":0,"Smiling Mask":0,"obtain_stats":[{"NeowsBlessing":0,"Pantograph":7,"Smiling Mask":9,"Ring of the Snake":0},{"NeowsBlessing":0,"Pantograph":4,"Smiling Mask":4,"Ring of the Snake":0},{"NeowsBlessing":0,"Pantograph":8,"Smiling Mask":8,"Ring of the Snake":0}],"Ring of the Snake":[10]},"card_choices":[{"not_picked":["Quick Slash","Dagger Throw"],"picked":"Blade Dance","floor":1.0},{"not_picked":["Prepared","PiercingWail"],"picked":"Dagger Spray","floor":2.0},{"not_picked":["Blur","Prepared"],"picked":"Cloak And Dagger","floor":4.0},{"not_picked":["Quick Slash","Predator"],"picked":"Tools of the Trade","floor":7}],"player_experience":496610,"relics_obtained":[{"floor":7,"key":"Pantograph"},{"floor":9,"key":"Smiling Mask"}],"event_choices":[{"damage_healed":0.0,"max_hp_gain":0.0,"max_hp_loss":0.0,"gold_gain":75.0,"event_name":"World of Goop","player_choice":"Gather Gold","floor":3.0,"gold_loss":0.0,"damage_taken":11.0},{"damage_healed":0.0,"max_hp_gain":0.0,"max_hp_loss":0.0,"gold_gain":150.0,"event_name":"Liars Game","player_choice":"AGREE","floor":5.0,"gold_loss":0.0,"damage_taken":0.0,"cards_obtained":["Doubt"]}],"is_beta":false,"boss_relics":[],"items_purged_floors":[],"is_endless":false,"potions_floor_spawned":[1],"killed_by":"Lagavulin","ascension_level":20}}