{"host":"llpusn9usp8rznkj","time":1608107116,"event":{"mods":["2.2 Compatiblity","BaseMod","Colored Map","Colored Powertips","Conspire","Downfall","Hubris","Minty Spire (QoL Compilation)","Rare Cards Sparkle","Replay The Spire","StSLib","The Cursed"],"gold_per_floor":[115,115,115,155,174,203,203,220,267,192,192,192,8,19,19,91,91,108,29,40,40,40,40,40],"floor_reached":23,"playtime":599,"items_purged":["Regret"],"score":524,"play_id":"fc2b8dea-48d1-4fb9-8dc4-a47c447e15bb","local_time":"20201216032516","is_ascension_mode":true,"campfire_choices":[{"data":"Neutralize","floor":7,"key":"SMITH"},{"data":"Blade Dance","floor":12,"key":"SMITH"},{"data":"After Image","floor":15,"key":"SMITH"}],"circlet_count":0,"master_deck":["AscendersBane","Strike_G","Strike_G","Strike_G","Defend_G","Defend_G","Defend_G","Defend_G","Defend_G","Survivor","Neutralize+1","Deadly Poison","Poisoned Stab","Escape Plan","Prepared","Blade Dance+1","Panache","After Image+1","Replay:Bag of Tricks","Accuracy","Infinite Blades","Backflip+1"],"relics":["Ring of the Snake","NeowsBlessing","Quantum Egg","hubris:TenFootPole","hubris:ToyBattleship","Kunai","Omamori","conspire:RoyalGoblet"],"acts_visited":["Exordium","TheCity"],"potions_floor_usage":[14,16],"damage_taken":[{"damage":0.0,"enemies":"Jaw Worm","floor":1.0,"turns":1.0},{"damage":0,"enemies":"2 Louse","floor":5,"turns":1},{"damage":0,"enemies":"3 Sentries","floor":6,"turns":1},{"damage":3,"enemies":"Small Slimes","floor":8,"turns":3},{"damage":0,"enemies":"3 Louse","floor":14,"turns":2},{"damage":0,"enemies":"Hexaghost","floor":16,"turns":7},{"damage":9,"enemies":"Chosen","floor":18,"turns":5},{"damage":11,"enemies":"2 Thieves","floor":20,"turns":4},{"damage":42,"enemies":"Gremlin Leader","floor":23,"turns":5}],"seed_played":"2369178674025304853","potions_obtained":[{"floor":1.0,"key":"Swift Potion"},{"floor":4,"key":"LiquidBronze"},{"floor":8,"key":"CunningPotion"}],"is_trial":false,"path_per_floor":["M","?","T","?","M","E","R","M","T","$","?","R","$","M","R","B",null,"M","$","M","?","?","E"],"character_chosen":"THE_SILENT","items_purchased":["Panache","Infinite Blades"],"campfire_rested":0,"item_purchase_floors":[13,19],"current_hp_per_floor":[59,59,59,49,49,49,49,46,46,46,46,46,46,46,46,46,61,52,52,41,41,41,0,0],"gold":40,"neow_bonus":"THREE_ENEMY_KILL","is_daily":false,"chose_seed":false,"campfire_upgraded":3,"win_rate":0.0,"timestamp":1608107116,"path_taken":["M","?","?","?","?","E","R","M","T","$","?","R","$","M","R","BOSS","M","$","M","?","?","E"],"items_purchased_type":["Card","Card"],"build_version":"2020-12-13","purchased_purges":1,"victory":false,"max_hp_per_floor":[66,66,66,66,66,66,66,66,66,66,66,66,66,66,66,66,66,66,66,66,66,66,66,66],"card_choices":[{"not_picked":["Backstab","Caltrops"],"picked":"Deadly Poison","floor":1.0},{"not_picked":["Quick Slash","Deadly Poison"],"picked":"Poisoned Stab","floor":4},{"not_picked":["Dagger Spray","Sucker Punch"],"picked":"Escape Plan","floor":4},{"not_picked":["Dagger Throw","Reflex"],"picked":"Prepared","floor":5},{"not_picked":["Acrobatics","Choke","Well Laid Plans"],"picked":"SKIP","floor":6},{"not_picked":["hubris:TrickCloak","hubris:SlightOfHand"],"picked":"Blade Dance","floor":8},{"not_picked":["Bane","ReplayTheSpireMod:Exploit Weakness"],"picked":"After Image","floor":14},{"not_picked":["Phantasmal Killer","Die Die Die"],"picked":"Replay:Bag of Tricks","floor":16},{"not_picked":["Leg Sweep+1","Dodge and Roll"],"picked":"Accuracy","floor":18},{"not_picked":["Bane","Dagger Throw"],"picked":"Backflip+1","floor":20}],"player_experience":975158,"relics_obtained":[{"floor":3.0,"key":"hubris:TenFootPole"},{"floor":4,"key":"hubris:ToyBattleship"},{"floor":6,"key":"Kunai"},{"floor":9,"key":"Omamori"}],"event_choices":[{"damage_healed":0.0,"max_hp_gain":0.0,"max_hp_loss":0.0,"gold_gain":0.0,"event_name":"Big Fish","player_choice":"Box","floor":2.0,"gold_loss":0.0,"damage_taken":0.0,"relics_obtained":["Quantum Egg"],"cards_obtained":["Regret"]},{"cards_removed":["Strike_G"],"damage_healed":0,"gold_gain":0,"player_choice":"Offered Basic","damage_taken":0,"max_hp_gain":0,"max_hp_loss":0,"event_name":"Bonfire Elementals","floor":22,"gold_loss":0}],"is_beta":false,"boss_relics":[{"not_picked":["Runic Pyramid","Velvet Choker"],"picked":"conspire:RoyalGoblet"}],"items_purged_floors":[10],"is_endless":false,"potions_floor_spawned":[1,5,8],"killed_by":"Gremlin Leader","ascension_level":20}}