{"host":"m7ng6g84rp2fqrpe","time":1608086559,"event":{"mods":["Aspiration","BaseMod","Better Note","Better Third Choice","Colored Map","Colored Powertips","Hermit","Highlight Path","Minty Spire (QoL Compilation)","Rare Cards Sparkle","Spicy Shops","StSLib"],"gold_per_floor":[109,184,195,206,16,16,66,66,66,107,107,107,160,198,198,295,295,340,384,401,401,401,401,454,454,479,111,111,156,184,202,202,302,302,316,330,348,348,348,348,368,99,123,152,14,56,56,99,99,99],"floor_reached":51,"playtime":2273,"items_purged":["Strike_G","Strike_G","Strike_G","Strike_G"],"score":724,"play_id":"9d607714-1dc6-4a67-82ba-1dd65bdea7f7","local_time":"20201215194239","is_ascension_mode":false,"campfire_choices":[{"data":"HandOfGreed","floor":6.0,"key":"SMITH"},{"data":"Envenom","floor":8.0,"key":"SMITH"},{"data":"Infinite Blades","floor":15.0,"key":"SMITH"},{"data":"Blade Dance","floor":23.0,"key":"SMITH"},{"data":"Blur","floor":25.0,"key":"SMITH"},{"data":"Dodge and Roll","floor":28.0,"key":"SMITH"},{"floor":32,"key":"REST"},{"data":"Phantasmal Killer","floor":40,"key":"SMITH"},{"floor":47,"key":"REST"},{"floor":49,"key":"REST"}],"circlet_count":0,"master_deck":["Strike_G","Defend_G","Defend_G","Defend_G","Defend_G","Defend_G","Survivor","Neutralize","Infinite Blades+1","Dodge and Roll+1","Infinite Blades+1","HandOfGreed+1","Envenom+1","Choke","Dagger Spray","Terror","Die Die Die","Blade Dance+1","Blade Dance","Reprogram+1","Blur+1","Blade Dance","Phantasmal Killer+1","Night Terror","Footwork","Deflect+1","Blur+1","Dodge and Roll+1","Backflip"],"relics":["Ring of the Snake","Blood Vial","Ancient Tea Set","aspiration:SeaSaltIceCream","aspiration:Nostalgia","Cracked Core","Happy Flower","WristBlade","aspiration:AnachronicSnailShell","Kunai","Bag of Preparation","Pen Nib","Bottled Tornado","aspiration:RitualDagger","DollysMirror","MawBank"],"acts_visited":["Exordium","TheCity","TheBeyond"],"potions_floor_usage":[50,50],"damage_taken":[{"damage":1.0,"enemies":"Jaw Worm","floor":1.0,"turns":4.0},{"damage":1.0,"enemies":"2 Louse","floor":3.0,"turns":2.0},{"damage":1.0,"enemies":"Cultist","floor":4.0,"turns":5.0},{"damage":20.0,"enemies":"Gremlin Nob","floor":7.0,"turns":4.0},{"damage":3.0,"enemies":"Exordium Wildlife","floor":10.0,"turns":4.0},{"damage":20.0,"enemies":"3 Sentries","floor":13.0,"turns":7.0},{"damage":0.0,"enemies":"Looter","floor":14.0,"turns":2.0},{"damage":12.0,"enemies":"Slime Boss","floor":16.0,"turns":5.0},{"damage":19.0,"enemies":"2 Thieves","floor":18.0,"turns":4.0},{"damage":16.0,"enemies":"Shell Parasite","floor":19.0,"turns":4.0},{"damage":19.0,"enemies":"Snake Plant","floor":20.0,"turns":4.0},{"damage":11.0,"enemies":"Gremlin Leader","floor":24.0,"turns":3.0},{"damage":6.0,"enemies":"Shelled Parasite and Fungi","floor":29.0,"turns":3.0},{"damage":10.0,"enemies":"Slavers","floor":30.0,"turns":3.0},{"damage":0,"enemies":"Sentry and Sphere","floor":31,"turns":2},{"damage":6,"enemies":"Collector","floor":33,"turns":4},{"damage":17,"enemies":"3 Darklings","floor":35,"turns":4},{"damage":10,"enemies":"Orb Walker","floor":36,"turns":2},{"damage":14,"enemies":"Spire Growth","floor":37,"turns":2},{"damage":26,"enemies":"Maw","floor":41,"turns":5},{"damage":15,"enemies":"3 Darklings","floor":44,"turns":3},{"damage":12,"enemies":"4 Shapes","floor":46,"turns":4},{"damage":11,"enemies":"Sphere and 2 Shapes","floor":48,"turns":3},{"damage":61,"enemies":"Donu and Deca","floor":50,"turns":12}],"seed_played":"8231012740431636616","potions_obtained":[{"floor":1.0,"key":"Poison Potion"},{"floor":10.0,"key":"FearPotion"},{"floor":16.0,"key":"Dexterity Potion"},{"floor":19.0,"key":"Poison Potion"},{"floor":20.0,"key":"DistilledChaos"},{"floor":24.0,"key":"ColorlessPotion"},{"floor":33,"key":"SpeedPotion"},{"floor":37,"key":"CultistPotion"},{"floor":44,"key":"BlessingOfTheForge"}],"is_trial":false,"path_per_floor":["M","?","M","M","$","R","E","R","T","M","?","?","E","M","R","B",null,"M","M","M","?","T","R","E","R","T","$","R","M","E","M","R","B",null,"M","M","M","?","?","R","M","$","T","M","$","M","R","M","R","B",null],"character_chosen":"THE_SILENT","items_purchased":["HandOfGreed","Pen Nib","Blade Dance","DollysMirror"],"campfire_rested":3,"item_purchase_floors":[5,27,27,42],"current_hp_per_floor":[69,58,59,60,60,60,42,42,42,41,46,46,28,30,30,20,75,56,42,25,25,25,25,16,16,16,16,16,12,4,6,28,24,75,58,50,38,57,57,57,33,33,33,20,20,10,32,23,45,66],"gold":99,"neow_bonus":"RANDOM_COMMON_RELIC","is_daily":false,"chose_seed":false,"campfire_upgraded":7,"win_rate":0.0,"timestamp":1608086559,"path_taken":["M","?","M","M","$","R","E","R","T","M","?","?","E","M","R","BOSS","M","?","M","?","?","R","E","R","T","$","R","M","E","M","R","BOSS","M","M","M","?","?","R","M","$","T","?","$","M","R","M","R","BOSS"],"items_purchased_type":["Card","Relic","Card","Relic"],"build_version":"2020-12-13","purchased_purges":4,"victory":true,"max_hp_per_floor":[70,70,70,70,70,70,70,70,70,70,75,75,75,75,75,75,75,75,75,75,75,75,75,75,75,75,75,75,75,75,75,75,75,75,75,75,75,75,75,75,75,75,75,75,75,75,75,75,75,75],"card_choices":[{"not_picked":["Dagger Throw","Quick Slash"],"picked":"Infinite Blades","floor":1.0},{"not_picked":["Deadly Poison","Prepared"],"picked":"Dodge and Roll","floor":3.0},{"not_picked":["Tactician","Dodge and Roll"],"picked":"Infinite Blades","floor":4.0},{"not_picked":["Reflex","Backflip"],"picked":"Envenom","floor":7.0},{"not_picked":["Dagger Spray","Outmaneuver"],"picked":"Choke","floor":10.0},{"not_picked":["Glass Knife","All Out Attack"],"picked":"Dagger Spray","floor":13.0},{"not_picked":["Reflex","Underhanded Strike"],"picked":"Terror","floor":14.0},{"not_picked":["Unload","Tools of the Trade"],"picked":"Die Die Die","floor":16.0},{"not_picked":["Deadly Poison","Deflect"],"picked":"Blade Dance","floor":18.0},{"not_picked":["Flying Knee","PiercingWail","Sucker Punch+1"],"picked":"SKIP","floor":19.0},{"not_picked":["Dodge and Roll","Noxious Fumes+1"],"picked":"Blade Dance","floor":20.0},{"not_picked":["Poisoned Stab","Eviscerate+1"],"picked":"Blur","floor":24.0},{"not_picked":["Phantasmal Killer","Prepared","Acrobatics"],"picked":"SKIP","floor":29.0},{"not_picked":["Prepared","Acrobatics"],"picked":"Phantasmal Killer","floor":29.0},{"not_picked":["Endless Agony","Caltrops","Slice+1"],"picked":"SKIP","floor":30.0},{"not_picked":["Calculated Gamble","Flying Knee+1","Sucker Punch"],"picked":"SKIP","floor":31},{"not_picked":["Bullet Time","Malaise"],"picked":"Night Terror","floor":33},{"not_picked":["Sucker Punch+1","Acrobatics","Masterful Stab+1"],"picked":"SKIP","floor":35},{"not_picked":["Finisher+1","Well Laid Plans+1"],"picked":"Footwork","floor":36},{"not_picked":["Predator+1","Slice","Dash"],"picked":"SKIP","floor":37},{"not_picked":["Poisoned Stab","Eviscerate"],"picked":"Deflect+1","floor":41},{"not_picked":["Outmaneuver+1","Flying Knee+1"],"picked":"Dodge and Roll+1","floor":44},{"not_picked":["Choke+1","Sucker Punch+1","Outmaneuver+1"],"picked":"SKIP","floor":46},{"not_picked":["Prepared","Predator+1"],"picked":"Backflip","floor":48}],"player_experience":25142,"relics_obtained":[{"floor":7.0,"key":"Ancient Tea Set"},{"floor":9.0,"key":"aspiration:SeaSaltIceCream"},{"floor":13.0,"key":"Happy Flower"},{"floor":22.0,"key":"aspiration:AnachronicSnailShell"},{"floor":24.0,"key":"Kunai"},{"floor":26.0,"key":"Bag of Preparation"},{"floor":30.0,"key":"Bottled Tornado"},{"floor":43,"key":"MawBank"}],"event_choices":[{"damage_healed":0.0,"max_hp_gain":0.0,"max_hp_loss":0.0,"gold_gain":75.0,"event_name":"betterThird:BetterGoop","player_choice":"Gold","floor":2.0,"gold_loss":0.0,"damage_taken":11.0},{"damage_healed":0.0,"max_hp_gain":5.0,"max_hp_loss":0.0,"gold_gain":0.0,"event_name":"Big Fish","player_choice":"Donut","floor":11.0,"gold_loss":0.0,"damage_taken":0.0},{"damage_healed":0.0,"max_hp_gain":0.0,"max_hp_loss":0.0,"gold_gain":0.0,"event_name":"Upgrade Shrine","player_choice":"Upgraded","floor":12.0,"gold_loss":0.0,"damage_taken":0.0,"cards_upgraded":["Infinite Blades"]},{"cards_removed":["HandOfGreed"],"damage_healed":0.0,"max_hp_gain":0.0,"max_hp_loss":0.0,"gold_gain":0.0,"event_name":"betterNote:BetterNote","player_choice":"Take \u0026 Give","floor":21.0,"gold_loss":0.0,"damage_taken":0.0,"cards_obtained":["Reprogram"]},{"damage_healed":19,"gold_gain":0,"player_choice":"Writhe","damage_taken":0,"max_hp_gain":0,"max_hp_loss":0,"event_name":"Winding Halls","floor":38,"gold_loss":0,"cards_obtained":["Writhe"]},{"cards_removed":["Writhe"],"damage_healed":0,"gold_gain":0,"player_choice":"Purged","damage_taken":0,"max_hp_gain":0,"max_hp_loss":0,"event_name":"Purifier","floor":39,"gold_loss":0}],"is_beta":false,"boss_relics":[{"not_picked":["Empty Cage","aspiration:DefectSkillbook"],"picked":"WristBlade"},{"not_picked":["aspiration:WatcherSkillbook","Astrolabe"],"picked":"aspiration:RitualDagger"}],"items_purged_floors":[27,27,42,45],"is_endless":false,"potions_floor_spawned":[1,10,16,19,20,24,33,37,44,46],"ascension_level":0}}