{"host":"bnypxyuqqfhejs48","time":1608106490,"event":{"mods":["AchievementEnabler","BaseMod","Colored Map","Colored Powertips","Downfall","Hermit","MarisaÅiñ∂âJÅ@ñÇóùçπÅj","Minty Spire (QoL Compilation)","Permanent Neow","Quick Restart","Relic Sorter","StSLib"],"gold_per_floor":[99,199,199,499,424,434,434,13,43,43,218,231,231,247,258,258,258],"floor_reached":16,"playtime":618,"items_purged":["Regret"],"score":103,"play_id":"4e8669f7-5aa3-421f-b888-6eb5e68f40a1","local_time":"20201216021450","is_ascension_mode":true,"campfire_choices":[{"floor":1,"key":"RECALL"},{"data":"hexamod:Float","floor":5,"key":"SMITH"},{"data":"hexamod:UnleashSpirits","floor":10,"key":"SMITH"}],"circlet_count":0,"master_deck":["hexamod:Strike","hexamod:Strike+1","hexamod:Strike","hexamod:Strike+1","hexamod:Defend","hexamod:Defend","hexamod:Defend","hexamod:Defend+1","hexamod:Sear","hexamod:Float+1","hexamod:UnleashSpirits+1","Regret","hexamod:NightmareGuise","hexamod:GhostLash","hexamod:GhostShield","Doubt","hexamod:UnleashSpirits","hexamod:ShieldOfDarkness","hexamod:GhostOfSpirePresent"],"relics":["hexamod:SpiritBrand","Old Coin","downfall:HeartBlessingRed","Kunai","MealTicket","Blood Vial","WingedGreaves"],"acts_visited":["Exordium"],"potions_floor_usage":[],"damage_taken":[{"damage":2,"enemies":"Small Slimes","floor":6,"turns":3},{"damage":7,"enemies":"downfall:FleeingMerchant","floor":8,"turns":4},{"damage":33,"enemies":"3 Sentries","floor":9,"turns":9},{"damage":2,"enemies":"Jaw Worm","floor":12,"turns":4},{"damage":4,"enemies":"2 Louse","floor":14,"turns":4},{"damage":19,"enemies":"Lots of Slimes","floor":15,"turns":6},{"damage":16,"enemies":"downfall:Silent","floor":16,"turns":4}],"seed_played":"-5132740569447238375","potions_obtained":[{"floor":6,"key":"Guardian:BlockOnCardUsePotion"},{"floor":15,"key":"SpeedPotion"}],"is_trial":false,"path_per_floor":["R","?","?","?","R","M","T","$","E","R","?","M","?","M","M","B"],"character_chosen":"THE_SPIRIT","items_purchased":["hexamod:GhostOfSpireFuture","MealTicket","Blood Vial"],"campfire_rested":0,"item_purchase_floors":[8,8,8],"current_hp_per_floor":[70,70,70,70,70,68,68,61,30,30,30,30,30,28,11,0,0],"gold":258,"neow_bonus":"ONE_RANDOM_RARE_CARD","is_daily":false,"chose_seed":false,"campfire_upgraded":2,"win_rate":0.0,"timestamp":1608106490,"path_taken":["R","?","?","?","R","M","T","$","E","R","?","?","?","M","M","BOSS"],"items_purchased_type":["Card","Relic","Relic"],"build_version":"2020-12-13","purchased_purges":1,"victory":false,"max_hp_per_floor":[70,70,70,70,70,70,70,70,70,70,70,70,70,70,70,70,70],"card_choices":[{"not_picked":["hexamod:BurningTouch","hexamod:BacktrackSmack"],"picked":"hexamod:NightmareGuise","floor":6},{"not_picked":["hexamod:PhantomCloak","hexamod:NightmareStrike"],"picked":"hexamod:GhostLash","floor":8},{"not_picked":["hexamod:NightmareGuise","hexamod:RetreatToShadows"],"picked":"hexamod:GhostShield","floor":9},{"not_picked":["hexamod:DynamicBlow","hexamod:SwordOfDarkness"],"picked":"hexamod:UnleashSpirits","floor":12},{"not_picked":["hexamod:Firestarter","hexamod:BacktrackSmack","hexamod:ThermalTransfer"],"picked":"SKIP","floor":14},{"not_picked":["hexamod:Firestarter","hexamod:DynamicBlow"],"picked":"hexamod:GhostOfSpirePresent","floor":15}],"player_experience":295811,"relics_obtained":[{"floor":7,"key":"Kunai"},{"floor":9,"key":"WingedGreaves"}],"event_choices":[{"damage_healed":0,"gold_gain":0,"player_choice":"Box","damage_taken":0,"relics_obtained":["Old Coin"],"max_hp_gain":0,"max_hp_loss":0,"event_name":"Big Fish","floor":4,"gold_loss":0,"cards_obtained":["Regret"]},{"damage_healed":0,"gold_gain":0,"cards_transformed":["hexamod:GhostOfSpireFuture"],"player_choice":"Transformed","damage_taken":0,"max_hp_gain":0,"max_hp_loss":0,"event_name":"Transmorgrifier","floor":13,"gold_loss":0,"cards_obtained":["hexamod:ShieldOfDarkness"]}],"is_beta":false,"boss_relics":[],"items_purged_floors":[8],"is_endless":false,"potions_floor_spawned":[6,15],"killed_by":"downfall:Silent","ascension_level":1}}