{"host":"yvlk1m4foro8gl4v","time":1608132352,"event":{"mods":["AchievementEnabler","Act Like it!","BaseMod","Minty Spire (QoL Compilation)","Relic Stats","StSLib","The Servant 0.9.4","Uncapped","Wandering Minibosses"],"gold_per_floor":[109,119,119,137,137,137,165,165,192,224,244,256,256,286,286,391,391,401,174,163,175,100,129,129,149,149,159,84,84,13,29,29,132,132,151,151,167,180,28,28,58,58,58,108,31,47,47,62,62,62,62,62,62,94,94,94],"floor_reached":55,"playtime":5366,"items_purged":["Strike_S"],"score":861,"play_id":"5f5cf3cc-7bd4-48bc-93df-8ba448bec280","local_time":"20201216152552","is_ascension_mode":true,"campfire_choices":[{"data":"Bandage Up","floor":6,"key":"SMITH"},{"data":"KidneyShot","floor":8,"key":"SMITH"},{"floor":13,"key":"REST"},{"data":"Barrier","floor":15,"key":"SMITH"},{"data":"MurderousAura","floor":24,"key":"SMITH"},{"floor":32,"key":"REST"},{"floor":40,"key":"REST"},{"floor":47,"key":"RECALL"},{"floor":49,"key":"REST"},{"data":"SilverBlades","floor":52,"key":"SMITH"}],"circlet_count":0,"master_deck":["Strike_S","Defend_S","Defend_S","Defend_S","Defend_S","KidneyShot+1","Exchange","BestPractice+1","Bandage Up+1","Contraction","Barrier+1","MurderousAura+1","BottledTime+1","SilverBlades+1","Moondial","FlawlessForm","SilverBlades+1","Spin","Parasite","Luminosity+1","Moonlight","DualDimension+1"],"relics":["Uniform","NeowsBlessing","Orichalcum","Bag of Preparation","Juzu Bracelet","Odd Mushroom","Velvet Choker","Strange Spoon","Eternal Feather","StoneMask","Regal Pillow","Art of War","Boot","StoneCalendar","Oddly Smooth Stone"],"acts_visited":["Exordium","TheCity","TheBeyond","TheEnding"],"potions_floor_usage":[14,14,25,31,31,38,55,55,55],"damage_taken":[{"damage":0,"enemies":"Jaw Worm","floor":1,"turns":1},{"damage":0,"enemies":"Small Slimes","floor":2,"turns":1},{"damage":0,"enemies":"Cultist","floor":4,"turns":1},{"damage":33,"enemies":"3 Sentries","floor":7,"turns":14},{"damage":6,"enemies":"Lagavulin","floor":10,"turns":9},{"damage":19,"enemies":"Large Slime","floor":11,"turns":5},{"damage":3,"enemies":"Looter","floor":12,"turns":4},{"damage":4,"enemies":"The Mushroom Lair","floor":14,"turns":7},{"damage":0,"enemies":"Slime Boss","floor":16,"turns":25},{"damage":3,"enemies":"3 Byrds","floor":18,"turns":8},{"damage":5,"enemies":"2 Thieves","floor":20,"turns":4},{"damage":2,"enemies":"Snake Plant","floor":21,"turns":6},{"damage":19,"enemies":"Book of Stabbing","floor":23,"turns":8},{"damage":41,"enemies":"Sentry and Sphere","floor":25,"turns":13},{"damage":10,"enemies":"Centurion and Healer","floor":27,"turns":7},{"damage":0,"enemies":"Chosen and Byrds","floor":31,"turns":7},{"damage":11,"enemies":"Champ","floor":33,"turns":25},{"damage":27,"enemies":"3 Shapes","floor":35,"turns":9},{"damage":11,"enemies":"Orb Walker","floor":37,"turns":5},{"damage":63,"enemies":"Writhing Mass","floor":38,"turns":10},{"damage":3,"enemies":"Giant Head","floor":41,"turns":13},{"damage":19,"enemies":"Mind Bloom Boss Battle","floor":44,"turns":11},{"damage":4,"enemies":"Maw","floor":46,"turns":8},{"damage":27,"enemies":"Jaw Worm Horde","floor":48,"turns":6},{"damage":84,"enemies":"Time Eater","floor":50,"turns":14},{"damage":68,"enemies":"Shield and Spear","floor":54,"turns":9},{"damage":38,"enemies":"The Heart","floor":55,"turns":8}],"seed_played":"436927224335801080","potions_obtained":[{"floor":1,"key":"Ancient Potion"},{"floor":4,"key":"SkillPotion"},{"floor":11,"key":"Swift Potion"},{"floor":16,"key":"PowerPotion"},{"floor":20,"key":"BlessingOfTheForge"},{"floor":25,"key":"AttackPotion"},{"floor":31,"key":"Dexterity Potion"},{"floor":33,"key":"Energy Potion"},{"floor":35,"key":"PowerPotion"},{"floor":38,"key":"Ancient Potion"},{"floor":54,"key":"Dexterity Potion"}],"is_trial":false,"path_per_floor":["M","M","?","M","?","R","E","R","T","E","M","M","R","?","R","B",null,"M","$","M","M","$","E","R","M","T","M","?","?","$","M","R","B",null,"M","?","M","M","$","R","E","?","T","?","$","M","R","M","R","B",null,"R","$","E","B"],"character_chosen":"THE_SERVANT","items_purchased":["SilverBlades","Strange Spoon","FlawlessForm","Regal Pillow","Moonlight"],"campfire_rested":4,"item_purchase_floors":[19,19,30,39,45],"current_hp_per_floor":[65,65,65,65,65,65,38,38,38,38,25,28,47,49,49,55,65,65,65,60,64,64,63,65,30,30,32,32,21,21,33,63,70,70,62,62,60,6,6,55,61,61,61,51,51,56,68,56,81,18,82,82,82,26,0,0],"gold":94,"neow_bonus":"THREE_ENEMY_KILL","is_daily":false,"chose_seed":false,"campfire_upgraded":5,"win_rate":0.0,"timestamp":1608132352,"path_taken":["M","M","?","M","?","R","E","R","T","E","M","M","R","?","R","BOSS","M","$","M","M","$","E","R","M","T","M","?","?","$","M","R","BOSS","M","?","M","M","$","R","E","?","T","?","$","M","R","M","R","BOSS","R","$","E","BOSS"],"items_purchased_type":["Card","Relic","Card","Relic","Card"],"build_version":"2020-12-13","purchased_purges":1,"victory":false,"max_hp_per_floor":[65,65,65,65,65,65,65,65,65,65,65,65,65,65,65,65,65,65,65,65,65,65,65,65,65,65,65,65,70,70,70,70,70,70,73,73,74,75,75,75,76,76,76,77,77,78,78,81,81,82,82,82,82,84,84,84],"relic_stats":{"Strange Spoon":[63],"Regal Pillow":15,"counters":[27,238],"Eternal Feather":47,"StoneCalendar":[178],"Bag of Preparation":[46],"Juzu Bracelet":2,"Art of War":[17],"Orichalcum":[588],"Boot":[3],"obtain_stats":[{"Regal Pillow":39,"NeowsBlessing":0,"StoneMask":34,"Velvet Choker":17,"Oddly Smooth Stone":54,"Eternal Feather":23,"StoneCalendar":44,"Uniform":0,"Bag of Preparation":9,"Juzu Bracelet":10,"Orichalcum":7,"Odd Mushroom":14,"Boot":43,"Strange Spoon":19,"Art of War":41},{"Regal Pillow":20,"NeowsBlessing":0,"StoneMask":17,"Velvet Choker":9,"Oddly Smooth Stone":26,"Eternal Feather":13,"StoneCalendar":22,"Uniform":0,"Bag of Preparation":4,"Juzu Bracelet":5,"Orichalcum":4,"Odd Mushroom":8,"Boot":21,"Strange Spoon":10,"Art of War":21},{"Regal Pillow":169,"NeowsBlessing":0,"StoneMask":145,"Velvet Choker":67,"Oddly Smooth Stone":230,"Eternal Feather":93,"StoneCalendar":193,"Uniform":0,"Bag of Preparation":17,"Juzu Bracelet":26,"Orichalcum":17,"Odd Mushroom":42,"Boot":182,"Strange Spoon":75,"Art of War":182}]},"card_choices":[{"not_picked":["Reset","Rearm"],"picked":"BestPractice","floor":1},{"not_picked":["Desolation","DoubleEdge","ShatteredReality"],"picked":"SKIP","floor":2},{"not_picked":["Rewind","Replace","SpecialFormula"],"picked":"SKIP","floor":4},{"not_picked":["ShatteredReality","Revamp","FastForward"],"picked":"SKIP","floor":7},{"not_picked":["Manipulate","StarChef","TimeWarp"],"picked":"SKIP","floor":10},{"not_picked":["Manipulate","StarChef","TimeWarp"],"picked":"SKIP","floor":10},{"not_picked":["Spin","Alleviate"],"picked":"Contraction","floor":11},{"not_picked":["Rewind","Deadline","StarChef"],"picked":"SKIP","floor":12},{"not_picked":["Starlight","TheWorld"],"picked":"Barrier","floor":14},{"not_picked":["LightFlow","Sunlight"],"picked":"MurderousAura","floor":16},{"not_picked":["Deadline","Starlight"],"picked":"BottledTime+1","floor":18},{"not_picked":["Rearm","FastForward","Advance"],"picked":"SKIP","floor":20},{"not_picked":["Defy+1","Replace","Spin"],"picked":"SKIP","floor":21},{"not_picked":["MoonPhase","Alleviate"],"picked":"Moondial","floor":23},{"not_picked":["Alleviate","TimeWarp","Unruled"],"picked":"SKIP","floor":25},{"not_picked":["Solidify","TimeWarp","Defy"],"picked":"SKIP","floor":27},{"not_picked":["FastForward+1","Spin","Deadline"],"picked":"SKIP","floor":31},{"not_picked":["Ricochet+1","Rewind"],"picked":"SilverBlades+1","floor":35},{"not_picked":["Advance+1","Read"],"picked":"Spin","floor":37},{"not_picked":["Rewind+1","Snipe"],"picked":"Luminosity","floor":38},{"not_picked":["Reset","Unruled","TimeWarp"],"picked":"SKIP","floor":41},{"not_picked":["Potential","Read+1","Rearm+1"],"picked":"SKIP","floor":46},{"not_picked":["FastForward+1","Deadline","GearUp"],"picked":"SKIP","floor":48},{"not_picked":["TimeTheft+1","ForgedInTime"],"picked":"DualDimension+1","floor":54}],"player_experience":694333,"relics_obtained":[{"floor":7,"key":"Orichalcum"},{"floor":9,"key":"Bag of Preparation"},{"floor":10,"key":"Juzu Bracelet"},{"floor":14,"key":"Odd Mushroom"},{"floor":23,"key":"Eternal Feather"},{"floor":41,"key":"Art of War"},{"floor":43,"key":"Boot"},{"floor":44,"key":"StoneCalendar"},{"floor":54,"key":"Oddly Smooth Stone"}],"event_choices":[{"damage_healed":0,"gold_gain":0,"player_choice":"Grow","damage_taken":0,"max_hp_gain":0,"max_hp_loss":0,"event_name":"Living Wall","floor":3,"gold_loss":0,"cards_upgraded":["BestPractice"]},{"damage_healed":0,"gold_gain":0,"player_choice":"1 cards matched","damage_taken":0,"max_hp_gain":0,"max_hp_loss":0,"event_name":"Match and Keep!","floor":5,"gold_loss":0,"cards_obtained":["Bandage Up"]},{"damage_healed":0,"gold_gain":0,"player_choice":"Fought Mushrooms","damage_taken":0,"max_hp_gain":0,"max_hp_loss":0,"event_name":"Mushrooms","floor":14,"gold_loss":0},{"cards_removed":["Strike_S"],"damage_healed":0,"gold_gain":0,"player_choice":"Gave Gold","damage_taken":0,"max_hp_gain":0,"max_hp_loss":0,"event_name":"Beggar","floor":28,"gold_loss":75},{"damage_healed":0,"gold_gain":0,"player_choice":"Shed Blood","damage_taken":16,"max_hp_gain":5,"max_hp_loss":0,"event_name":"Forgotten Altar","floor":29,"gold_loss":0},{"cards_removed":["Strike_S"],"damage_healed":0,"gold_gain":0,"player_choice":"Removed Attack","damage_taken":0,"max_hp_gain":0,"max_hp_loss":0,"event_name":"Falling","floor":36,"gold_loss":0},{"damage_healed":0,"gold_gain":0,"player_choice":"Upgraded","damage_taken":0,"max_hp_gain":0,"max_hp_loss":0,"event_name":"Upgrade Shrine","floor":42,"gold_loss":0,"cards_upgraded":["Luminosity"]},{"damage_healed":0,"gold_gain":0,"player_choice":"Fight","damage_taken":0,"max_hp_gain":0,"max_hp_loss":0,"event_name":"MindBloom","floor":44,"gold_loss":0}],"is_beta":false,"boss_relics":[{"not_picked":["Runic Pyramid","Cursed Key"],"picked":"Velvet Choker"},{"not_picked":["Pandora\u0027s Box","Snecko Eye"],"picked":"StoneMask"}],"items_purged_floors":[22],"is_endless":false,"potions_floor_spawned":[1,4,11,16,20,21,25,31,33,35,38,54],"killed_by":"The Heart","ascension_level":3}}