{"host":"o3b7ow6d1xe49css","time":1608077638,"event":{"mods":["2.2 Compatiblity","Act Like it!","Aspiration","BaseMod","Bestiary","Better Altar","Better Match","Better Note","Better Sensory Stone","Better Skull","Better Third Choice","Colored Powertips","Conspire","Downfall","Elementarium","Energized Spire","Force Act Four","GifTheSpireLib","Halation","Hermit","Hubris","Infinite Spire","Minty Spire (QoL Compilation)","Quick Restart","Replay The Spire","Spicy Shops","Spikes Relics","StSLib","Stuff the Spire","The Blue Laboratory","The Jungle","Wandering Minibosses","vexMod"],"gold_per_floor":[109,129,147,160,160,195,195,223,223,223,251,251,20,46,46,146,146,165,181,456,11,28,28,57,85,85,111,111,138,173,28,28,132,132,146,146,146,496,496,496,496,496,496,496,17,50,50,50,50,50,50,50,50,77,175],"floor_reached":56,"playtime":2534,"items_purged":["Regret","Strike_G","Strike_G"],"score":1758,"play_id":"df392d52-9f5b-4941-8d4f-5b882d1380f0","local_time":"20201215151358","daily_mods":["Heirloom","Flight"],"is_ascension_mode":true,"campfire_choices":[{"data":"Cloak And Dagger","floor":7,"key":"SMITH"},{"floor":12,"key":"RECALL"},{"data":"Noxious Fumes","floor":15,"key":"SMITH"},{"data":"Noxious Fumes","floor":23,"key":"SMITH"},{"floor":28,"key":"REST"},{"floor":32,"key":"REST"},{"floor":40,"key":"REST"},{"floor":41,"key":"REST"},{"data":"Envenom","floor":47,"key":"SMITH"},{"data":"Wraith Form v2","floor":49,"key":"SMITH"},{"data":"Catalyst","floor":52,"key":"SMITH"}],"circlet_count":0,"master_deck":["Defend_G","Defend_G","Defend_G","Defend_G","Defend_G","Survivor","Neutralize","Cloak And Dagger+1","Masterful Stab","Dagger Spray","Bouncing Flask","Cloak And Dagger","PiercingWail","Noxious Fumes","Noxious Fumes+1","Prepared","Glass Knife","Deflect+1","Prepared","Noxious Fumes+1","Outmaneuver+1","Glass Knife+1","Skewer+1","conspire:PoisonWeapons+1","Wraith Form v2+1","Bane+1","Catalyst+1","Envenom+1"],"relics":["Ring of the Serpent","Ring of Chaos","Turnip","Ninja Scroll","halation:EternalFortune","Happy Flower","conspire:Dentures","Garlic","Bottled Flame","infinitespire:Satchel","Odd Mushroom","Omamori","vexMod:MemoryStick","hubris:BottledRain","StuffTheSpire:HeavyRock","hubris:SlimyHat","hubris:GlazedTorus","OrangePellets","Astrolabe","Old Coin","wanderingMiniBosses:OtherGremlinHorn","TheAbacus","Peace Pipe","Snake Skull","Bronze Scales","Molten Egg 2","Lantern"],"acts_visited":["Exordium","TheCity","TheBeyond","TheEnding"],"potions_floor_usage":[2,8,16,18,25,27,29,35,50,55],"damage_taken":[{"damage":0,"enemies":"conspire:RoseBush","floor":1,"turns":6},{"damage":3,"enemies":"Jaw Worm","floor":2,"turns":5},{"damage":0,"enemies":"2 Louse","floor":3,"turns":1},{"damage":5,"enemies":"conspire:2 RoseBushes","floor":4,"turns":9},{"damage":0,"enemies":"3 Sentries","floor":6,"turns":3},{"damage":0,"enemies":"Lagavulin","floor":8,"turns":5},{"damage":0,"enemies":"Replay:BlueRogue","floor":11,"turns":4},{"damage":7,"enemies":"The Mushroom Lair","floor":14,"turns":5},{"damage":29,"enemies":"Fading Forest","floor":16,"turns":11},{"damage":10,"enemies":"conspire:FuzzyDice","floor":18,"turns":7},{"damage":9,"enemies":"2 Thieves","floor":19,"turns":3},{"damage":0,"enemies":"Chosen and Byrds","floor":22,"turns":5},{"damage":0,"enemies":"Replay:Snechameleon","floor":24,"turns":4},{"damage":17,"enemies":"Book of Stabbing","floor":25,"turns":4},{"damage":2,"enemies":"Replay:Snechameleon","floor":27,"turns":4},{"damage":14,"enemies":"Nightmare","floor":29,"turns":7},{"damage":10,"enemies":"conspire:Head Lice","floor":30,"turns":5},{"damage":35,"enemies":"Automaton","floor":33,"turns":7},{"damage":38,"enemies":"3 Darklings","floor":35,"turns":7},{"damage":0,"enemies":"Mind Bloom Boss Battle","floor":38,"turns":7},{"damage":0,"enemies":"Giant Head","floor":46,"turns":5},{"damage":22,"enemies":"Donu and Deca","floor":50,"turns":6},{"damage":42,"enemies":"Shield and Spear","floor":54,"turns":5},{"damage":16,"enemies":"The Heart","floor":55,"turns":7}],"seed_played":"4194868333373522562","potions_obtained":[{"floor":1,"key":"SteroidPotion"},{"floor":4,"key":"Reflective Coating"},{"floor":11,"key":"Block Potion"},{"floor":14,"key":"PowerPotion"},{"floor":22,"key":"blueLaboratory:EnvenomedCoating"},{"floor":25,"key":"DistilledChaos"},{"floor":27,"key":"AttackPotion"},{"floor":30,"key":"Energy Potion"},{"floor":46,"key":"blueLaboratory:FruitPunch"},{"floor":54,"key":"blueLaboratory:HummingbirdPotion"}],"is_trial":true,"path_per_floor":["M","M","M","M","?","E","R","E","T","?","E","R","$","?","R","B",null,"M","M","?","$","M","R","E","E","T","E","R","NM","E","$","R","B",null,"M","?","?","?","?","R","R","AVR","T","$","$","E","R","$","R","B",null,"R","$","E","B",null],"character_chosen":"THE_SILENT","items_purchased":["Noxious Fumes","infinitespire:Satchel","Noxious Fumes","Omamori","OrangePellets","Snake Skull","Catalyst","Bronze Scales"],"campfire_rested":4,"item_purchase_floors":[13,13,21,21,31,45,45,45],"current_hp_per_floor":[70,67,67,62,65,65,65,65,65,65,65,65,65,58,58,51,68,58,49,49,49,49,49,49,32,32,30,51,37,27,27,48,13,58,23,23,8,11,11,34,57,57,57,57,57,60,60,60,60,40,73,73,73,31,15],"gold":175,"neow_bonus":"","is_daily":false,"chose_seed":false,"campfire_upgraded":6,"win_rate":0.0,"timestamp":1608077638,"path_taken":["M","M","M","M","?","E","R","E","T","?","E","R","$","?","R","BOSS","M","M","?","$","?","R","E","E","T","E","R","NM","E","?","R","BOSS","M","?","?","?","?","R","R","AVR","T","$","$","E","R","?","R","BOSS","R","$","E","BOSS"],"items_purchased_type":["Card","Relic","Card","Relic","Relic","Relic","Card","Relic"],"build_version":"2020-12-13","purchased_purges":3,"victory":true,"max_hp_per_floor":[70,70,70,70,73,73,73,73,73,73,73,73,73,73,73,73,73,73,73,73,73,73,73,73,73,73,73,73,73,73,73,73,73,73,76,76,76,79,79,79,79,79,79,79,79,82,82,82,82,84,84,84,84,84,84],"card_choices":[{"not_picked":["Replay:Poison Smokescreen","Draining Mist"],"picked":"Cloak And Dagger","floor":1},{"not_picked":["Underhanded Strike","Outmaneuver"],"picked":"Masterful Stab","floor":2},{"not_picked":["Skewer","ReplayTheSpireMod:Speed Training"],"picked":"Dagger Spray","floor":3},{"not_picked":["Caltrops","Distraction"],"picked":"Bouncing Flask","floor":4},{"not_picked":["Deflect","Riddle With Holes","hubris:Sniper"],"picked":"SKIP","floor":6},{"not_picked":["StuffTheSpire:Incursion","Skewer"],"picked":"Cloak And Dagger","floor":8},{"not_picked":["Escape Plan","Underhanded Strike"],"picked":"PiercingWail","floor":11},{"not_picked":["Hidden Blade","hubris:TrickCloak"],"picked":"Prepared","floor":14},{"not_picked":["Venomology","Unload"],"picked":"Glass Knife","floor":16},{"not_picked":["Setup+1","Bane"],"picked":"Deflect+1","floor":18},{"not_picked":["ReplayTheSpireMod:Speed Training","Backstab"],"picked":"Prepared","floor":19},{"not_picked":["hubris:Counter","Dash","Dodge and Roll"],"picked":"SKIP","floor":22},{"not_picked":["StuffTheSpire:ReptileScales","StuffTheSpire:Incursion","Flying Knee"],"picked":"SKIP","floor":24},{"not_picked":["Underhanded Strike","Accuracy"],"picked":"Outmaneuver+1","floor":25},{"not_picked":["Blade Dance","Dodge and Roll+1","Underhanded Strike+1"],"picked":"SKIP","floor":27},{"not_picked":["Finisher","hubris:SlightOfHand","StuffTheSpire:BumpUp"],"picked":"SKIP","floor":29},{"not_picked":["Night Terror","StuffTheSpire:Injection+1","Die Die Die"],"picked":"SKIP","floor":30},{"not_picked":["Sucker Punch+1","Dash","InfectiousVector+1"],"picked":"SKIP","floor":35},{"not_picked":["Bouncing Flask+1","Dagger Spray+1"],"picked":"Bane+1","floor":38},{"not_picked":["Acrobatics+1","PiercingWail"],"picked":"Envenom","floor":46},{"not_picked":["Fluid Movement","Outmaneuver+1","Pace"],"picked":"SKIP","floor":54}],"player_experience":1712342,"relics_obtained":[{"floor":6,"key":"Happy Flower"},{"floor":8,"key":"conspire:Dentures"},{"floor":9,"key":"Garlic"},{"floor":11,"key":"Bottled Flame"},{"floor":14,"key":"Odd Mushroom"},{"floor":24,"key":"vexMod:MemoryStick"},{"floor":25,"key":"hubris:BottledRain"},{"floor":27,"key":"StuffTheSpire:HeavyRock"},{"floor":29,"key":"hubris:SlimyHat"},{"floor":30,"key":"hubris:GlazedTorus"},{"floor":35,"key":"halation:EternalFortune"},{"floor":38,"key":"Old Coin"},{"floor":38,"key":"wanderingMiniBosses:OtherGremlinHorn"},{"floor":38,"key":"halation:EternalFortune"},{"floor":43,"key":"Peace Pipe"},{"floor":46,"key":"halation:EternalFortune"},{"floor":46,"key":"Molten Egg 2"},{"floor":54,"key":"Lantern"}],"event_choices":[{"damage_healed":0,"gold_gain":0,"player_choice":"Leave","damage_taken":0,"max_hp_gain":0,"max_hp_loss":0,"event_name":"conspire:Investor","floor":10,"gold_loss":0},{"damage_healed":0,"gold_gain":0,"player_choice":"Fought Mushrooms","damage_taken":0,"max_hp_gain":0,"max_hp_loss":0,"event_name":"Mushrooms","floor":14,"gold_loss":0},{"damage_healed":0,"gold_gain":275,"player_choice":"Desecrate","damage_taken":0,"max_hp_gain":0,"max_hp_loss":0,"event_name":"Golden Shrine","floor":20,"gold_loss":0,"cards_obtained":["Regret"]},{"damage_healed":0,"gold_gain":3,"player_choice":"2","damage_taken":0,"max_hp_gain":0,"max_hp_loss":15,"event_name":"betterStone:BetterStone","floor":37,"gold_loss":0},{"damage_healed":0,"gold_gain":0,"player_choice":"Fight","damage_taken":0,"max_hp_gain":0,"max_hp_loss":0,"event_name":"MindBloom","floor":38,"gold_loss":0},{"damage_healed":0,"gold_gain":0,"player_choice":"Ignored","damage_taken":0,"max_hp_gain":0,"max_hp_loss":0,"event_name":"Mysterious Sphere","floor":39,"gold_loss":0}],"is_beta":false,"boss_relics":[{"not_picked":["Sozu","Replay:Fungal Core"],"picked":"Ring of the Serpent"},{"not_picked":["Cursed Key","halation:PinkAlligatorPlush"],"picked":"Astrolabe"}],"items_purged_floors":[21,42,45],"is_endless":true,"potions_floor_spawned":[1,4,11,14,22,25,27,30,46,54],"ascension_level":5}}