{"host":"l2dnabsh5e0fsksb","time":1608077296,"event":{"mods":["2.2 Compatiblity","BaseMod","Downfall","Minty Spire (QoL Compilation)","Quick Restart","StSLib"],"gold_per_floor":[99,99,24,24,52,52,52,69,69,96,114,114,114,389,399,477,477,477,488,488,27,47,32,32,32,62,62,20,35,60,16,26,101,101,26,26,45,45,59,76,103,137,137,168,168,7,23,74,74,74],"floor_reached":49,"playtime":1585,"items_purged":["Regret"],"score":1051,"play_id":"80818e12-999a-480b-9753-d4dddf541bda","local_time":"20201216103816","is_ascension_mode":true,"campfire_choices":[{"floor":1.0,"key":"RECALL"},{"data":"Slimebound:Split","floor":3.0,"key":"SMITH"},{"data":"Slimebound:SplitAcid","floor":6.0,"key":"SMITH"},{"data":"Slimebound:SplitLeeching","floor":9.0,"key":"SMITH"},{"data":"Slimebound:MassFeed","floor":18.0,"key":"SMITH"},{"data":"Slimebound:LevelUp","floor":25.0,"key":"SMITH"},{"data":"Slimebound:Repurpose","floor":27.0,"key":"SMITH"},{"data":"Slimebound:Darklings","floor":35.0,"key":"SMITH"},{"data":"Slimebound:LevelUp","floor":38.0,"key":"SMITH"},{"data":"Slimebound:Overexert","floor":43.0,"key":"SMITH"}],"circlet_count":0,"master_deck":["AscendersBane","Slimebound:Strike_Slimebound","Slimebound:Strike_Slimebound","Slimebound:Defend_Slimebound","Slimebound:Defend_Slimebound","Slimebound:Defend_Slimebound","Slimebound:Defend_Slimebound","Slimebound:Split+1","Slimebound:CorrosiveSpit+1","Slimebound:SplitLeeching+1","Slimebound:SplitAcid+1","Slimebound:Prepare","Slimebound:SplitAcid+1","Slimebound:SplitBruiser","Slimebound:RejuvenatingLick","Slimebound:AcidTongue","Slimebound:MassFeed+1","Slimebound:GoopSpray","Slimebound:SplitMire","Slimebound:Split+1","Slimebound:Repurpose+1","Slimebound:LevelUp+1","Slimebound:Overexert+1","Slimebound:RainOfGoop","Slimebound:SplitSpecialist","Slimebound:SplitSpecialist","Slimebound:MegaLick","Slimebound:LeadByExample","Slimebound:LevelUp+1","Slimebound:SplitAcid","Slimebound:Darklings+1","Slimebound:SplitBruiser","Slimebound:SplitLeeching"],"relics":["Slimebound:AbsorbEndCombat","downfall:HeartsMalice","downfall:HeartBlessingRed","Vajra","Bag of Marbles","StoneCalendar","SlaversCollar","DollysMirror","Blood Vial","Potion Belt","Guardian:PocketSentry","Sling","Red Mask","Busted Crown","downfall:HeartBlessingBlue","Lantern","Meat on the Bone","Pen Nib","ClockworkSouvenir","Incense Burner"],"acts_visited":["Exordium","TheCity","TheBeyond"],"potions_floor_usage":[47,47,48],"damage_taken":[{"damage":0.0,"enemies":"Cultist","floor":2.0,"turns":1.0},{"damage":0.0,"enemies":"2 Louse","floor":4.0,"turns":1.0},{"damage":0.0,"enemies":"3 Sentries","floor":5.0,"turns":1.0},{"damage":19.0,"enemies":"Small Slimes","floor":8.0,"turns":3.0},{"damage":19.0,"enemies":"Gremlin Nob","floor":10.0,"turns":3.0},{"damage":15.0,"enemies":"Lots of Slimes","floor":11.0,"turns":2.0},{"damage":25.0,"enemies":"Exordium Thugs","floor":15.0,"turns":3.0},{"damage":47.0,"enemies":"downfall:Watcher","floor":16.0,"turns":5.0},{"damage":47.0,"enemies":"Shell Parasite","floor":19.0,"turns":7.0},{"damage":28.0,"enemies":"downfall:FleeingMerchant","floor":21.0,"turns":4.0},{"damage":33.0,"enemies":"3 Byrds","floor":22.0,"turns":3.0},{"damage":38.0,"enemies":"downfall:FleeingMerchant","floor":23.0,"turns":4.0},{"damage":44.0,"enemies":"Book of Stabbing","floor":26.0,"turns":4.0},{"damage":37.0,"enemies":"downfall:FleeingMerchant","floor":28.0,"turns":4.0},{"damage":29.0,"enemies":"Centurion and Healer","floor":29.0,"turns":3.0},{"damage":22.0,"enemies":"Masked Bandits","floor":30.0,"turns":2.0},{"damage":33.0,"enemies":"Snake Plant","floor":32.0,"turns":3.0},{"damage":74.0,"enemies":"downfall:Silent","floor":33.0,"turns":6.0},{"damage":16.0,"enemies":"3 Shapes","floor":37.0,"turns":2.0},{"damage":36.0,"enemies":"Orb Walker","floor":39.0,"turns":4.0},{"damage":33.0,"enemies":"4 Shapes","floor":40.0,"turns":2.0},{"damage":60.0,"enemies":"Reptomancer","floor":42.0,"turns":4.0},{"damage":100.0,"enemies":"Nemesis","floor":44.0,"turns":7.0},{"damage":24,"enemies":"Sphere and 2 Shapes","floor":47,"turns":3},{"damage":68,"enemies":"2 Orb Walkers","floor":48,"turns":4},{"damage":27,"enemies":"Maw","floor":49,"turns":2}],"seed_played":"-8028809280538865910","potions_obtained":[{"floor":8.0,"key":"DistilledChaos"},{"floor":15.0,"key":"PowerPotion"},{"floor":16.0,"key":"Fire Potion"},{"floor":22.0,"key":"Slimebound:SlimedPotion"},{"floor":29.0,"key":"Dexterity Potion"},{"floor":30.0,"key":"Ancient Potion"},{"floor":33.0,"key":"BlessingOfTheForge"},{"floor":37.0,"key":"AttackPotion"},{"floor":39.0,"key":"champ:CounterPotion"},{"floor":44.0,"key":"Explosive Potion"},{"floor":47,"key":"ColorlessPotion"}],"is_trial":false,"path_per_floor":["R","M","R","M","E","R","T","M","R","E","M","?","?","?","M","B",null,"R","M","?","$","M","$","T","R","E","R","$","M","?","$","M","B",null,"R","$","M","R","M","M","T","E","R","E","?","$","M","?","M"],"character_chosen":"SLIMEBOUND","items_purchased":["DollysMirror","Blood Vial","Slimebound:Repurpose","Guardian:PocketSentry","Sling","Slimebound:SplitSpecialist","Slimebound:LevelUp","ClockworkSouvenir"],"campfire_rested":0,"item_purchase_floors":[21,21,21,28,28,28,31,46],"current_hp_per_floor":[49,49,49,49,49,49,49,48,48,49,42,42,42,42,45,30,48,48,27,27,29,32,34,34,34,28,28,39,34,32,32,33,21,58,68,68,92,92,76,73,73,51,51,33,33,33,49,21,0,0],"gold":74,"neow_bonus":"THREE_ENEMY_KILL","is_daily":false,"chose_seed":false,"campfire_upgraded":9,"win_rate":0.0,"timestamp":1608077296,"path_taken":["R","?","R","M","E","R","T","M","R","E","M","?","?","?","M","BOSS","R","?","?","?","M","$","T","R","E","R","$","M","?","?","M","BOSS","R","$","M","R","M","M","T","E","R","E","?","$","M","?","M"],"items_purchased_type":["Relic","Relic","Card","Relic","Relic","Card","Card","Relic"],"build_version":"2020-12-13","purchased_purges":1,"victory":false,"max_hp_per_floor":[54,54,54,54,54,54,54,54,54,54,54,54,54,54,54,54,54,54,54,54,54,58,58,58,58,62,62,66,66,66,66,70,70,70,80,80,92,92,92,104,104,104,104,104,104,104,104,104,104,104],"card_choices":[{"not_picked":["Slimebound:LeechingTouch","Slimebound:PressTheAttack"],"picked":"Slimebound:SplitLeeching","floor":2.0},{"not_picked":["Slimebound:LeechingTouch","Slimebound:ComboTackle"],"picked":"Slimebound:SplitAcid","floor":4.0},{"not_picked":["Slimebound:SlimeSpikes","Slimebound:RollThrough"],"picked":"Slimebound:Prepare","floor":5.0},{"not_picked":["Slimebound:FinishingTackle","Slimebound:Replication"],"picked":"Slimebound:SplitAcid","floor":8.0},{"not_picked":["Slimebound:FirmFortitude","Slimebound:Equalize"],"picked":"Slimebound:SplitBruiser","floor":10.0},{"not_picked":["Slimebound:HungryTackle","Slimebound:Prepare"],"picked":"Slimebound:RejuvenatingLick","floor":11.0},{"not_picked":["Slimebound:FormOfPuddle","Slimebound:SplitBruiser"],"picked":"Slimebound:AcidTongue","floor":15.0},{"not_picked":["Slimebound:TagTeam","Slimebound:WasteNot"],"picked":"Slimebound:MassFeed","floor":16.0},{"not_picked":["Slimebound:DisruptingSlam","Slimebound:Schlurp"],"picked":"Slimebound:GoopSpray","floor":19.0},{"not_picked":["Slimebound:SlimeSlap","Slimebound:LeechingTouch"],"picked":"Slimebound:SplitMire","floor":21.0},{"not_picked":["Slimebound:FinishingTackle","Slimebound:LeechEnergy"],"picked":"Slimebound:LevelUp","floor":22.0},{"not_picked":["Slimebound:SplitAcid","Slimebound:GoopTackle"],"picked":"Slimebound:Overexert","floor":23.0},{"not_picked":["Slimebound:MassFeed","Slimebound:Prepare"],"picked":"Slimebound:RainOfGoop","floor":26.0},{"not_picked":["Slimebound:LeechingTouch","Slimebound:FlameTackle"],"picked":"Slimebound:SplitSpecialist","floor":28.0},{"not_picked":["Slimebound:SlimeSpikes","Slimebound:SplitLeeching"],"picked":"Slimebound:MegaLick","floor":29.0},{"not_picked":["Slimebound:GrowthPunch","Slimebound:Recollect+1"],"picked":"Slimebound:LeadByExample","floor":30.0},{"not_picked":["Slimebound:GrowthPunch","Slimebound:LivingWall"],"picked":"Slimebound:SplitAcid","floor":32.0},{"not_picked":["Slimebound:MassRepurpose","Slimebound:TagTeam"],"picked":"Slimebound:Darklings","floor":33.0},{"not_picked":["Slimebound:FinishingTackle"],"picked":"SKIP","floor":37.0},{"not_picked":["Slimebound:GoopTackle+1"],"picked":"SKIP","floor":39.0},{"not_picked":["Slimebound:SplitAcid"],"picked":"SKIP","floor":40.0},{"not_picked":[],"picked":"Slimebound:SplitBruiser","floor":42.0},{"not_picked":[],"picked":"Slimebound:SplitLeeching","floor":44.0},{"not_picked":["Slimebound:GoopSpray"],"picked":"SKIP","floor":47}],"player_experience":1686980,"relics_obtained":[{"floor":5.0,"key":"Vajra"},{"floor":7.0,"key":"Bag of Marbles"},{"floor":10.0,"key":"StoneCalendar"},{"floor":26.0,"key":"Potion Belt"},{"floor":30.0,"key":"Red Mask"},{"floor":41.0,"key":"Lantern"},{"floor":42.0,"key":"Meat on the Bone"},{"floor":44.0,"key":"Pen Nib"},{"floor":48,"key":"Incense Burner"}],"event_choices":[{"damage_healed":0.0,"max_hp_gain":0.0,"max_hp_loss":0.0,"gold_gain":0.0,"event_name":"Living Wall","player_choice":"Grow","floor":12.0,"gold_loss":0.0,"damage_taken":0.0,"cards_upgraded":["Slimebound:SplitAcid"]},{"damage_healed":0.0,"max_hp_gain":0.0,"max_hp_loss":0.0,"gold_gain":0.0,"event_name":"Accursed Blacksmith","player_choice":"Forge","floor":20.0,"gold_loss":0.0,"damage_taken":0.0,"cards_upgraded":["Slimebound:CorrosiveSpit"]},{"damage_healed":0.0,"max_hp_gain":0.0,"max_hp_loss":0.0,"gold_gain":0.0,"event_name":"Masked Bandits","player_choice":"Fought Bandits","floor":30.0,"gold_loss":0.0,"damage_taken":0.0},{"cards_removed":["Slimebound:Tackle"],"damage_healed":0.0,"max_hp_gain":0.0,"max_hp_loss":0.0,"gold_gain":0.0,"event_name":"Falling","player_choice":"Removed Attack","floor":45.0,"gold_loss":0.0,"damage_taken":0.0},{"damage_healed":0,"gold_gain":0,"player_choice":"Fight","damage_taken":0,"max_hp_gain":0,"max_hp_loss":0,"event_name":"Mysterious Sphere","floor":48,"gold_loss":0}],"is_beta":false,"boss_relics":[{"not_picked":["Velvet Choker","Runic Dome"],"picked":"SlaversCollar"},{"not_picked":["Slimebound:AbsorbEndCombatUpgraded","Coffee Dripper"],"picked":"Busted Crown"}],"items_purged_floors":[21],"is_endless":false,"potions_floor_spawned":[8,15,16,22,29,30,33,37,39,44,47],"killed_by":"Maw","ascension_level":16}}