{"host":"p4v0hquynnreu717","time":1608131904,"event":{"mods":["BaseMod","Better Vampires","DeckTracker","Googly Eyes","Minty Spire (QoL Compilation)","Quick Restart","StSLib","SuperFastMode","TestMod","[IsaacMod]以撒尖塔","vexMod"],"gold_per_floor":[16,16,91,91,91,91,16,27,27,27,41,41,59,70,70,149,149,167,167,67,67,67,95,95,109,132,148,23,23,40,60,60,134,134,159,159,9,22,22,22,67,84,84,115,115,152,195,248,248,266,266,266,39,82,119],"floor_reached":56,"playtime":2510,"items_purged":["Strike_G","Setup","Deadly Poison","Corpse Explosion","Eviscerate","Masterful Stab"],"score":2566,"play_id":"542a9054-96de-4fa3-807a-e78d1674d126","local_time":"20201216231824","is_ascension_mode":true,"campfire_choices":[{"data":"Prepared","floor":6.0,"key":"SMITH"},{"data":"Neutralize","floor":10.0,"key":"SMITH"},{"floor":12.0,"key":"REST"},{"data":"Calculated Gamble","floor":15.0,"key":"SMITH"},{"data":"Tactician","floor":24,"key":"SMITH"},{"data":"Catalyst","floor":29,"key":"SMITH"},{"data":"Corpse Explosion","floor":32,"key":"SMITH"},{"data":"Blade Dance","floor":40,"key":"SMITH"},{"floor":49,"key":"RECALL"},{"data":"After Image","floor":52,"key":"SMITH"}],"circlet_count":0,"master_deck":["AscendersBane","Survivor","Neutralize+1","Prepared+1","Blade Dance+1","Terror","Calculated Gamble+1","Corpse Explosion+1","Catalyst+1","Night Terror","Malaise","After Image+1","Tactician+1","Finisher","Calculated Gamble+1","Deflect","A Thousand Cuts","PiercingWail","Prepared+1","Blur","Reflex"],"relics":["Ring of the Snake","testmod-TestBox","HushsDoor","testmod-Justice","HowToJump","Pantograph","GuppysHead","GuppysHairball","testmod-D_4","vexMod:MemoryStick","testmod-LifeArmor","Orichalcum","testmod-DeterminationOfClimber","Oddly Smooth Stone","testmod-Antiphasic","vexMod:ScavengeHelm","Toy Ornithopter","vexMod:BarristanHead","testmod-OneHitWonder"],"acts_visited":["Exordium","TheCity","TheBeyond","TheEnding"],"potions_floor_usage":[27],"damage_taken":[{"damage":8.0,"enemies":"Jaw Worm","floor":1.0,"turns":6.0},{"damage":0.0,"enemies":"Small Slimes","floor":8.0,"turns":4.0},{"damage":5.0,"enemies":"2 Louse","floor":11.0,"turns":3.0},{"damage":1.0,"enemies":"Large Slime","floor":13.0,"turns":7.0},{"damage":0.0,"enemies":"2 Fungi Beasts","floor":14.0,"turns":2.0},{"damage":51.0,"enemies":"Slime Boss","floor":16.0,"turns":9.0},{"damage":3,"enemies":"2 Thieves","floor":18,"turns":4},{"damage":0,"enemies":"Gremlin Leader","floor":23,"turns":3},{"damage":0,"enemies":"Spheric Guardian","floor":25,"turns":2},{"damage":8,"enemies":"Centurion and Healer","floor":27,"turns":2},{"damage":0,"enemies":"Snecko","floor":30,"turns":2},{"damage":0,"enemies":"Chosen and Byrds","floor":31,"turns":2},{"damage":0,"enemies":"Collector","floor":33,"turns":2},{"damage":0,"enemies":"3 Shapes","floor":35,"turns":1},{"damage":0,"enemies":"Orb Walker","floor":38,"turns":1},{"damage":0,"enemies":"Reptomancer","floor":41,"turns":3},{"damage":0,"enemies":"Sphere and 2 Shapes","floor":42,"turns":2},{"damage":0,"enemies":"Spire Growth","floor":44,"turns":1},{"damage":0,"enemies":"Nemesis","floor":46,"turns":1},{"damage":0,"enemies":"Transient","floor":47,"turns":4},{"damage":0,"enemies":"Reptomancer","floor":48,"turns":1},{"damage":0,"enemies":"Donu and Deca","floor":50,"turns":1},{"damage":0,"enemies":"Shield and Spear","floor":54,"turns":1},{"damage":0,"enemies":"Delirium","floor":55,"turns":10}],"seed_played":"-140489339860506335","potions_obtained":[{"floor":11.0,"key":"Dexterity Potion"},{"floor":13.0,"key":"Dexterity Potion"},{"floor":16.0,"key":"DuplicationPotion"},{"floor":23,"key":"DistilledChaos"},{"floor":27,"key":"Strength Potion"}],"is_trial":false,"path_per_floor":["M","$","?","?","?","R","$","M","T","R","M","R","M","M","R","B",null,"M","?","$","?","?","E","R","M","T","M","$","R","M","M","R","B",null,"M","?","$","M","?","R","E","M","T","M","$","E","M","E","R","B",null,"R","$","E","B",null],"character_chosen":"THE_SILENT","items_purchased":["After Image","GuppysHead","GuppysHairball","vexMod:BarristanHead","Reflex"],"campfire_rested":1,"item_purchase_floors":[17,17,17,53,53],"current_hp_per_floor":[51,51,40,40,20,20,20,20,20,20,15,34,33,33,33,7,30,27,27,27,27,27,27,27,27,27,19,19,19,19,19,19,37,30,30,15,15,17,17,17,30,30,30,30,30,30,30,30,30,30,30,30,30,30,30],"gold":119,"neow_bonus":"REMOVE_TWO","is_daily":false,"chose_seed":false,"campfire_upgraded":8,"win_rate":0.0,"timestamp":1608131904,"path_taken":["M","$","?","?","?","R","$","M","T","R","M","R","M","M","R","BOSS","M","?","$","?","?","E","R","M","T","?","$","R","M","M","R","BOSS","M","?","$","M","?","R","E","M","T","M","$","E","?","E","R","BOSS","R","$","E","BOSS"],"items_purchased_type":["Card","Relic","Relic","Relic","Card"],"build_version":"2020-12-13","purchased_purges":6,"victory":true,"max_hp_per_floor":[66,66,66,66,66,66,66,66,66,66,66,66,66,66,66,66,37,37,37,37,37,37,37,37,37,37,37,37,37,37,37,37,37,30,30,30,30,30,30,30,30,30,30,30,30,30,30,30,30,30,30,30,30,30,30],"card_choices":[{"not_picked":["Expertise","PiercingWail"],"picked":"Prepared","floor":1.0},{"not_picked":["Dodge and Roll","Acrobatics"],"picked":"Blade Dance","floor":8.0},{"not_picked":["Poisoned Stab","Cloak And Dagger"],"picked":"Terror","floor":11.0},{"not_picked":["Bomb","Predator"],"picked":"Eviscerate","floor":13.0},{"not_picked":["Flying Knee","Underhanded Strike"],"picked":"Calculated Gamble","floor":14.0},{"not_picked":["Envenom","Doppelganger"],"picked":"Corpse Explosion","floor":16.0},{"not_picked":["Quick Slash","Bane","Outmaneuver+1"],"picked":"SKIP","floor":18},{"not_picked":["Dagger Spray","Slice"],"picked":"Tactician","floor":23},{"not_picked":["Quick Slash","A Thousand Cuts"],"picked":"Finisher","floor":25},{"not_picked":["Noxious Fumes","Dagger Spray","Flechettes"],"picked":"SKIP","floor":27},{"not_picked":["Masterful Stab","Tactician"],"picked":"Calculated Gamble+1","floor":30},{"not_picked":["Slice","Prepared"],"picked":"Deflect","floor":31},{"not_picked":["Underhanded Strike","Eviscerate","Poisoned Stab"],"picked":"SKIP","floor":35},{"not_picked":["Quick Slash+1","Caltrops+1","Riddle With Holes"],"picked":"SKIP","floor":38},{"not_picked":["Setup","Poisoned Stab"],"picked":"A Thousand Cuts","floor":41},{"not_picked":["Outmaneuver","Noxious Fumes","Bane"],"picked":"SKIP","floor":42},{"not_picked":["Flechettes","Cloak And Dagger","Calculated Gamble"],"picked":"SKIP","floor":44},{"not_picked":["Calculated Gamble+1","Tactician"],"picked":"PiercingWail","floor":46},{"not_picked":["Outmaneuver","Riddle With Holes"],"picked":"Prepared+1","floor":47},{"not_picked":["Dodge and Roll","Concentrate"],"picked":"Blur","floor":48},{"not_picked":["Leg Sweep","PiercingWail+1","Dagger Spray+1"],"picked":"SKIP","floor":54}],"player_experience":732754,"relics_obtained":[{"floor":9.0,"key":"Pantograph"},{"floor":23,"key":"testmod-LifeArmor"},{"floor":26,"key":"Orichalcum"},{"floor":41,"key":"testmod-Antiphasic"},{"floor":46,"key":"vexMod:ScavengeHelm"},{"floor":48,"key":"Toy Ornithopter"},{"floor":54,"key":"testmod-OneHitWonder"}],"event_choices":[{"damage_healed":0.0,"max_hp_gain":0.0,"max_hp_loss":0.0,"gold_gain":75.0,"event_name":"World of Goop","player_choice":"Gather Gold","floor":3.0,"gold_loss":0.0,"damage_taken":11.0},{"damage_healed":0.0,"max_hp_gain":0.0,"max_hp_loss":0.0,"gold_gain":0.0,"event_name":"Liars Game","player_choice":"Ignored","floor":4.0,"gold_loss":0.0,"damage_taken":0.0},{"damage_healed":0.0,"max_hp_gain":0.0,"max_hp_loss":0.0,"gold_gain":0.0,"event_name":"Shining Light","player_choice":"Entered Light","floor":5.0,"gold_loss":0.0,"damage_taken":20.0,"cards_upgraded":["Strike_G","Defend_G"]},{"damage_healed":0,"gold_gain":0,"player_choice":"Swap Relic","damage_taken":0,"relics_obtained":["testmod-D_4"],"max_hp_gain":0,"max_hp_loss":0,"event_name":"给自己的盒子","floor":19,"relics_lost":["Pandora\u0027s Box"],"gold_loss":0},{"damage_healed":0,"gold_gain":0,"player_choice":"Gave Potion","damage_taken":0,"relics_obtained":["vexMod:MemoryStick"],"max_hp_gain":0,"max_hp_loss":0,"event_name":"WeMeetAgain","floor":22,"gold_loss":0},{"damage_healed":0,"gold_gain":0,"player_choice":"0 cards matched","damage_taken":0,"max_hp_gain":0,"max_hp_loss":0,"event_name":"Match and Keep!","floor":39,"gold_loss":0,"cards_obtained":[]}],"is_beta":false,"boss_relics":[{"not_picked":["testmod-KeyOfTheVoid","Velvet Choker"],"picked":"Pandora\u0027s Box"},{"not_picked":[]},{"not_picked":["testmod-EnergyCheck","vexMod:TanglingVine"],"picked":"testmod-DeterminationOfClimber"},{"not_picked":[]}],"items_purged_floors":[7,17,20,28,34,37],"is_endless":false,"potions_floor_spawned":[11,13,14,16,23,25,27,44,48,54],"ascension_level":15}}