{"host":"is2s59edl8twrhoj","time":1608094140,"event":{"mods":["BaseMod","Colored Map","Colored Powertips","DeckTracker","Minty Spire (QoL Compilation)","StSLib"],"gold_per_floor":[109,109,109,34,45,70,70,98,121,135,135,152,152,166,166,244,244,260,260,260,280,60,60,90,100,126,138,138,158,158,158,158,232,232,250,300,311,325,325,325],"floor_reached":39,"playtime":1860,"items_purged":["Strike_G","Strike_G"],"score":763,"play_id":"027fe202-ef51-4f13-a3e7-aaae6988c43c","local_time":"20201216044900","is_ascension_mode":true,"campfire_choices":[{"data":"Survivor","floor":7.0,"key":"SMITH"},{"data":"Cloak And Dagger","floor":13.0,"key":"SMITH"},{"data":"Infinite Blades","floor":15.0,"key":"SMITH"},{"data":"Malaise","floor":23.0,"key":"SMITH"},{"floor":28.0,"key":"REST"},{"floor":30.0,"key":"REST"},{"data":"Footwork","floor":32.0,"key":"SMITH"}],"circlet_count":0,"master_deck":["AscendersBane","Strike_G","Strike_G","Strike_G+1","Defend_G","Defend_G","Defend_G+1","Defend_G","Defend_G","Survivor+1","Neutralize+1","Infinite Blades+1","Cloak And Dagger+1","Backstab","Malaise+1","Flying Knee","Terror+1","Footwork+1","Venomology+1","Cloak And Dagger+1","Cloak And Dagger+1"],"relics":["Ring of the Serpent","NeowsBlessing","Bronze Scales","Dead Branch","Tiny Chest","Toxic Egg 2","Membership Card","StrikeDummy","Bag of Preparation","Ginger","SacredBark"],"acts_visited":["Exordium","TheCity","TheBeyond"],"potions_floor_usage":[39,39],"damage_taken":[{"damage":0.0,"enemies":"2 Louse","floor":1.0,"turns":1.0},{"damage":0.0,"enemies":"Small Slimes","floor":5.0,"turns":1.0},{"damage":0.0,"enemies":"Lagavulin","floor":6.0,"turns":1.0},{"damage":15.0,"enemies":"Gremlin Nob","floor":8.0,"turns":5.0},{"damage":0.0,"enemies":"Cultist","floor":10.0,"turns":3.0},{"damage":1.0,"enemies":"Blue Slaver","floor":12.0,"turns":4.0},{"damage":13.0,"enemies":"Exordium Wildlife","floor":14.0,"turns":3.0},{"damage":29.0,"enemies":"Slime Boss","floor":16.0,"turns":6.0},{"damage":0.0,"enemies":"Spheric Guardian","floor":18.0,"turns":3.0},{"damage":0.0,"enemies":"Chosen","floor":21.0,"turns":5.0},{"damage":46.0,"enemies":"Gremlin Leader","floor":24.0,"turns":7.0},{"damage":0.0,"enemies":"Snake Plant","floor":25.0,"turns":4.0},{"damage":0.0,"enemies":"3 Cultists","floor":27.0,"turns":6.0},{"damage":4.0,"enemies":"Sentry and Sphere","floor":29.0,"turns":4.0},{"damage":32.0,"enemies":"Collector","floor":33.0,"turns":6.0},{"damage":23.0,"enemies":"3 Darklings","floor":35.0,"turns":7.0},{"damage":5.0,"enemies":"Orb Walker","floor":37.0,"turns":3.0},{"damage":0.0,"enemies":"Jaw Worm Horde","floor":38.0,"turns":5.0},{"damage":23,"enemies":"Writhing Mass","floor":39,"turns":2}],"seed_played":"-4416285518420138574","potions_obtained":[{"floor":5.0,"key":"Block Potion"},{"floor":6.0,"key":"FearPotion"},{"floor":8.0,"key":"FearPotion"},{"floor":14.0,"key":"LiquidMemories"},{"floor":21.0,"key":"ColorlessPotion"},{"floor":24.0,"key":"Block Potion"},{"floor":29.0,"key":"ColorlessPotion"},{"floor":33.0,"key":"Poison Potion"}],"is_trial":false,"path_per_floor":["M","?","?","$","M","E","R","E","T","M","?","M","R","M","R","B",null,"M","?","T","M","$","R","E","M","T","M","R","M","R","T","R","B",null,"M","?","M","M","M"],"character_chosen":"THE_SILENT","items_purchased":["Membership Card","Flying Knee"],"campfire_rested":2,"item_purchase_floors":[22,22],"current_hp_per_floor":[59,39,39,39,39,39,39,24,24,24,46,45,45,32,32,3,50,50,50,50,50,50,50,4,4,4,4,23,19,38,38,38,6,51,28,28,23,23,0,0],"gold":325,"neow_bonus":"THREE_ENEMY_KILL","is_daily":false,"chose_seed":false,"campfire_upgraded":5,"win_rate":0.0,"timestamp":1608094140,"path_taken":["M","?","?","$","?","E","R","E","T","M","?","M","R","M","R","BOSS","M","?","?","M","$","R","E","M","T","M","R","M","R","?","R","BOSS","M","?","M","?","M"],"items_purchased_type":["Relic","Card"],"build_version":"2020-12-13","purchased_purges":2,"victory":false,"max_hp_per_floor":[66,66,66,66,66,66,66,66,66,66,66,66,66,66,66,66,66,66,66,66,66,66,66,66,66,66,66,66,66,66,66,66,66,66,66,66,66,66,66,66],"card_choices":[{"not_picked":["Quick Slash","Concentrate"],"picked":"Infinite Blades","floor":1.0},{"not_picked":["Deadly Poison","Dodge and Roll","Slice"],"picked":"SKIP","floor":5.0},{"not_picked":["Dagger Throw","Bane","Expertise"],"picked":"SKIP","floor":6.0},{"not_picked":["Tools of the Trade","Eviscerate","Dodge and Roll"],"picked":"SKIP","floor":8.0},{"not_picked":["Bane","Underhanded Strike","Tactician"],"picked":"SKIP","floor":10.0},{"not_picked":["Poisoned Stab","Deflect"],"picked":"Cloak And Dagger","floor":12.0},{"not_picked":["Flechettes","Quick Slash"],"picked":"Backstab","floor":14.0},{"not_picked":["Tools of the Trade","Envenom"],"picked":"Malaise","floor":16.0},{"not_picked":["Deadly Poison","Poisoned Stab","Well Laid Plans"],"picked":"SKIP","floor":18.0},{"not_picked":["Bane","All Out Attack","Backstab"],"picked":"SKIP","floor":21.0},{"not_picked":["Night Terror+1","Flying Knee","Setup+1"],"picked":"SKIP","floor":24.0},{"not_picked":["Underhanded Strike","Outmaneuver+1"],"picked":"Terror+1","floor":25.0},{"not_picked":["Outmaneuver+1","Dagger Spray"],"picked":"Footwork","floor":27.0},{"not_picked":["Dagger Throw+1","Dagger Spray","Tactician+1"],"picked":"SKIP","floor":29.0},{"not_picked":["Glass Knife","Bullet Time+1"],"picked":"Venomology+1","floor":33.0},{"not_picked":["Bane","Finisher"],"picked":"Cloak And Dagger+1","floor":35.0},{"not_picked":["Dagger Throw","Reflex+1","Dash"],"picked":"SKIP","floor":37.0},{"not_picked":["Outmaneuver+1","Dagger Spray"],"picked":"Cloak And Dagger+1","floor":38.0}],"player_experience":625933,"relics_obtained":[{"floor":6.0,"key":"Bronze Scales"},{"floor":8.0,"key":"Dead Branch"},{"floor":9.0,"key":"Tiny Chest"},{"floor":20.0,"key":"Toxic Egg 2"},{"floor":24.0,"key":"StrikeDummy"},{"floor":26.0,"key":"Bag of Preparation"},{"floor":31.0,"key":"Ginger"}],"event_choices":[{"damage_healed":0.0,"max_hp_gain":0.0,"max_hp_loss":0.0,"gold_gain":0.0,"event_name":"Shining Light","player_choice":"Entered Light","floor":2.0,"gold_loss":0.0,"damage_taken":20.0,"cards_upgraded":["Defend_G","Strike_G"]},{"damage_healed":0.0,"max_hp_gain":0.0,"max_hp_loss":0.0,"gold_gain":0.0,"event_name":"Upgrade Shrine","player_choice":"Upgraded","floor":3.0,"gold_loss":0.0,"damage_taken":0.0,"cards_upgraded":["Neutralize"]},{"damage_healed":22.0,"max_hp_gain":0.0,"max_hp_loss":0.0,"gold_gain":0.0,"event_name":"Big Fish","player_choice":"Banana","floor":11.0,"gold_loss":0.0,"damage_taken":0.0},{"damage_healed":0.0,"max_hp_gain":0.0,"max_hp_loss":0.0,"gold_gain":0.0,"event_name":"The Mausoleum","player_choice":"Ignored","floor":19.0,"gold_loss":0.0,"damage_taken":0.0},{"damage_healed":0.0,"max_hp_gain":0.0,"max_hp_loss":0.0,"gold_gain":50.0,"event_name":"Golden Shrine","player_choice":"Pray","floor":36.0,"gold_loss":0.0,"damage_taken":0.0}],"is_beta":false,"boss_relics":[{"not_picked":["Sozu","Velvet Choker"],"picked":"Ring of the Serpent"},{"not_picked":["Busted Crown","Calling Bell"],"picked":"SacredBark"}],"items_purged_floors":[4,22],"is_endless":false,"potions_floor_spawned":[5,6,8,10,14,21,24,29,33,38],"killed_by":"Writhing Mass","ascension_level":15}}