{"host":"m3herrhkesxm9ooc","time":1608120461,"event":{"mods":["BaseMod","Hermit","Minty Spire (QoL Compilation)","StSLib","The Hierophant"],"gold_per_floor":[113,129,129,142,157,182,192,223,246,246,246,246,260,291,291,365,365,379,379,379,141,141,141,141,172,196,39,39,39,39,89,89,166,166,180,198,473,473,493,493,149,176,203,55,6,6,6],"floor_reached":46,"playtime":1140,"items_purged":[],"score":840,"play_id":"06bf11be-8423-489b-abb1-6754db8fdc99","local_time":"20201216210741","is_ascension_mode":true,"campfire_choices":[{"floor":12.0,"key":"REST"},{"floor":15.0,"key":"REST"},{"data":"hermit:Roughhouse","floor":23.0,"key":"SMITH"},{"floor":28.0,"key":"REST"},{"floor":30.0,"key":"REST"},{"data":"hermit:Misfire","floor":32.0,"key":"SMITH"},{"floor":40.0,"key":"REST"}],"circlet_count":0,"master_deck":["AscendersBane","hermit:Strike_Hermit","hermit:Strike_Hermit","hermit:Strike_Hermit","hermit:Strike_Hermit","hermit:Defend_Hermit","hermit:Defend_Hermit","hermit:Defend_Hermit","hermit:Defend_Hermit","hermit:Snapshot","hermit:Covet","hermit:Maintenance+1","hermit:Misfire+1","hermit:Shortfuse","hermit:Roughhouse+1","hermit:Ricochet+1","hermit:Glare","hermit:Determination","hermit:Headshot+1","hermit:Spite+1","hermit:FinalCanter+1","CurseOfTheBell","hermit:Deadeye+1","Dramatic Entrance+1","hermit:Adapt","hermit:Deadeye+1","Regret","hermit:Deadeye+1","Apotheosis","hermit:Maintenance","hermit:Glare"],"relics":["hermit:Momento","Art of War","CultistMask","Molten Egg 2","Juzu Bracelet","Orichalcum","Strawberry","Anchor","Calling Bell","Boot","hermit:Horseshoe","WingedGreaves","Bottled Tornado","Vajra","PreservedInsect","Smiling Mask","Happy Flower","Potion Belt","Dream Catcher","Bronze Scales","Blood Vial"],"acts_visited":["Exordium","TheCity","TheBeyond"],"potions_floor_usage":[46],"damage_taken":[{"damage":2.0,"enemies":"Jaw Worm","floor":1.0,"turns":3.0},{"damage":1.0,"enemies":"Cultist","floor":2.0,"turns":3.0},{"damage":11.0,"enemies":"Small Slimes","floor":4.0,"turns":3.0},{"damage":0.0,"enemies":"Blue Slaver","floor":5.0,"turns":2.0},{"damage":16.0,"enemies":"Gremlin Nob","floor":6.0,"turns":3.0},{"damage":8.0,"enemies":"Red Slaver","floor":7.0,"turns":3.0},{"damage":24.0,"enemies":"Lagavulin","floor":8.0,"turns":5.0},{"damage":0.0,"enemies":"Large Slime","floor":13.0,"turns":2.0},{"damage":4.0,"enemies":"3 Sentries","floor":14.0,"turns":4.0},{"damage":36.0,"enemies":"Hexaghost","floor":16.0,"turns":7.0},{"damage":1.0,"enemies":"Spheric Guardian","floor":18.0,"turns":3.0},{"damage":31.0,"enemies":"Book of Stabbing","floor":25.0,"turns":5.0},{"damage":21.0,"enemies":"Champ","floor":33.0,"turns":9.0},{"damage":22.0,"enemies":"3 Shapes","floor":35.0,"turns":3.0},{"damage":6.0,"enemies":"Orb Walker","floor":36.0,"turns":2.0},{"damage":0.0,"enemies":"Jaw Worm Horde","floor":39.0,"turns":2.0},{"damage":18.0,"enemies":"Nemesis","floor":42.0,"turns":6.0},{"damage":59,"enemies":"Giant Head","floor":46,"turns":6}],"seed_played":"5336967658390429173","potions_obtained":[{"floor":1.0,"key":"SpeedPotion"},{"floor":4.0,"key":"DuplicationPotion"},{"floor":5.0,"key":"BlessingOfTheForge"},{"floor":8.0,"key":"SmokeBomb"},{"floor":13.0,"key":"Explosive Potion"},{"floor":14.0,"key":"PowerPotion"},{"floor":16.0,"key":"Strength Potion"},{"floor":18.0,"key":"AttackPotion"},{"floor":36.0,"key":"EssenceOfSteel"},{"floor":39.0,"key":"SkillPotion"},{"floor":42.0,"key":"Strength Potion"}],"is_trial":false,"path_per_floor":["M","M","?","M","M","E","M","E","T","?","T","R","M","E","R","B",null,"M","T","?","$","?","R","?","E","T","$","R","?","R","?","R","B",null,"M","M","?","?","M","R","$","E","T","$","$","E"],"character_chosen":"HERMIT","items_purchased":["Vajra","Dramatic Entrance+1","Happy Flower","Apotheosis","Potion Belt","Blood Vial","hermit:Glare"],"campfire_rested":5,"item_purchase_floors":[21,21,27,41,41,44,45],"current_hp_per_floor":[62,61,61,50,50,34,26,2,2,25,32,55,55,51,74,38,68,67,67,67,67,67,67,67,36,36,36,59,59,78,78,78,57,73,51,45,45,45,45,68,68,50,50,50,50,0,0],"gold":6,"neow_bonus":"RANDOM_COMMON_RELIC","is_daily":false,"chose_seed":false,"campfire_upgraded":2,"win_rate":0.0,"timestamp":1608120461,"path_taken":["M","M","?","?","M","E","M","E","T","?","?","R","M","E","R","BOSS","M","?","?","$","?","R","?","E","T","$","R","?","R","?","R","BOSS","M","M","?","?","M","R","$","E","T","?","$","E"],"items_purchased_type":["Relic","Card","Relic","Card","Relic","Relic","Card"],"build_version":"2020-12-13","purchased_purges":0,"victory":false,"max_hp_per_floor":[71,71,71,71,71,71,71,71,71,71,78,78,78,78,78,78,78,78,78,78,78,78,78,78,78,78,78,78,78,78,78,78,78,78,78,78,78,78,78,78,78,78,78,78,78,78,78],"card_choices":[{"not_picked":["hermit:Desperado","hermit:Gestalt"],"picked":"hermit:Maintenance","floor":1.0},{"not_picked":["hermit:HoleUp","hermit:Quickdraw"],"picked":"hermit:Misfire","floor":2.0},{"not_picked":["hermit:Midnight","hermit:Enervate"],"picked":"hermit:Shortfuse","floor":4.0},{"not_picked":["hermit:BodyArmor","hermit:Quickdraw"],"picked":"hermit:Roughhouse","floor":5.0},{"not_picked":["hermit:Reprieve","hermit:EyeOfTheStorm"],"picked":"hermit:Ricochet+1","floor":6.0},{"not_picked":["hermit:CalledShot+1","hermit:ShadowCloak"],"picked":"hermit:Glare","floor":7.0},{"not_picked":["hermit:Combo","hermit:Spite+1"],"picked":"hermit:Determination","floor":8.0},{"not_picked":["hermit:BodyArmor","hermit:ItchyTrigger+1"],"picked":"hermit:Headshot+1","floor":13.0},{"not_picked":["hermit:Manifest","hermit:Snipe"],"picked":"hermit:Spite+1","floor":14.0},{"not_picked":["hermit:Adapt","hermit:Dissolve"],"picked":"hermit:FinalCanter+1","floor":16.0},{"not_picked":["hermit:CalledShot+1","hermit:GoldenBullet+1"],"picked":"hermit:Deadeye+1","floor":18.0},{"not_picked":["hermit:Desperado+1","hermit:Gambit","hermit:Cheat"],"picked":"SKIP","floor":25.0},{"not_picked":["hermit:Reprieve","hermit:Dissolve"],"picked":"hermit:Adapt","floor":33.0},{"not_picked":["hermit:LowProfile+1","hermit:Vantage"],"picked":"hermit:Deadeye+1","floor":35.0},{"not_picked":["hermit:Horror","hermit:Showdown+1","hermit:HoleUp+1"],"picked":"SKIP","floor":36.0},{"not_picked":["hermit:LowProfile+1","hermit:DeadMansHand"],"picked":"hermit:Deadeye+1","floor":39.0},{"not_picked":["hermit:NoHoldsBarred+1","hermit:HighNoon"],"picked":"hermit:Maintenance","floor":42.0}],"player_experience":633837,"relics_obtained":[{"floor":6.0,"key":"Molten Egg 2"},{"floor":8.0,"key":"Juzu Bracelet"},{"floor":9.0,"key":"Orichalcum"},{"floor":11.0,"key":"Strawberry"},{"floor":14.0,"key":"Anchor"},{"floor":17.0,"key":"Boot"},{"floor":17.0,"key":"hermit:Horseshoe"},{"floor":17.0,"key":"WingedGreaves"},{"floor":19.0,"key":"Bottled Tornado"},{"floor":25.0,"key":"PreservedInsect"},{"floor":26.0,"key":"Smiling Mask"},{"floor":42.0,"key":"Dream Catcher"},{"floor":43.0,"key":"Bronze Scales"}],"event_choices":[{"damage_healed":0.0,"max_hp_gain":0.0,"max_hp_loss":0.0,"gold_gain":0.0,"event_name":"FaceTrader","player_choice":"Trade","floor":3.0,"gold_loss":0.0,"damage_taken":0.0,"relics_obtained":["CultistMask"]},{"damage_healed":23.0,"max_hp_gain":0.0,"max_hp_loss":0.0,"gold_gain":0.0,"event_name":"Big Fish","player_choice":"Banana","floor":10.0,"gold_loss":0.0,"damage_taken":0.0},{"damage_healed":0.0,"max_hp_gain":0.0,"max_hp_loss":0.0,"gold_gain":0.0,"event_name":"Ghosts","player_choice":"Ignored","floor":20.0,"gold_loss":0.0,"damage_taken":0.0},{"damage_healed":0.0,"max_hp_gain":0.0,"max_hp_loss":0.0,"gold_gain":0.0,"event_name":"Upgrade Shrine","player_choice":"Upgraded","floor":22.0,"gold_loss":0.0,"damage_taken":0.0,"cards_upgraded":["hermit:Maintenance"]},{"damage_healed":0.0,"max_hp_gain":0.0,"max_hp_loss":0.0,"gold_gain":0.0,"event_name":"Beggar","player_choice":"Ignored","floor":24.0,"gold_loss":0.0,"damage_taken":0.0},{"damage_healed":0.0,"max_hp_gain":0.0,"max_hp_loss":0.0,"gold_gain":0.0,"event_name":"Purifier","player_choice":"Ignored","floor":29.0,"gold_loss":0.0,"damage_taken":0.0},{"damage_healed":0.0,"max_hp_gain":0.0,"max_hp_loss":0.0,"gold_gain":50.0,"event_name":"Golden Shrine","player_choice":"Pray","floor":31.0,"gold_loss":0.0,"damage_taken":0.0},{"damage_healed":0.0,"max_hp_gain":0.0,"max_hp_loss":0.0,"gold_gain":275.0,"event_name":"Golden Shrine","player_choice":"Desecrate","floor":37.0,"gold_loss":0.0,"damage_taken":0.0,"cards_obtained":["Regret"]},{"damage_healed":0.0,"max_hp_gain":0.0,"max_hp_loss":0.0,"gold_gain":0.0,"event_name":"Purifier","player_choice":"Ignored","floor":38.0,"gold_loss":0.0,"damage_taken":0.0}],"is_beta":false,"boss_relics":[{"not_picked":["SacredBark","Coffee Dripper"],"picked":"Calling Bell"},{"not_picked":["Astrolabe","Pandora\u0027s Box","Empty Cage"]}],"items_purged_floors":[],"is_endless":false,"potions_floor_spawned":[1,4,5,8,13,14,16,18,36,39,42],"killed_by":"Giant Head","ascension_level":15}}