{"host":"2461dio7vetlq1z3","time":1608134851,"event":{"mods":["2.2 Compatiblity","AchievementEnabler","Aspiration","BaseMod","Better Third Choice","Hermit","Minty Spire (QoL Compilation)","Relic Stats","Spicy Shops","StSLib","The Hierophant","Waifu the Spire"],"gold_per_floor":[217,217,229,239,48,74,74,100,100,100,111,54,67,67,67,166,166,191,191,191,191,111,111],"floor_reached":22,"playtime":766,"items_purged":[],"score":384,"play_id":"46ff4864-607a-4f08-954f-a3c9c0be641f","local_time":"20201216170731","is_ascension_mode":true,"campfire_choices":[{"data":"Armaments","floor":7,"key":"SMITH"},{"data":"Barricade","floor":10,"key":"SMITH"},{"data":"Fire Breathing","floor":15,"key":"SMITH"}],"circlet_count":0,"master_deck":["AscendersBane","Strike_R","Strike_R","Strike_R","Strike_R","Strike_R","Defend_R","Defend_R","Defend_R","Defend_R","Bash","Battle Trance","Armaments+1","Flex","Metallicize","Hemokinesis","Anger","Fire Breathing+1","Barricade+1","Inflame+1","Pommel Strike+1","Evolve+1","Feed+1","Disarm","Pommel Strike+1"],"relics":["Burning Blood","Ginger","Molten Egg 2","Frozen Egg 2","Mark of Pain","Nloth\u0027s Gift"],"acts_visited":["Exordium","TheCity"],"potions_floor_usage":[6,13,16],"damage_taken":[{"damage":2,"enemies":"Cultist","floor":1,"turns":4},{"damage":14,"enemies":"Jaw Worm","floor":3,"turns":5},{"damage":4,"enemies":"Small Slimes","floor":4,"turns":4},{"damage":7,"enemies":"Gremlin Nob","floor":6,"turns":3},{"damage":20,"enemies":"3 Sentries","floor":8,"turns":6},{"damage":17,"enemies":"3 Louse","floor":11,"turns":3},{"damage":11,"enemies":"Exordium Thugs","floor":13,"turns":4},{"damage":17,"enemies":"Hexaghost","floor":16,"turns":7},{"damage":46,"enemies":"3 Byrds","floor":18,"turns":4},{"damage":28,"enemies":"2 Thieves","floor":22,"turns":2}],"seed_played":"2906722140415008834","potions_obtained":[{"floor":4,"key":"SneckoOil"},{"floor":8,"key":"SteroidPotion"},{"floor":13,"key":"ColorlessPotion"}],"is_trial":false,"path_per_floor":["M","?","M","M","$","E","R","E","T","R","M","$","M","?","R","B",null,"M","?","?","?","M"],"character_chosen":"IRONCLAD","items_purchased":["Metallicize","Hemokinesis","Anger","Pommel Strike+1"],"campfire_rested":0,"item_purchase_floors":[5,5,5,12],"current_hp_per_floor":[72,77,69,71,71,70,70,56,56,56,45,45,40,40,40,29,61,25,25,25,25,0,0],"gold":111,"neow_bonus":"HUNDRED_GOLD","is_daily":false,"chose_seed":false,"campfire_upgraded":3,"win_rate":0.0,"timestamp":1608134851,"path_taken":["M","?","M","M","$","E","R","E","T","R","M","$","M","?","R","BOSS","M","?","?","?","?"],"items_purchased_type":["Card","Card","Card","Card"],"build_version":"2020-12-13","purchased_purges":0,"victory":false,"max_hp_per_floor":[75,80,80,80,80,80,80,80,80,80,80,80,80,72,72,72,72,76,76,76,76,76,76],"relic_stats":{"counters":[10,42],"Nloth\u0027s Gift":0,"Ginger":[0],"obtain_stats":[{"Golden Idol":14,"Molten Egg 2":8,"Mark of Pain":17,"Nloth\u0027s Gift":21,"Ginger":6,"Frozen Egg 2":9,"Burning Blood":0},{"Golden Idol":7,"Molten Egg 2":5,"Mark of Pain":8,"Nloth\u0027s Gift":9,"Ginger":4,"Frozen Egg 2":5,"Burning Blood":0},{"Golden Idol":29,"Molten Egg 2":22,"Mark of Pain":36,"Nloth\u0027s Gift":40,"Ginger":16,"Frozen Egg 2":22,"Burning Blood":0}],"Burning Blood":54},"card_choices":[{"not_picked":["Clash","Rage"],"picked":"Battle Trance","floor":1},{"not_picked":["Iron Wave","Clash"],"picked":"Armaments","floor":3},{"not_picked":["Heavy Blade","Havoc"],"picked":"Flex","floor":4},{"not_picked":["Armaments","Rampage"],"picked":"Fire Breathing","floor":6},{"not_picked":["Flex","Thunderclap+1"],"picked":"Barricade","floor":8},{"not_picked":["Wild Strike+1","Battle Trance"],"picked":"Inflame+1","floor":11},{"not_picked":["Thunderclap+1","Spot Weakness"],"picked":"Evolve+1","floor":13},{"not_picked":["Reaper+1","Double Tap"],"picked":"Feed+1","floor":16},{"not_picked":["Thunderclap+1","Wild Strike+1"],"picked":"Disarm","floor":18}],"player_experience":728395,"relics_obtained":[{"floor":6,"key":"Ginger"},{"floor":8,"key":"Molten Egg 2"},{"floor":9,"key":"Frozen Egg 2"}],"event_choices":[{"damage_healed":0,"gold_gain":0,"player_choice":"Donut","damage_taken":0,"max_hp_gain":5,"max_hp_loss":0,"event_name":"Big Fish","floor":2,"gold_loss":0},{"damage_healed":0,"gold_gain":0,"player_choice":"Lose Max HP","damage_taken":0,"relics_obtained":["Golden Idol"],"max_hp_gain":0,"max_hp_loss":8,"event_name":"Golden Idol","floor":14,"gold_loss":0},{"damage_healed":0,"gold_gain":0,"player_choice":"Read","damage_taken":0,"max_hp_gain":0,"max_hp_loss":0,"event_name":"The Library","floor":19,"gold_loss":0,"cards_obtained":["Pommel Strike"]},{"damage_healed":0,"gold_gain":0,"player_choice":"Traded Relic","damage_taken":0,"relics_obtained":["Nloth\u0027s Gift"],"max_hp_gain":0,"max_hp_loss":0,"event_name":"N\u0027loth","floor":21,"relics_lost":["Golden Idol"],"gold_loss":0}],"is_beta":false,"boss_relics":[{"not_picked":["Pandora\u0027s Box","Busted Crown"],"picked":"Mark of Pain"}],"items_purged_floors":[],"is_endless":false,"potions_floor_spawned":[4,8,13],"killed_by":"2 Thieves","ascension_level":20}}