{"host":"9el4dfae55z5uwq4","time":1608112656,"event":{"mods":["BaseMod","Colored Map","Colored Powertips","Custom Start","DeckTracker","Lobotomy","Minty Spire (QoL Compilation)","StSLib","SuperFastMode"],"gold_per_floor":[115,130,148,148,171,207,207,226,250,288,288,60,60,85,85,85,85],"floor_reached":16,"playtime":340,"items_purged":["Strike_R"],"score":220,"play_id":"5f54ace1-5835-490f-b11f-b8c8085d3097","local_time":"20201216185736","is_ascension_mode":true,"campfire_choices":[{"data":"Searing Blow","floor":7,"key":"SMITH"},{"floor":11,"key":"REST"},{"data":"Searing Blow+1","floor":13,"key":"SMITH"},{"data":"Searing Blow+2","floor":15,"key":"SMITH"}],"circlet_count":0,"master_deck":["AscendersBane","Strike_R","Strike_R","Strike_R","Strike_R","Defend_R","Defend_R","Defend_R","Defend_R","Bash","Pommel Strike","Searing Blow+3","Evolve"],"relics":["Burning Blood","Ginger","Golden Idol","PreservedInsect","Akabeko","Blood Vial","Centennial Puzzle","Membership Card"],"acts_visited":["Exordium"],"potions_floor_usage":[10],"damage_taken":[{"damage":1,"enemies":"Cultist","floor":1,"turns":3},{"damage":3,"enemies":"2 Louse","floor":2,"turns":4},{"damage":9,"enemies":"Jaw Worm","floor":3,"turns":3},{"damage":50,"enemies":"3 Sentries","floor":6,"turns":8},{"damage":16,"enemies":"Blue Slaver","floor":8,"turns":3},{"damage":26,"enemies":"Lagavulin","floor":10,"turns":6},{"damage":16,"enemies":"Large Slime","floor":14,"turns":4},{"damage":26,"enemies":"The Guardian","floor":16,"turns":2}],"seed_played":"6951414095708998436","potions_obtained":[{"floor":1,"key":"FairyPotion"},{"floor":3,"key":"Dexterity Potion"}],"is_trial":false,"path_per_floor":["M","M","M","?","T","E","R","M","T","E","R","$","R","M","R","B"],"character_chosen":"IRONCLAD","items_purchased":["Membership Card","Evolve"],"campfire_rested":1,"item_purchase_floors":[12,12],"current_hp_per_floor":[55,58,55,55,55,11,11,26,26,8,28,28,28,20,20,0,0],"gold":85,"neow_bonus":"ONE_RARE_RELIC","is_daily":false,"chose_seed":false,"campfire_upgraded":3,"win_rate":0.0,"timestamp":1608112656,"path_taken":["M","M","?","?","?","E","R","M","T","E","R","?","R","M","R","BOSS"],"items_purchased_type":["Relic","Card"],"build_version":"2020-12-13","purchased_purges":1,"victory":false,"max_hp_per_floor":[75,75,75,68,68,68,68,68,68,68,68,68,68,68,68,68,68],"card_choices":[{"not_picked":["Body Slam","Disarm"],"picked":"Pommel Strike","floor":1},{"not_picked":["Sword Boomerang","Fire Breathing"],"picked":"Searing Blow","floor":2},{"not_picked":["Combust","Sword Boomerang","Clash"],"picked":"SKIP","floor":3},{"not_picked":["Clothesline","Limit Break","Clash"],"picked":"SKIP","floor":6},{"not_picked":["Infernal Blade","Body Slam","Flex"],"picked":"SKIP","floor":8},{"not_picked":["Heavy Blade","Pummel","Inflame"],"picked":"SKIP","floor":10},{"not_picked":["Warcry","Twin Strike","Carnage"],"picked":"SKIP","floor":14}],"player_experience":1548344,"relics_obtained":[{"floor":5,"key":"PreservedInsect"},{"floor":6,"key":"Akabeko"},{"floor":9,"key":"Blood Vial"},{"floor":10,"key":"Centennial Puzzle"}],"event_choices":[{"damage_healed":0,"gold_gain":0,"player_choice":"Lose Max HP","damage_taken":0,"relics_obtained":["Golden Idol"],"max_hp_gain":0,"max_hp_loss":7,"event_name":"Golden Idol","floor":4,"gold_loss":0}],"is_beta":false,"boss_relics":[],"items_purged_floors":[12],"is_endless":false,"potions_floor_spawned":[1,3,6],"killed_by":"The Guardian","ascension_level":20}}