{"host":"fa35vd3kig5td25x","time":1608144357,"event":{"mods":["BaseMod","Colored Powertips","Minty Spire (QoL Compilation)","Relic Stats","Slay the Relics Exporter"],"gold_per_floor":[110,163,163,33,48,82,82,102,102,102,119,149,160,171,171,244,244,264,189,207,222,240,240,240,240],"floor_reached":24,"playtime":3224,"items_purged":["Strike_B"],"score":470,"play_id":"d8a5d618-648b-4a2d-9b6d-f3636bd112b1","local_time":"20201216194557","is_ascension_mode":true,"campfire_choices":[{"data":"Static Discharge","floor":7,"key":"SMITH"},{"data":"Go for the Eyes","floor":10,"key":"SMITH"},{"data":"Machine Learning","floor":15,"key":"SMITH"},{"data":"Creative AI","floor":23,"key":"SMITH"}],"circlet_count":0,"master_deck":["AscendersBane","Strike_B","Strike_B","Strike_B","Defend_B","Defend_B","Defend_B","Defend_B","Zap","Dualcast","Go for the Eyes+1","Melter","Static Discharge+1","Genetic Algorithm","Ball Lightning","Sweeping Beam","Cold Snap","Glacier","Machine Learning+1","Creative AI+1","Glacier","Barrage"],"relics":["Cracked Core","NeowsBlessing","Anchor","Blood Vial","CaptainsWheel","Prayer Wheel","Busted Crown"],"acts_visited":["Exordium","TheCity"],"potions_floor_usage":[12,22,24],"damage_taken":[{"damage":0,"enemies":"Cultist","floor":1,"turns":1},{"damage":0,"enemies":"2 Louse","floor":5,"turns":1},{"damage":0,"enemies":"Lagavulin","floor":6,"turns":3},{"damage":0,"enemies":"Small Slimes","floor":8,"turns":4},{"damage":0,"enemies":"2 Fungi Beasts","floor":11,"turns":3},{"damage":6,"enemies":"Gremlin Nob","floor":12,"turns":3},{"damage":0,"enemies":"Exordium Wildlife","floor":13,"turns":4},{"damage":0,"enemies":"3 Louse","floor":14,"turns":4},{"damage":44,"enemies":"Hexaghost","floor":16,"turns":7},{"damage":16,"enemies":"Shell Parasite","floor":18,"turns":5},{"damage":0,"enemies":"Spheric Guardian","floor":20,"turns":3},{"damage":8,"enemies":"Cultist and Chosen","floor":21,"turns":5},{"damage":14,"enemies":"3 Cultists","floor":22,"turns":6},{"damage":33,"enemies":"Slavers","floor":24,"turns":4}],"seed_played":"-3730512294722591414","potions_obtained":[{"floor":3,"key":"SmokeBomb"},{"floor":3,"key":"GamblersBrew"},{"floor":8,"key":"Swift Potion"},{"floor":11,"key":"FearPotion"},{"floor":14,"key":"LiquidMemories"}],"is_trial":false,"path_per_floor":["M","T","?","$","M","E","R","M","T","R","M","E","M","M","R","B",null,"M","$","M","M","M","R","E"],"character_chosen":"DEFECT","items_purchased":["Melter","Static Discharge"],"campfire_rested":0,"item_purchase_floors":[4,4],"current_hp_per_floor":[64,64,64,64,64,64,64,66,66,66,68,64,66,68,68,26,60,46,46,48,42,30,30,0,0],"gold":240,"neow_bonus":"THREE_ENEMY_KILL","is_daily":false,"chose_seed":false,"campfire_upgraded":4,"win_rate":0.0,"timestamp":1608144357,"path_taken":["M","?","?","$","?","E","R","M","T","R","M","E","M","M","R","BOSS","M","$","M","M","M","R","E"],"items_purchased_type":["Card","Card"],"build_version":"2020-12-13","purchased_purges":1,"victory":false,"max_hp_per_floor":[71,71,71,71,71,71,71,71,71,71,71,71,71,71,71,71,71,71,71,71,71,71,71,71,71],"relic_stats":{"Blood Vial":22,"Busted Crown":16,"counters":[14,53],"Prayer Wheel":6,"obtain_stats":[{"Blood Vial":6,"Anchor":2,"CaptainsWheel":9,"Busted Crown":17,"NeowsBlessing":0,"Prayer Wheel":12,"Cracked Core":0},{"Blood Vial":3,"Anchor":1,"CaptainsWheel":4,"Busted Crown":9,"NeowsBlessing":0,"Prayer Wheel":6,"Cracked Core":0},{"Blood Vial":5,"Anchor":1,"CaptainsWheel":9,"Busted Crown":30,"NeowsBlessing":0,"Prayer Wheel":15,"Cracked Core":0}]},"card_choices":[{"not_picked":["Compile Driver","FTL"],"picked":"Go for the Eyes","floor":1},{"not_picked":["Aggregate","Gash"],"picked":"Genetic Algorithm","floor":5},{"not_picked":["Amplify","Force Field"],"picked":"Ball Lightning","floor":6},{"not_picked":["Hologram","Gash"],"picked":"Sweeping Beam","floor":8},{"not_picked":["Force Field","Chaos"],"picked":"Cold Snap","floor":11},{"not_picked":["Capacitor","Static Discharge"],"picked":"Glacier","floor":12},{"not_picked":["Auto Shields","Turbo"],"picked":"Machine Learning","floor":13},{"not_picked":["Beam Cell","Go for the Eyes","Darkness"],"picked":"SKIP","floor":13},{"not_picked":["Darkness","Melter","Redo"],"picked":"SKIP","floor":14},{"not_picked":["Rebound","Beam Cell","Leap"],"picked":"SKIP","floor":14},{"not_picked":["Amplify","Fission"],"picked":"Creative AI","floor":16},{"not_picked":["Fusion"],"picked":"SKIP","floor":18},{"not_picked":["Rebound"],"picked":"SKIP","floor":18},{"not_picked":[],"picked":"Glacier","floor":20},{"not_picked":["Rip and Tear"],"picked":"SKIP","floor":20},{"not_picked":[],"picked":"Barrage","floor":21},{"not_picked":["Go for the Eyes+1"],"picked":"SKIP","floor":21},{"not_picked":["BootSequence"],"picked":"SKIP","floor":22},{"not_picked":["Streamline"],"picked":"SKIP","floor":22}],"player_experience":2834519,"relics_obtained":[{"floor":2,"key":"Anchor"},{"floor":6,"key":"Blood Vial"},{"floor":9,"key":"CaptainsWheel"},{"floor":12,"key":"Prayer Wheel"}],"event_choices":[{"damage_healed":0,"gold_gain":0,"player_choice":"Got Potions","damage_taken":0,"max_hp_gain":0,"max_hp_loss":0,"event_name":"Lab","floor":3,"gold_loss":0}],"is_beta":false,"boss_relics":[{"not_picked":["Philosopher\u0027s Stone","SlaversCollar"],"picked":"Busted Crown"}],"items_purged_floors":[19],"is_endless":false,"potions_floor_spawned":[8,11,14,16,18],"killed_by":"Slavers","ascension_level":20}}