{"host":"6gzy6nvr8uokwcne","time":1608097110,"event":{"mods":["2.2 Compatiblity","AchievementEnabler","BaseMod","Minty Spire (QoL Compilation)","Quick Restart","Replay The Spire","StSLib","The Disciple","The Necromancer","The Servant 0.9.4"],"gold_per_floor":[99,199,212,55,70,70,95,95,118,128,141,141,151,170,170,269,269,284,284,303,62,72,72,82,82,105,133,133,165,177,192,192,291,291,306,320,340,31,42,42,87,87,87,37,37,54,104,115,115,218,218,236,252,30,40,40,72,72,88,88],"floor_reached":59,"playtime":6681,"items_purged":[],"score":961,"play_id":"cbdf38b4-d0c6-43fb-bfb6-30368364ffd0","local_time":"20201215223830","daily_mods":["Heirloom"],"is_ascension_mode":true,"campfire_choices":[{"data":"MentalFortress","floor":6.0,"key":"SMITH"},{"floor":8.0,"key":"REST"},{"floor":12.0,"key":"REST"},{"floor":15.0,"key":"REST"},{"floor":23.0,"key":"REST"},{"floor":25.0,"key":"REST"},{"floor":28.0,"key":"REST"},{"data":"MentalFortress","floor":32.0,"key":"SMITH"},{"data":"Eruption","floor":40,"key":"SMITH"},{"floor":42,"key":"REST"},{"floor":58,"key":"DIG"}],"circlet_count":0,"master_deck":["Strike_P","Strike_P","Strike_P","Strike_P","Defend_P","Defend_P","Defend_P","Defend_P","Eruption+1","Vigilance","FlurryOfBlows","FlurryOfBlows","TalkToTheHand","TalkToTheHand","Fasting2","MentalFortress+1","MentalFortress+1","Tantrum","Crescendo","ClearTheMind","EmptyBody","EmptyBody","EmptyFist","EmptyMind","Adaptation","Finesse","Swift Strike","FearNoEvil","FlurryOfBlows+1","Judgement","DevaForm+1","ClearTheMind+1","FlurryOfBlows","Alpha+1"],"relics":["HolyWater","Replay:M_StaffOfTheSnake","PureWater","ReplayTheSpireMod:ShopPack","HornCleat","ReplayTheSpireMod:TigerMarble","Replay:Bronze Core","Golden Egg","Dream Catcher","Oddly Smooth Stone","WingedGreaves","Unceasing Top","Ice Cream","Replay:PocketPolymizer","Ancient Tea Set","Replay:Multitool","Runic Pyramid","Lee\u0027s Waffle","Girya","Blood Vial"],"acts_visited":["Exordium","TheCity","TheBeyond","Exordium"],"potions_floor_usage":[36,37,46,47,50,50,50,55],"damage_taken":[{"damage":0.0,"enemies":"Jaw Worm","floor":3.0,"turns":2.0},{"damage":0.0,"enemies":"Small Slimes","floor":5.0,"turns":3.0},{"damage":54.0,"enemies":"3 Sentries","floor":7.0,"turns":7.0},{"damage":0.0,"enemies":"Cultist","floor":10.0,"turns":2.0},{"damage":0.0,"enemies":"3 Louse","floor":11.0,"turns":2.0},{"damage":0.0,"enemies":"Lots of Slimes","floor":13.0,"turns":4.0},{"damage":8.0,"enemies":"Gremlin Gang","floor":14.0,"turns":3.0},{"damage":6.0,"enemies":"The Guardian","floor":16.0,"turns":8.0},{"damage":0.0,"enemies":"3 Byrds","floor":18.0,"turns":3.0},{"damage":0.0,"enemies":"Shell Parasite","floor":20.0,"turns":1.0},{"damage":45.0,"enemies":"Snake Plant","floor":22.0,"turns":3.0},{"damage":0.0,"enemies":"3 Cultists","floor":24.0,"turns":3.0},{"damage":16.0,"enemies":"Replay:Snechameleon","floor":27.0,"turns":2.0},{"damage":22.0,"enemies":"Slavers","floor":29.0,"turns":7.0},{"damage":0.0,"enemies":"Cultist and Chosen","floor":30.0,"turns":2.0},{"damage":2.0,"enemies":"Snake Plant","floor":31.0,"turns":4.0},{"damage":21.0,"enemies":"Collector","floor":33.0,"turns":5.0},{"damage":0,"enemies":"3 Darklings","floor":35,"turns":4},{"damage":0,"enemies":"Orb Walker","floor":36,"turns":3},{"damage":0,"enemies":"3 Darklings","floor":37,"turns":3},{"damage":88,"enemies":"4 Shapes","floor":39,"turns":8},{"damage":0,"enemies":"2 Orb Walkers","floor":41,"turns":3},{"damage":12,"enemies":"Spire Growth","floor":46,"turns":3},{"damage":0,"enemies":"Mind Bloom Boss Battle","floor":47,"turns":3},{"damage":0,"enemies":"3 Darklings","floor":48,"turns":3},{"damage":25,"enemies":"Donu and Deca","floor":50,"turns":6},{"damage":31,"enemies":"Jaw Worm","floor":52,"turns":2},{"damage":0,"enemies":"Small Slimes","floor":53,"turns":1},{"damage":0,"enemies":"Cultist","floor":55,"turns":2},{"damage":14,"enemies":"3 Sentries","floor":57,"turns":3},{"damage":0,"enemies":"Blue Slaver","floor":59,"turns":1}],"seed_played":"4316712070663708879","potions_obtained":[{"floor":11.0,"key":"Dexterity Potion"},{"floor":13.0,"key":"SpeedPotion"},{"floor":16.0,"key":"Languid Potion"},{"floor":27.0,"key":"Ancient Potion"},{"floor":31.0,"key":"DuplicationPotion"},{"floor":33.0,"key":"Flashbang"},{"floor":35,"key":"DistilledChaos"},{"floor":46,"key":"PowerPotion"},{"floor":48,"key":"AttackPotion"},{"floor":49,"key":"CultistPotion"},{"floor":57,"key":"PowerPotion"}],"is_trial":true,"path_per_floor":["?","?","M","$","M","R","E","R","T","M","M","R","M","M","R","B",null,"M","?","M","$","M","R","M","R","T","E","R","E","M","M","R","B",null,"M","M","M","$","M","R","?","R","T","$","?","M","?","M","R","B",null,"M","M","$","M","?","E","R","M"],"character_chosen":"WATCHER","items_purchased":["Elixir","ReplayTheSpireMod:ShopPack","Golden Egg","Ice Cream","Swift Potion","Lee\u0027s Waffle","LiquidMemories"],"campfire_rested":7,"item_purchase_floors":[4,4,21,38,44,54,54],"current_hp_per_floor":[72,72,72,72,72,72,18,39,39,39,39,60,60,52,72,66,71,71,71,71,71,26,47,47,68,68,52,72,50,50,48,48,27,61,61,61,61,61,42,42,42,63,63,63,63,51,51,51,51,26,61,30,30,79,79,67,53,53,55,55],"gold":88,"neow_bonus":"","is_daily":false,"chose_seed":false,"campfire_upgraded":3,"win_rate":0.0,"timestamp":1608097110,"path_taken":["?","?","M","$","M","R","E","R","T","M","?","R","M","M","R","BOSS","M","?","?","$","M","R","M","R","T","E","R","E","M","M","R","BOSS","M","M","?","$","M","R","?","R","T","$","?","M","?","M","R","BOSS","M","M","$","M","?","E","R","M"],"items_purchased_type":["Potion","Relic","Relic","Relic","Potion","Relic","Potion"],"build_version":"2020-12-13","purchased_purges":0,"victory":false,"max_hp_per_floor":[72,72,72,72,72,72,72,72,72,72,72,72,72,72,72,72,72,72,72,72,72,72,72,72,72,72,72,72,72,72,72,72,72,72,72,72,72,72,72,72,72,72,72,72,72,72,72,72,72,72,72,72,72,79,79,79,79,79,79,79],"card_choices":[{"not_picked":["Protect","Evaluate","Escape Plan"],"picked":"SKIP","floor":3.0},{"not_picked":["Chrysalis","Panacea"],"picked":"Finesse","floor":4.0},{"not_picked":["Bandage Up","PanicButton"],"picked":"Swift Strike","floor":4.0},{"not_picked":["CrushJoints","Wireheading","Replay:Anticipation"],"picked":"SKIP","floor":5.0},{"not_picked":["Replay:Hum","Grand Finale"],"picked":"FearNoEvil","floor":7.0},{"not_picked":["CrushJoints","ClearTheMind","FlyingSleeves"],"picked":"SKIP","floor":10.0},{"not_picked":["WindmillStrike","Wireheading","Wallop"],"picked":"SKIP","floor":11.0},{"not_picked":["Crescendo","BowlingBash","Masterful Stab"],"picked":"SKIP","floor":13.0},{"not_picked":["Indignation","Replay:Vibes","SignatureMove"],"picked":"SKIP","floor":14.0},{"not_picked":["Replay:AtTheReady+1","ForeignInfluence"],"picked":"FlurryOfBlows+1","floor":18.0},{"not_picked":["BowlingBash","JustLucky","ThirdEye+1"],"picked":"SKIP","floor":20.0},{"not_picked":["PathToVictory","Prostrate","InnerPeace"],"picked":"SKIP","floor":22.0},{"not_picked":["FlyingSleeves+1","Replay:LoomingThreat","Protect"],"picked":"SKIP","floor":24.0},{"not_picked":["Replay:ManipulateFuture","Crescendo","Establishment"],"picked":"SKIP","floor":27.0},{"not_picked":["Replay:AllIn","Vengeance","FollowUp"],"picked":"SKIP","floor":29.0},{"not_picked":["ReachHeaven","Fasting2","Meditate"],"picked":"SKIP","floor":30.0},{"not_picked":["Replay:BluntJabs","PathToVictory+1","Fasting2+1"],"picked":"SKIP","floor":31.0},{"not_picked":["Devotion","Replay:LoomingThreat"],"picked":"DevaForm","floor":33.0},{"not_picked":["Evaluate+1","Study+1"],"picked":"ClearTheMind+1","floor":35},{"not_picked":["Collect","Halt+1","Study+1"],"picked":"SKIP","floor":36},{"not_picked":["Wireheading","EmptyMind+1","FollowUp"],"picked":"SKIP","floor":37},{"not_picked":["Swivel+1","Replay:BluntJabs","BattleHymn"],"picked":"SKIP","floor":39},{"not_picked":["Protect","PathToVictory"],"picked":"FlurryOfBlows","floor":42},{"not_picked":["EmptyFist","BowlingBash","PathToVictory+1"],"picked":"SKIP","floor":46},{"not_picked":["FlyingSleeves+1","Evaluate","Indignation+1"],"picked":"SKIP","floor":48},{"not_picked":["Blasphemy","Establishment"],"picked":"Alpha","floor":50},{"not_picked":["SashWhip","Tantrum","Wallop"],"picked":"SKIP","floor":52},{"not_picked":["Halt","SashWhip","FollowUp"],"picked":"SKIP","floor":53},{"not_picked":["EmptyFist","SashWhip","ReachHeaven"],"picked":"SKIP","floor":55},{"not_picked":["Halt","Fasting2","Alpha"],"picked":"SKIP","floor":57},{"not_picked":["Replay:BluntJabs","ThirdEye","Sanctity"],"picked":"SKIP","floor":59}],"player_experience":396675,"relics_obtained":[{"floor":7.0,"key":"HornCleat"},{"floor":9.0,"key":"ReplayTheSpireMod:TigerMarble"},{"floor":26.0,"key":"Dream Catcher"},{"floor":27.0,"key":"Oddly Smooth Stone"},{"floor":29.0,"key":"WingedGreaves"},{"floor":41,"key":"Replay:PocketPolymizer"},{"floor":43,"key":"Ancient Tea Set"},{"floor":47,"key":"Replay:Multitool"},{"floor":58,"key":"Blood Vial"}],"event_choices":[{"damage_healed":0.0,"max_hp_gain":0.0,"max_hp_loss":0.0,"gold_gain":100.0,"event_name":"Wheel of Change","player_choice":"Gold","floor":2.0,"gold_loss":0.0,"damage_taken":0.0},{"damage_healed":0.0,"max_hp_gain":0.0,"max_hp_loss":0.0,"gold_gain":0.0,"event_name":"Match and Keep!","player_choice":"1 cards matched","floor":19.0,"gold_loss":0.0,"damage_taken":0.0,"cards_obtained":["Judgement"]},{"damage_healed":0,"gold_gain":0,"player_choice":"Fight","damage_taken":0,"max_hp_gain":0,"max_hp_loss":0,"event_name":"Mysterious Sphere","floor":41,"gold_loss":0},{"damage_healed":0,"gold_gain":0,"player_choice":"Memory 1","damage_taken":0,"max_hp_gain":0,"max_hp_loss":0,"event_name":"SensoryStone","floor":45,"gold_loss":0},{"damage_healed":0,"gold_gain":0,"player_choice":"Fight","damage_taken":0,"max_hp_gain":0,"max_hp_loss":0,"event_name":"MindBloom","floor":47,"gold_loss":0},{"damage_healed":0,"gold_gain":0,"player_choice":"Success","damage_taken":12,"relics_obtained":["Girya"],"max_hp_gain":0,"max_hp_loss":0,"event_name":"Scrap Ooze","floor":56,"gold_loss":0}],"is_beta":false,"boss_relics":[{"not_picked":["Empty Cage","ReplayTheSpireMod:DimensionalGlitch"],"picked":"Replay:Bronze Core"},{"not_picked":["Replay:Grab Bag","Tiny House"],"picked":"HolyWater"},{"not_picked":["Snecko Eye","Abe\u0027s Treasure"],"picked":"Runic Pyramid"}],"items_purged_floors":[],"is_endless":true,"potions_floor_spawned":[11,13,16,18,20,27,31,33,35,36,46,48,57],"killed_by":"Blue Slaver","ascension_level":5}}