{"host":"5ezk7t18wcb10u1o","time":1608145425,"event":{"mods":["BaseMod","Bestiary","Colored Powertips","Minty Spire (QoL Compilation)","Relic Sorter"],"gold_per_floor":[118,138,138,156,168,168,218,218,218,218,236,263,263,288,288,288,288],"floor_reached":16,"playtime":682,"items_purged":[],"score":204,"play_id":"ecff4e5d-1f42-447a-915b-45615655a2e3","local_time":"20201216190345","is_ascension_mode":true,"campfire_choices":[{"floor":6,"key":"REST"},{"data":"Buffer","floor":8,"key":"SMITH"},{"data":"Zap","floor":10,"key":"SMITH"},{"data":"Defragment","floor":15,"key":"SMITH"}],"circlet_count":0,"master_deck":["AscendersBane","Strike_B","Strike_B","Strike_B","Strike_B","Defend_B","Defend_B","Defend_B","Defend_B","Zap+1","Dualcast","Normality","Buffer+1","Chill","Cold Snap","Conserve Battery","Doom and Gloom","Defragment+1","Double Energy"],"relics":["Cracked Core","The Courier","WingedGreaves","Kunai","Akabeko"],"acts_visited":["Exordium"],"potions_floor_usage":[12,16,16],"damage_taken":[{"damage":1,"enemies":"Cultist","floor":1,"turns":4},{"damage":7,"enemies":"Jaw Worm","floor":2,"turns":4},{"damage":10,"enemies":"Small Slimes","floor":4,"turns":4},{"damage":9,"enemies":"Exordium Thugs","floor":5,"turns":6},{"damage":1,"enemies":"Blue Slaver","floor":11,"turns":4},{"damage":2,"enemies":"Gremlin Nob","floor":12,"turns":4},{"damage":15,"enemies":"3 Sentries","floor":14,"turns":8},{"damage":41,"enemies":"Slime Boss","floor":16,"turns":11}],"seed_played":"-5339198772671580587","potions_obtained":[{"floor":1,"key":"Strength Potion"},{"floor":11,"key":"Energy Potion"},{"floor":14,"key":"FearPotion"}],"is_trial":false,"path_per_floor":["M","M","?","M","M","R","?","R","T","R","M","E","T","E","R","B"],"character_chosen":"DEFECT","items_purchased":[],"campfire_rested":1,"item_purchase_floors":[],"current_hp_per_floor":[63,56,56,46,37,58,58,58,58,58,57,55,55,40,40,0,0],"gold":288,"neow_bonus":"THREE_RARE_CARDS","is_daily":false,"chose_seed":false,"campfire_upgraded":3,"win_rate":0.0,"timestamp":1608145425,"path_taken":["M","?","?","M","M","R","?","R","T","R","?","E","?","E","R","BOSS"],"items_purchased_type":[],"build_version":"2020-12-13","purchased_purges":0,"victory":false,"max_hp_per_floor":[71,71,71,71,71,71,71,71,71,71,71,71,71,71,71,71,71],"card_choices":[{"not_picked":["Core Surge","Hyperbeam"],"picked":"Buffer","floor":0},{"not_picked":["Redo","Coolheaded"],"picked":"Chill","floor":1},{"not_picked":["Scrape","Gash"],"picked":"Cold Snap","floor":2},{"not_picked":["Cold Snap","Recycle"],"picked":"Conserve Battery","floor":4},{"not_picked":["Hologram","FTL"],"picked":"Doom and Gloom","floor":5},{"not_picked":["Compile Driver","BootSequence"],"picked":"Defragment","floor":11},{"not_picked":["Chaos","Blizzard","Turbo"],"picked":"SKIP","floor":12},{"not_picked":["Leap","Beam Cell"],"picked":"Double Energy","floor":14}],"player_experience":1036919,"relics_obtained":[{"floor":9,"key":"The Courier"},{"floor":12,"key":"WingedGreaves"},{"floor":13,"key":"Kunai"},{"floor":14,"key":"Akabeko"}],"event_choices":[{"damage_healed":0,"gold_gain":0,"player_choice":"Ignored","damage_taken":0,"max_hp_gain":0,"max_hp_loss":0,"event_name":"Liars Game","floor":3,"gold_loss":0},{"damage_healed":0,"gold_gain":50,"player_choice":"Pray","damage_taken":0,"max_hp_gain":0,"max_hp_loss":0,"event_name":"Golden Shrine","floor":7,"gold_loss":0}],"is_beta":false,"boss_relics":[],"items_purged_floors":[],"is_endless":false,"potions_floor_spawned":[1,11,14],"killed_by":"Slime Boss","ascension_level":17}}