{"host":"zxd2l8an9de7z7b9","time":1608130968,"event":{"mods":["2.2 Compatiblity","BaseMod","CapriCore","Colored Map","Colored Powertips","Hermit","Koishi","Lobotomy","Marisa£¨Ùöéë¡¡Øª×âÞÞ£©","Minty Spire (QoL Compilation)","Rare Cards Sparkle","StSLib","The Cursed","The Dragon Tamer","The Gatherer","The Hierophant","The Immortal","The Poker Player","The Runesmith","WarShipGirlsR/??á´Ò³R mod"],"gold_per_floor":[210,223,223,46,46,46,64,83,165,165,180,180,130,143,143,238,238,253,213,232,15,25,25,42,141,141,42,54,54,54,54],"floor_reached":29,"playtime":1483,"items_purged":["DTMod:Strike"],"score":267,"play_id":"c6527074-e473-44d6-b924-e5c45ee737f8","local_time":"20201217000248","is_ascension_mode":false,"metric_token":1311,"campfire_choices":[{"data":"DTMod:HeatWave","floor":6,"key":"SMITH"},{"data":"DTMod:ForkedFire","floor":10,"key":"SMITH"},{"data":"DTMod:Cover","floor":12,"key":"SMITH"},{"data":"DTMod:ComboAttack","floor":15,"key":"SMITH"},{"data":"DTMod:Harmonize","floor":23,"key":"SMITH"}],"dtmod_dragon_data":[23,50,3,-1,10,0],"circlet_count":0,"master_deck":["DTMod:Strike","DTMod:Strike","DTMod:DoubleHit","DTMod:TargetDefense","DTMod:TargetDefense","DTMod:TargetDefense","DTMod:TargetDefense","DTMod:SwitchingTactic","DTMod:Hide","DTMod:MaximumCharge+1","DTMod:HeatWave+1","DTMod:MagiciansMark","DTMod:ForkedFire+1","DTMod:Cover+1","DTMod:ComboAttack+1","DTMod:Harmonize","CurseOfTheBell","DTMod:BreakAttack","DTMod:SneakAttack","DTMod:Harmonize+1","DTMod:DragonDance","DTMod:MagicField","DTMod:MasterPlan","DTMod:InvisibleFlame","DTMod:Training+1","DTMod:PurifyingFlame","DTMod:ShieldDrain"],"relics":["DTMod:PactStone","Ancient Tea Set","White Beast Statue","Calling Bell","DTMod:AncientBone","Centennial Puzzle","Incense Burner","HornCleat","Omamori"],"acts_visited":["Exordium","TheCity"],"potions_floor_usage":[20,28,29],"damage_taken":[{"damage":0,"enemies":"Cultist","floor":1,"turns":4},{"damage":0,"enemies":"Jaw Worm","floor":2,"turns":3},{"damage":0,"enemies":"Small Slimes","floor":7,"turns":2},{"damage":0,"enemies":"Exordium Wildlife","floor":8,"turns":4},{"damage":0,"enemies":"2 Fungi Beasts","floor":11,"turns":2},{"damage":0,"enemies":"3 Louse","floor":14,"turns":1},{"damage":0,"enemies":"The Guardian","floor":16,"turns":10},{"damage":0,"enemies":"2 Thieves","floor":18,"turns":3},{"damage":19,"enemies":"Spheric Guardian","floor":20,"turns":8},{"damage":8,"enemies":"Snecko","floor":22,"turns":4},{"damage":0,"enemies":"Centurion and Healer","floor":24,"turns":4},{"damage":0,"enemies":"3 Cultists","floor":28,"turns":5},{"damage":0,"enemies":"Sentry and Sphere","floor":29,"turns":5}],"seed_played":"8709127560381582001","potions_obtained":[{"floor":1,"key":"SmokeBomb"},{"floor":11,"key":"Energy Potion"},{"floor":14,"key":"Dexterity Potion"},{"floor":16,"key":"Regen Potion"},{"floor":20,"key":"Fruit Juice"},{"floor":22,"key":"AttackPotion"},{"floor":28,"key":"LiquidBronze"}],"is_trial":false,"path_per_floor":["M","M","?","$","?","R","M","M","T","R","M","R","?","M","R","B",null,"M","?","M","$","M","R","M","?","T","?","M","M"],"character_chosen":"THE_DT","items_purchased":["Ancient Tea Set","DTMod:HeatWave","DTMod:MagicField","DTMod:MasterPlan","DTMod:InvisibleFlame"],"campfire_rested":0,"item_purchase_floors":[4,4,21,21,21],"current_hp_per_floor":[45,45,45,45,50,50,50,50,50,50,50,50,50,50,50,50,50,50,50,36,36,28,28,28,28,28,28,28,28,28,28],"gold":54,"neow_bonus":"HUNDRED_GOLD","is_daily":false,"chose_seed":false,"campfire_upgraded":5,"win_rate":0.0,"timestamp":1608130968,"path_taken":["M","M","?","$","?","R","?","M","T","R","M","R","?","M","R","BOSS","M","?","M","$","M","R","M","?","T","?","?","M"],"items_purchased_type":["Relic","Card","Card","Card","Card"],"build_version":"2020-12-13","purchased_purges":1,"victory":false,"max_hp_per_floor":[45,45,45,45,50,50,50,50,50,50,50,50,50,50,50,50,50,50,50,55,55,55,55,55,55,55,55,55,55,55,55],"card_choices":[{"not_picked":["DTMod:Conduct","DTMod:DeepFocus"],"picked":"DTMod:Hide","floor":1},{"not_picked":["DTMod:DeepFocus","DTMod:Punisher"],"picked":"DTMod:MaximumCharge","floor":2},{"not_picked":["DTMod:MasterPlan","DTMod:Punisher"],"picked":"DTMod:MagiciansMark","floor":7},{"not_picked":["DTMod:Overwhelm","DTMod:BlueScale"],"picked":"DTMod:ForkedFire","floor":8},{"not_picked":["DTMod:BlazingStrike","DTMod:FlameSlash"],"picked":"DTMod:Cover","floor":11},{"not_picked":["DTMod:HeatWave","DTMod:BizarreTactic"],"picked":"DTMod:ComboAttack","floor":14},{"not_picked":["DTMod:EchoTactic","DTMod:Multitask"],"picked":"DTMod:Harmonize","floor":16},{"not_picked":["DTMod:BlazingStrike+1","DTMod:BlueScale"],"picked":"DTMod:BreakAttack","floor":18},{"not_picked":[],"picked":"DTMod:SneakAttack","floor":19},{"not_picked":[],"picked":"DTMod:Harmonize","floor":19},{"not_picked":["DTMod:WarmUp","DTMod:BizarreTactic+1"],"picked":"DTMod:DragonDance","floor":20},{"not_picked":["DTMod:TauntingStrike","DTMod:DragonDance"],"picked":"DTMod:Training+1","floor":22},{"not_picked":["DTMod:Hide","DTMod:BuildUp"],"picked":"DTMod:PurifyingFlame","floor":24},{"not_picked":["DTMod:TriAttack","DTMod:Hide"],"picked":"DTMod:ShieldDrain","floor":28}],"player_experience":388989,"relics_obtained":[{"floor":9,"key":"White Beast Statue"},{"floor":17,"key":"DTMod:AncientBone"},{"floor":17,"key":"Centennial Puzzle"},{"floor":17,"key":"Incense Burner"},{"floor":26,"key":"HornCleat"}],"event_choices":[{"damage_healed":0,"gold_gain":0,"player_choice":"Grow","damage_taken":0,"max_hp_gain":0,"max_hp_loss":0,"event_name":"Living Wall","floor":3,"gold_loss":0,"cards_upgraded":["DTMod:MaximumCharge"]},{"damage_healed":0,"gold_gain":0,"player_choice":"Donut","damage_taken":0,"max_hp_gain":5,"max_hp_loss":0,"event_name":"Big Fish","floor":5,"gold_loss":0},{"cards_removed":["DTMod:Strike"],"damage_healed":0,"gold_gain":0,"player_choice":"Card Removal","damage_taken":0,"max_hp_gain":0,"max_hp_loss":0,"event_name":"The Cleric","floor":13,"gold_loss":50},{"damage_healed":0,"gold_gain":99,"player_choice":"Stole From Cult","damage_taken":0,"max_hp_gain":0,"max_hp_loss":0,"event_name":"Nest","floor":25,"gold_loss":0},{"damage_healed":0,"gold_gain":0,"player_choice":"Paid Gold","damage_taken":0,"relics_obtained":["Omamori"],"max_hp_gain":0,"max_hp_loss":0,"event_name":"WeMeetAgain","floor":27,"gold_loss":99}],"is_beta":false,"boss_relics":[{"not_picked":["Fusion Hammer","Philosopher\u0027s Stone"],"picked":"Calling Bell"}],"items_purged_floors":[21],"is_endless":false,"potions_floor_spawned":[1,11,14,16,18,20,22,24,28],"killed_by":"Sentry and Sphere","ascension_level":0}}