{"host":"gnzcekuj4h0vhodg","time":1608159885,"event":{"mods":["2.2 Compatiblity","Act Like it!","Aspiration","BaseMod","Better Altar","Better Match","Better Note","Better Sensory Stone","Better Skull","Block Reminder","Conspire","Dio Mod","Downfall","Duelist Mod","Friendly Minions","Gensokyo","Googly Eyes","Gremlin Mod","Highlight Path","HololiveMod","Hubris","Infinite Spire","Jorbs\u0027s Wanderer Trilogy","KinomotoSakuraMod(????)","LagranYue(???·?)","Marisa????????","Mimic Mod","Minty Spire (QoL Compilation)","Quick Restart","Random Character Button","Rare Cards Sparkle","Replay The Spire","Small Relic Pack","Spicy Shops","Spikes Relics","StSLib","SuperFastMode","Td1madao Mod","The Animator","The Exalted","The IronCluck","The Poker Player","The Senshi","The Servant 0.9.4","Unceasing Turn Reminder","Wandering Minibosses","WarShipGirlsR/????R mod","Yohane!","everything is the same but u backflip on backflip","thorton","vexMod"],"gold_per_floor":[117,117,117,130,148,148,177,177,252,252,21,37,56,70,70,172,172,187,201,201,201,220,220,232,77,77,94,19,19,19,29,29,129,129,147,147,159,177,193,193,205,218,266,298,298,298,314,5,5,5],"floor_reached":51,"playtime":2086,"items_purged":["Strike_R"],"score":834,"play_id":"2257a6ed-1397-4d55-8a2a-e10a67e18d6e","local_time":"20201216180445","is_ascension_mode":true,"campfire_choices":[{"data":"infinitespire:OneForAll","floor":6.0,"key":"SMITH"},{"floor":8.0,"key":"REST"},{"floor":15.0,"key":"REST"},{"floor":23.0,"key":"REST"},{"data":"Armaments","floor":29.0,"key":"SMITH"},{"floor":32.0,"key":"REST"},{"floor":40,"key":"REST"},{"floor":46,"key":"REST"}],"circlet_count":0,"master_deck":["Strike_R+1","Strike_R+1","Strike_R+1","Defend_R+1","Defend_R+1","Defend_R","Defend_R+1","Bash","infinitespire:OneForAll+1","Uppercut","relicPack:StarPlatinum","Armaments+1","Offering","hubris:ReadiedAction","Shrug It Off","Metallicize+1","Pot Of Greed","Pot Of Greed","ReplayTheSpireMod:Stacked+1"],"relics":["Burning Blood","LagranYue:RandomDrawCardRelic","relicPack:OneForAll","Simple Rune","aspiration:FetidBarrel","relicPack:DSword","Whetstone","relicPack:StarArrow","hubris:Icosahedron","Orichalcum","Bromod:ArcaneGuardian","SacredBark","Grinning Jar","Durian","Pocketwatch"],"acts_visited":["Exordium","TheCity","TheBeyond"],"potions_floor_usage":[33,33,39,44,47,50,50],"damage_taken":[{"damage":2.0,"enemies":"Small Slimes","floor":1.0,"turns":4.0},{"damage":6.0,"enemies":"2 Louse","floor":4.0,"turns":3.0},{"damage":4.0,"enemies":"Jaw Worm","floor":5.0,"turns":3.0},{"damage":32.0,"enemies":"3 Sentries","floor":7.0,"turns":6.0},{"damage":0.0,"enemies":"Blue Slaver","floor":12.0,"turns":4.0},{"damage":19.0,"enemies":"Exordium Wildlife","floor":13.0,"turns":3.0},{"damage":3.0,"enemies":"Looter","floor":14.0,"turns":2.0},{"damage":22.0,"enemies":"The Guardian","floor":16.0,"turns":9.0},{"damage":22.0,"enemies":"2 Thieves","floor":18.0,"turns":4.0},{"damage":12.0,"enemies":"Shell Parasite","floor":19.0,"turns":3.0},{"damage":20.0,"enemies":"Shelled Parasite and Fungi","floor":22.0,"turns":4.0},{"damage":15.0,"enemies":"Snecko","floor":24.0,"turns":4.0},{"damage":15.0,"enemies":"Chosen and Byrds","floor":27.0,"turns":5.0},{"damage":2.0,"enemies":"Colosseum Slavers","floor":30.0,"turns":4.0},{"damage":9.0,"enemies":"Centurion and Healer","floor":31.0,"turns":4.0},{"damage":56,"enemies":"Collector","floor":33,"turns":6},{"damage":24,"enemies":"3 Darklings","floor":35,"turns":6},{"damage":8,"enemies":"Orb Walker","floor":37,"turns":4},{"damage":23,"enemies":"Jaw Worm Horde","floor":38,"turns":4},{"damage":19,"enemies":"3 Darklings","floor":39,"turns":3},{"damage":6,"enemies":"Sphere and 2 Shapes","floor":41,"turns":4},{"damage":23,"enemies":"Writhing Mass","floor":42,"turns":6},{"damage":6,"enemies":"Transient","floor":44,"turns":6},{"damage":19,"enemies":"Transient","floor":47,"turns":5},{"damage":19,"enemies":"Jotaro","floor":50,"turns":8}],"seed_played":"3002241922602337118","potions_obtained":[{"floor":0.0,"key":"Languid Potion"},{"floor":0.0,"key":"AttackPotion"},{"floor":0.0,"key":"Adrenaline Potion"},{"floor":12.0,"key":"AttackPotion"},{"floor":14.0,"key":"Fire Potion"},{"floor":16.0,"key":"FearPotion"},{"floor":22.0,"key":"Reflective Coating"},{"floor":24.0,"key":"Elixir"},{"floor":31.0,"key":"Strength Potion"},{"floor":33,"key":"sneckomod:MuddlingPotion"},{"floor":35,"key":"GamblersBrew"},{"floor":38,"key":"Explosive Potion"},{"floor":41,"key":"Elixir"},{"floor":49,"key":"Block Potion"},{"floor":49,"key":"Ancient Potion"}],"is_trial":false,"path_per_floor":["M","?","?","M","M","R","E","R","T","?","$","M","M","M","R","B",null,"M","M","?","?","M","R","M","$","T","M","?","R","?","M","R","B",null,"M","?","M","M","M","R","M","M","T","MIM","?","R","M","$","R","B",null],"character_chosen":"IRONCLAD","items_purchased":["Whetstone","Orichalcum","Pocketwatch"],"campfire_rested":6,"item_purchase_floors":[11,25,48],"current_hp_per_floor":[76,60,60,60,62,62,36,60,60,25,25,31,18,21,45,29,67,51,45,45,45,31,55,46,46,46,37,37,37,41,38,62,12,63,45,49,47,30,17,41,41,24,24,29,29,54,41,41,41,28],"gold":5,"neow_bonus":"THREE_SMALL_POTIONS","is_daily":false,"chose_seed":false,"campfire_upgraded":2,"win_rate":0.0,"timestamp":1608159885,"path_taken":["M","?","?","M","M","R","E","R","T","?","$","M","M","M","R","BOSS","M","M","?","?","M","R","M","?","T","M","?","R","?","M","R","BOSS","M","?","M","?","M","R","M","?","T","?","?","R","M","?","R","BOSS"],"items_purchased_type":["Relic","Relic","Relic"],"build_version":"2020-12-13","purchased_purges":1,"victory":true,"max_hp_per_floor":[80,80,80,80,80,80,80,80,80,80,80,80,80,80,80,80,80,80,80,80,80,80,80,80,80,80,80,80,80,80,80,80,80,80,80,80,80,80,80,80,80,80,80,85,85,85,85,85,85,85],"card_choices":[{"not_picked":["Havoc","Absolvement","Flex"],"picked":"SKIP","floor":1.0},{"not_picked":["Clash","Defy Death"],"picked":"Combust","floor":4.0},{"not_picked":["Perfected Strike","Clash"],"picked":"infinitespire:OneForAll","floor":5.0},{"not_picked":["Body Slam","Abandon"],"picked":"Uppercut","floor":7.0},{"not_picked":["Feel No Pain","Second Wind","Hemogenesis"],"picked":"SKIP","floor":12.0},{"not_picked":["Replay:Undeath\u0027s Touch","Heavy Blade","Inflame"],"picked":"SKIP","floor":13.0},{"not_picked":["Sword Boomerang","Replay:Undeath\u0027s Touch","Twin Strike"],"picked":"SKIP","floor":14.0},{"not_picked":["Inflame","Sever Soul"],"picked":"Armaments","floor":18.0},{"not_picked":["Twin Strike","Heavy Blade+1","Whirlwind"],"picked":"SKIP","floor":19.0},{"not_picked":["Sword Boomerang","Pummel","Clothesline+1"],"picked":"SKIP","floor":22.0},{"not_picked":["Infernal Blade","infinitespire:OneForAll","Heavy Blade"],"picked":"SKIP","floor":24.0},{"not_picked":["Heavy Blade","Iron Wave","Carnage+1"],"picked":"SKIP","floor":27.0},{"not_picked":["conspire:Purge","Pommel Strike","BarbarianYell"],"picked":"SKIP","floor":31.0},{"not_picked":["Barricade","Reaper"],"picked":"Offering","floor":33},{"not_picked":["Sword Boomerang","Pommel Strike","Disarm+1"],"picked":"SKIP","floor":35},{"not_picked":["Absolvement","hubris:SharpeningStone+1"],"picked":"hubris:ReadiedAction","floor":37},{"not_picked":["Run Through","Replay:Undeath\u0027s Touch+1","Thunderclap"],"picked":"SKIP","floor":38},{"not_picked":["Body Slam","Hemokinesis"],"picked":"Shrug It Off","floor":39},{"not_picked":["Sword Boomerang+1","Replay:Undeath\u0027s Touch"],"picked":"Metallicize+1","floor":41},{"not_picked":["Clash","Flex","Anger+1"],"picked":"SKIP","floor":42},{"not_picked":["Run Through+1","Infernal Blade"],"picked":"ReplayTheSpireMod:Stacked+1","floor":47}],"player_experience":488203,"relics_obtained":[{"floor":7.0,"key":"Simple Rune"},{"floor":9.0,"key":"aspiration:FetidBarrel"},{"floor":26.0,"key":"Bromod:ArcaneGuardian"},{"floor":43,"key":"Grinning Jar"},{"floor":44,"key":"Durian"}],"event_choices":[{"damage_healed":0.0,"max_hp_gain":0.0,"max_hp_loss":0.0,"gold_gain":0.0,"event_name":"Shining Light","player_choice":"Entered Light","floor":2.0,"gold_loss":0.0,"damage_taken":16.0,"cards_upgraded":["Defend_R","Defend_R"]},{"cards_removed":["Strike_R"],"damage_healed":0.0,"max_hp_gain":0.0,"max_hp_loss":0.0,"gold_gain":0.0,"event_name":"Beggar","player_choice":"Gave Gold","floor":28.0,"gold_loss":75.0,"damage_taken":0.0},{"damage_healed":0.0,"max_hp_gain":0.0,"max_hp_loss":0.0,"gold_gain":0.0,"event_name":"Colosseum","player_choice":"Fight","floor":30.0,"gold_loss":0.0,"damage_taken":0.0},{"damage_healed":0.0,"max_hp_gain":0.0,"max_hp_loss":0.0,"gold_gain":0.0,"event_name":"Colosseum","player_choice":"Fled From Nobs","floor":30.0,"gold_loss":0.0,"damage_taken":0.0},{"damage_healed":4,"gold_gain":0,"player_choice":"LEAVE ","damage_taken":0,"relics_obtained":[],"max_hp_gain":0,"max_hp_loss":0,"event_name":"betterSkull:BetterSkull","floor":36,"gold_loss":0,"cards_upgraded":[]},{"cards_removed":["Combust"],"damage_healed":0,"gold_gain":0,"player_choice":"Removed Power","damage_taken":0,"max_hp_gain":0,"max_hp_loss":0,"event_name":"Falling","floor":45,"gold_loss":0}],"is_beta":false,"boss_relics":[{"not_picked":["vexMod:DeviousBotling","aspiration:WatcherSkillbook"],"picked":"relicPack:StarArrow"},{"not_picked":["hubris:GrandSneckoEye","conspire:SeveredTorchhead"],"picked":"SacredBark"}],"items_purged_floors":[11],"is_endless":false,"potions_floor_spawned":[1,7,12,14,16,22,24,30,31,33,35,38,41],"ascension_level":6}}