{"host":"sabve5zmqufxyc5o","time":1608117279,"event":{"mods":["2.2 Compatiblity","AchievementEnabler","Act Like it!","Ascension Reborn","Aspiration","BaseMod","Block Reminder","Colored Map","Colored Powertips","DeckTracker","KOR Keyword Fix","Keyboard Shortcuts","Minty Spire (QoL Compilation)","MostiFishMod","Quick Restart","Rare Cards Sparkle","Relic Stats","Replay The Spire","StSLib","SuperFastMode"],"gold_per_floor":[109,123,139,139,149,149,159,192,192,192,211,224,242,262,262,336,336,349,163,163,181,96,96,96,96],"floor_reached":24,"playtime":803,"items_purged":["MostiFishMod:Neptune"],"score":404,"play_id":"8dd6cc71-c45f-41cd-b801-a51629cc1f75","local_time":"20201216201439","is_ascension_mode":true,"campfire_choices":[{"data":"ReplayTheSpireMod:Calculation Training","floor":6.0,"key":"SMITH"},{"data":"Coolheaded","floor":10.0,"key":"SMITH"},{"floor":15.0,"key":"REST"},{"floor":23,"key":"REST"}],"circlet_count":0,"master_deck":["AscendersBane","Strike_B","Strike_B","Strike_B","Strike_B","Defend_B","Defend_B","Defend_B","Defend_B","Zap","Dualcast","Go for the Eyes+1","Streamline","ReplayTheSpireMod:Calculation Training+1","Turbo+1","Coolheaded+1","Cold Snap","Time Bomb","MostiFishMod:TheEndOfMoonlight","MostiFishMod:SparklingWater","MostiFishMod:FantasySummer","MostiFishMod:NightSea","Pot Of Greed","Pot Of Greed","Loop","Panic Button","Pot Of Greed"],"relics":["Cracked Core","DaveBox","ThornShield","Gremlin Food","ImportantClient","MoonlightInvasionPlan","Grinning Jar","aspiration:Lifesprig"],"acts_visited":["Exordium","TheCity"],"potions_floor_usage":[],"damage_taken":[{"damage":0.0,"enemies":"Cultist","floor":1.0,"turns":3.0},{"damage":2.0,"enemies":"2 Louse","floor":2.0,"turns":2.0},{"damage":2.0,"enemies":"Jaw Worm","floor":3.0,"turns":4.0},{"damage":0.0,"enemies":"Blue Slaver","floor":5.0,"turns":3.0},{"damage":6.0,"enemies":"Looter","floor":7.0,"turns":3.0},{"damage":6.0,"enemies":"Gremlin Nob","floor":8.0,"turns":3.0},{"damage":19.0,"enemies":"3 Louse","floor":11.0,"turns":2.0},{"damage":0.0,"enemies":"2 Fungi Beasts","floor":12.0,"turns":2.0},{"damage":13.0,"enemies":"Exordium Wildlife","floor":13.0,"turns":6.0},{"damage":14.0,"enemies":"Gremlin Gang","floor":14.0,"turns":5.0},{"damage":19,"enemies":"Slime Boss","floor":16,"turns":11},{"damage":9,"enemies":"2 Thieves","floor":18,"turns":3},{"damage":6,"enemies":"3 Byrds","floor":21,"turns":2},{"damage":79,"enemies":"Gremlin Leader","floor":24,"turns":10}],"seed_played":"-1119973428538973893","potions_obtained":[{"floor":1.0,"key":"DistilledChaos"},{"floor":2.0,"key":"AttackPotion"},{"floor":11.0,"key":"EssenceOfSteel"},{"floor":12.0,"key":"Strength Potion"},{"floor":16,"key":"Languid Potion"}],"is_trial":false,"path_per_floor":["M","M","M","?","M","R","M","E","T","R","M","M","M","M","R","B",null,"M","$","?","M","?","R","E"],"character_chosen":"DEFECT","items_purchased":["Grinning Jar"],"campfire_rested":2,"item_purchase_floors":[19],"current_hp_per_floor":[71,69,67,67,67,67,61,55,55,55,36,36,23,9,32,13,62,53,53,53,47,47,70,0,0],"gold":96,"neow_bonus":"TEN_PERCENT_HP_BONUS","is_daily":false,"chose_seed":false,"campfire_upgraded":2,"win_rate":0.0,"timestamp":1608117279,"path_taken":["M","M","M","?","M","R","M","E","T","R","M","M","M","M","R","BOSS","M","$","?","M","?","R","E"],"items_purchased_type":["Relic"],"build_version":"2020-12-13","purchased_purges":1,"victory":false,"max_hp_per_floor":[78,78,78,78,78,78,78,78,78,78,78,78,78,78,78,78,78,78,78,78,78,78,78,78,78],"relic_stats":{"counters":[14,59],"obtain_stats":[{"Gremlin Food":9,"aspiration:Lifesprig":22,"DaveBox":0,"MoonlightInvasionPlan":17,"Grinning Jar":19,"Cracked Core":0,"ThornShield":8,"ImportantClient":16},{"Gremlin Food":6,"aspiration:Lifesprig":13,"DaveBox":0,"MoonlightInvasionPlan":11,"Grinning Jar":12,"Cracked Core":0,"ThornShield":6,"ImportantClient":11},{"Gremlin Food":18,"aspiration:Lifesprig":49,"DaveBox":0,"MoonlightInvasionPlan":44,"Grinning Jar":47,"Cracked Core":0,"ThornShield":18,"ImportantClient":44}]},"card_choices":[{"not_picked":["ReplayTheSpireMod:GoodbyeWorld","FIFO Queue"],"picked":"Go for the Eyes","floor":1.0},{"not_picked":["Force Field","ReplayTheSpireMod:GoodbyeWorld"],"picked":"Streamline","floor":2.0},{"not_picked":["Streamline","Compile Driver"],"picked":"ReplayTheSpireMod:Calculation Training","floor":3.0},{"not_picked":["ReplaySort","Chaos"],"picked":"Turbo","floor":5.0},{"not_picked":["Glacier","Steam Power"],"picked":"Coolheaded","floor":7.0},{"not_picked":["Darkness","Conserve Battery"],"picked":"Cold Snap","floor":8.0},{"not_picked":["Sunder","Auto Shields"],"picked":"Time Bomb","floor":11.0},{"not_picked":["Leap","Ball Lightning","Turbo"],"picked":"SKIP","floor":12.0},{"not_picked":["ReplayTheSpireMod:Reroute Power","Genetic Algorithm","MostiFishMod:Impulse"],"picked":"SKIP","floor":13.0},{"not_picked":["Auto Shields","Scrape","Stack"],"picked":"SKIP","floor":14.0},{"not_picked":["ReplaySort","Rebound","ReplayGash+1"],"picked":"SKIP","floor":18},{"not_picked":["Gash","Conserve Battery"],"picked":"Panic Button","floor":21}],"player_experience":779610,"relics_obtained":[{"floor":8.0,"key":"ThornShield"},{"floor":9.0,"key":"Gremlin Food"},{"floor":16,"key":"ImportantClient"}],"event_choices":[{"damage_healed":0,"gold_gain":0,"player_choice":"Read","damage_taken":0,"max_hp_gain":0,"max_hp_loss":0,"event_name":"The Library","floor":20,"gold_loss":0,"cards_obtained":["Loop"]},{"damage_healed":0,"gold_gain":0,"player_choice":"Obtained Relic","damage_taken":0,"relics_obtained":["aspiration:Lifesprig"],"max_hp_gain":0,"max_hp_loss":0,"event_name":"Addict","floor":22,"gold_loss":85}],"is_beta":false,"boss_relics":[{"not_picked":["Philosopher\u0027s Stone","aspiration:RitualDagger"],"picked":"MoonlightInvasionPlan"}],"items_purged_floors":[19],"is_endless":false,"potions_floor_spawned":[1,2,3,11,12,16,18,21],"killed_by":"Gremlin Leader","ascension_level":20}}