{"host":"vxxgntm1odai56nh","time":1608154679,"event":{"mods":["AchievementEnabler","BaseMod","Colored Map","Colored Powertips","Highlight Path","Minty Spire (QoL Compilation)","Permanent Neow","Rare Cards Sparkle","Relic Stats","StSLib"],"gold_per_floor":[113,132,132,150,170,170,201,201,201,235,251,263,263,277,277,373,373,391,411,336,350,350,350,350,382,382,382,125,156,173,25,25,129,129,140,0,10,22,41,67,67,97,397,424,476,476,476,501,513,525],"floor_reached":51,"playtime":3153,"items_purged":[],"score":1141,"play_id":"8923ee4c-1b6d-4b27-80ac-160123ac9487","local_time":"20201216163759","is_ascension_mode":true,"campfire_choices":[{"data":"Deadly Poison","floor":6.0,"key":"SMITH"},{"data":"Deadly Poison","floor":8.0,"key":"SMITH"},{"data":"Neutralize","floor":13.0,"key":"SMITH"},{"data":"Heel Hook","floor":15.0,"key":"SMITH"},{"data":"Noxious Fumes","floor":23.0,"key":"SMITH"},{"data":"After Image","floor":27,"key":"SMITH"},{"data":"Die Die Die","floor":32,"key":"SMITH"},{"data":"Corpse Explosion","floor":41,"key":"SMITH"},{"data":"Bane","floor":47,"key":"SMITH"},{"data":"Burst","floor":49,"key":"SMITH"}],"circlet_count":0,"master_deck":["Strike_G","Strike_G+1","Strike_G","Strike_G+1","Defend_G","Defend_G","Defend_G","Defend_G","Survivor","Neutralize+1","Deadly Poison+1","Noxious Fumes+1","Bane+1","Deadly Poison+1","Escape Plan","Crippling Poison","Calculated Gamble","Heel Hook+1","Die Die Die+1","Poisoned Stab+1","PiercingWail","Escape Plan+1","Ghostly","Ghostly","Ghostly","Ghostly","Ghostly","Footwork","After Image+1","PiercingWail","Flechettes","Terror+1","Deadly Poison","Envenom","Deflect","Acrobatics+1","Crippling Poison","Flying Knee","Corpse Explosion+1","CurseOfTheBell","Deadly Poison","Burst+1","Mayhem","Purity","Catalyst+1"],"relics":["Coffee Dripper","Strawberry","Whetstone","Bottled Flame","Black Star","Bag of Marbles","Art of War","Orrery","Shovel","Meat on the Bone","PreservedInsect","Calling Bell","Orichalcum","Singing Bowl","Incense Burner","Red Mask","Eternal Feather","MealTicket","Boot","Anchor","Old Coin","Bag of Preparation","Lantern","Prayer Wheel","Centennial Puzzle","MawBank"],"acts_visited":["Exordium","TheCity","TheBeyond"],"potions_floor_usage":[30,33,39,40,44,45,45,50],"damage_taken":[{"damage":0.0,"enemies":"2 Louse","floor":1.0,"turns":4.0},{"damage":0.0,"enemies":"Cultist","floor":2.0,"turns":4.0},{"damage":2.0,"enemies":"Jaw Worm","floor":4.0,"turns":4.0},{"damage":2.0,"enemies":"Large Slime","floor":5.0,"turns":5.0},{"damage":20.0,"enemies":"Lagavulin","floor":7.0,"turns":5.0},{"damage":9.0,"enemies":"3 Sentries","floor":10.0,"turns":7.0},{"damage":9.0,"enemies":"3 Louse","floor":11.0,"turns":3.0},{"damage":0.0,"enemies":"2 Fungi Beasts","floor":12.0,"turns":3.0},{"damage":9.0,"enemies":"Exordium Thugs","floor":14.0,"turns":4.0},{"damage":24.0,"enemies":"The Guardian","floor":16.0,"turns":8.0},{"damage":17.0,"enemies":"Shell Parasite","floor":18.0,"turns":3.0},{"damage":1.0,"enemies":"3 Byrds","floor":19.0,"turns":3.0},{"damage":13.0,"enemies":"Snake Plant","floor":21.0,"turns":3.0},{"damage":14.0,"enemies":"Book of Stabbing","floor":25.0,"turns":7.0},{"damage":0,"enemies":"Gremlin Leader","floor":29,"turns":5},{"damage":1,"enemies":"Cultist and Chosen","floor":30,"turns":6},{"damage":3,"enemies":"Collector","floor":33,"turns":9},{"damage":0,"enemies":"3 Darklings","floor":35,"turns":5},{"damage":0,"enemies":"Orb Walker","floor":37,"turns":5},{"damage":8,"enemies":"Sphere and 2 Shapes","floor":38,"turns":7},{"damage":0,"enemies":"Jaw Worm Horde","floor":39,"turns":5},{"damage":9,"enemies":"Giant Head","floor":40,"turns":9},{"damage":10,"enemies":"Nemesis","floor":42,"turns":7},{"damage":0,"enemies":"Giant Head","floor":44,"turns":8},{"damage":8,"enemies":"2 Orb Walkers","floor":45,"turns":6},{"damage":16,"enemies":"Reptomancer","floor":48,"turns":5},{"damage":31,"enemies":"Awakened One","floor":50,"turns":12}],"seed_played":"-6427410365517347618","potions_obtained":[{"floor":2.0,"key":"SpeedPotion"},{"floor":7.0,"key":"Dexterity Potion"},{"floor":11.0,"key":"BlessingOfTheForge"},{"floor":12.0,"key":"Fire Potion"},{"floor":18.0,"key":"SteroidPotion"},{"floor":29,"key":"LiquidMemories"},{"floor":33,"key":"Block Potion"},{"floor":35,"key":"SneckoOil"},{"floor":37,"key":"Explosive Potion"},{"floor":40,"key":"Energy Potion"},{"floor":42,"key":"SkillPotion"},{"floor":45,"key":"Dexterity Potion"}],"is_trial":false,"path_per_floor":["M","M","?","M","M","R","E","R","T","E","M","M","R","M","R","B",null,"M","M","?","M","?","R","?","E","T","R","$","E","M","$","R","B",null,"M","?","M","M","M","E","R","E","T","E","?","?","R","E","R","B",null],"character_chosen":"THE_SILENT","items_purchased":["PiercingWail","Flechettes","Orrery","PreservedInsect"],"campfire_rested":0,"item_purchase_floors":[28,28,28,31],"current_hp_per_floor":[70,70,70,68,66,66,53,53,53,44,35,35,35,26,26,2,77,60,59,59,46,38,38,38,24,24,24,24,24,23,23,23,20,38,40,40,42,36,36,29,46,36,36,38,32,24,48,32,52,33],"gold":537,"neow_bonus":"BOSS_RELIC","is_daily":false,"chose_seed":false,"campfire_upgraded":10,"win_rate":0.0,"timestamp":1608154679,"path_taken":["M","M","?","?","M","R","E","R","T","E","M","M","R","?","R","BOSS","M","M","?","M","?","R","?","E","T","R","$","E","M","$","R","BOSS","M","?","M","M","M","E","R","E","T","E","?","?","R","E","R","BOSS"],"items_purchased_type":["Card","Card","Relic","Relic"],"build_version":"2020-12-13","purchased_purges":0,"victory":true,"max_hp_per_floor":[70,70,70,70,70,70,77,77,77,77,77,77,77,77,77,77,77,77,77,77,77,38,38,38,38,38,38,38,38,38,38,38,38,38,40,40,42,44,44,46,46,46,46,48,50,52,52,52,52,52],"relic_stats":{"Singing Bowl":14,"counters":[27,152],"Eternal Feather":61,"PreservedInsect":357,"Bag of Preparation":[6],"Whetstone":["Strike_G","Strike_G"],"Orichalcum":[12],"Boot":[7],"MawBank":36,"Centennial Puzzle":[3],"Shovel":0,"MealTicket":0,"Prayer Wheel":0,"Black Star":6,"Art of War":[19],"obtain_stats":[{"Lantern":44,"Singing Bowl":34,"Incense Burner":34,"Bag of Preparation":44,"Whetstone":9,"Boot":42,"Old Coin":43,"Centennial Puzzle":48,"Shovel":29,"Strawberry":7,"MealTicket":40,"Prayer Wheel":45,"Red Mask":36,"Ring of the Snake":0,"Eternal Feather":40,"PreservedInsect":31,"Orichalcum":34,"MawBank":48,"Calling Bell":34,"Bottled Flame":10,"Anchor":42,"Orrery":28,"Coffee Dripper":0,"Black Star":17,"Bag of Marbles":25,"Art of War":25,"Meat on the Bone":29},{"Lantern":24,"Singing Bowl":17,"Incense Burner":17,"Bag of Preparation":24,"Whetstone":5,"Boot":23,"Old Coin":23,"Centennial Puzzle":26,"Shovel":15,"Strawberry":5,"MealTicket":22,"Prayer Wheel":25,"Red Mask":18,"Ring of the Snake":0,"Eternal Feather":22,"PreservedInsect":16,"Orichalcum":17,"MawBank":26,"Calling Bell":17,"Bottled Flame":6,"Anchor":23,"Orrery":14,"Coffee Dripper":0,"Black Star":10,"Bag of Marbles":14,"Art of War":14,"Meat on the Bone":15},{"Lantern":129,"Singing Bowl":83,"Incense Burner":83,"Bag of Preparation":129,"Whetstone":22,"Boot":121,"Old Coin":121,"Centennial Puzzle":140,"Shovel":68,"Strawberry":22,"MealTicket":114,"Prayer Wheel":135,"Red Mask":88,"Ring of the Snake":0,"Eternal Feather":114,"PreservedInsect":74,"Orichalcum":83,"MawBank":140,"Calling Bell":83,"Bottled Flame":29,"Anchor":121,"Orrery":63,"Coffee Dripper":0,"Black Star":47,"Bag of Marbles":63,"Art of War":63,"Meat on the Bone":68}],"Meat on the Bone":12},"card_choices":[{"not_picked":["Deflect","Outmaneuver"],"picked":"Deadly Poison","floor":1.0},{"not_picked":["Dagger Throw","Underhanded Strike"],"picked":"Noxious Fumes","floor":2.0},{"not_picked":["Backstab","Outmaneuver"],"picked":"Bane","floor":4.0},{"not_picked":["Bane","Accuracy"],"picked":"Deadly Poison","floor":5.0},{"not_picked":["Terror","Outmaneuver"],"picked":"Escape Plan","floor":7.0},{"not_picked":["Calculated Gamble","Setup"],"picked":"Crippling Poison","floor":10.0},{"not_picked":["Reflex","Finisher"],"picked":"Calculated Gamble","floor":11.0},{"not_picked":["Tactician","Concentrate","Reflex"],"picked":"SKIP","floor":12.0},{"not_picked":["Choke","Acrobatics"],"picked":"Heel Hook","floor":14.0},{"not_picked":["Malaise","Storm of Steel"],"picked":"Die Die Die","floor":16.0},{"not_picked":["Blade Dance+1","Underhanded Strike"],"picked":"Poisoned Stab+1","floor":18.0},{"not_picked":["Reflex","Outmaneuver"],"picked":"PiercingWail","floor":19.0},{"not_picked":["Well Laid Plans","Wraith Form v2"],"picked":"Escape Plan+1","floor":21.0},{"not_picked":["Blade Dance","Outmaneuver"],"picked":"After Image","floor":25.0},{"not_picked":["Quick Slash+1","Slice"],"picked":"Terror+1","floor":28},{"not_picked":["Blade Dance","Bane"],"picked":"Deadly Poison","floor":28},{"not_picked":["Predator","Blur"],"picked":"Envenom","floor":28},{"not_picked":["Sucker Punch+1","PiercingWail"],"picked":"Deflect","floor":28},{"not_picked":["Dagger Throw","Blade Dance"],"picked":"Acrobatics+1","floor":28},{"not_picked":["Infinite Blades","Tools of the Trade"],"picked":"Crippling Poison","floor":29},{"not_picked":["Deflect","Quick Slash+1"],"picked":"Flying Knee","floor":30},{"not_picked":["Doppelganger","Glass Knife"],"picked":"Corpse Explosion","floor":33},{"not_picked":["Dodge and Roll+1","Deadly Poison","Deflect"],"picked":"Singing Bowl","floor":35},{"not_picked":["Slice+1","Sucker Punch+1","Expertise"],"picked":"Singing Bowl","floor":37},{"not_picked":["Dagger Spray+1","Leg Sweep","Backstab+1"],"picked":"Singing Bowl","floor":38},{"not_picked":["Noxious Fumes+1","Flying Knee"],"picked":"Deadly Poison","floor":39},{"not_picked":["Accuracy+1","Noxious Fumes","Dagger Spray+1"],"picked":"Singing Bowl","floor":40},{"not_picked":["Flechettes","Bane"],"picked":"Burst","floor":42},{"not_picked":["Flechettes+1","Accuracy+1","Calculated Gamble+1"],"picked":"Singing Bowl","floor":44},{"not_picked":["Heel Hook+1","Dagger Spray+1","Calculated Gamble+1"],"picked":"Singing Bowl","floor":45},{"not_picked":["Flash of Steel","Metamorphosis"],"picked":"Mayhem","floor":46},{"not_picked":["Good Instincts","Bandage Up"],"picked":"Purity","floor":46},{"not_picked":["Trip","Magnetism","Violence"],"picked":"Singing Bowl","floor":46},{"not_picked":["Eviscerate+1","Underhanded Strike"],"picked":"Catalyst+1","floor":48}],"player_experience":114496,"relics_obtained":[{"floor":7.0,"key":"Strawberry"},{"floor":9.0,"key":"Whetstone"},{"floor":10.0,"key":"Bottled Flame"},{"floor":25.0,"key":"Bag of Marbles"},{"floor":25.0,"key":"Art of War"},{"floor":29,"key":"Shovel"},{"floor":29,"key":"Meat on the Bone"},{"floor":34,"key":"Orichalcum"},{"floor":34,"key":"Singing Bowl"},{"floor":34,"key":"Incense Burner"},{"floor":40,"key":"Eternal Feather"},{"floor":40,"key":"MealTicket"},{"floor":42,"key":"Boot"},{"floor":42,"key":"Anchor"},{"floor":43,"key":"Old Coin"},{"floor":44,"key":"Bag of Preparation"},{"floor":44,"key":"Lantern"},{"floor":45,"key":"Prayer Wheel"},{"floor":48,"key":"Centennial Puzzle"},{"floor":48,"key":"MawBank"}],"event_choices":[{"cards_removed":["Strike_G"],"damage_healed":0.0,"max_hp_gain":0.0,"max_hp_loss":0.0,"gold_gain":0.0,"event_name":"Bonfire Elementals","player_choice":"Offered Basic","floor":3.0,"gold_loss":0.0,"damage_taken":0.0},{"cards_removed":["Defend_G"],"damage_healed":0.0,"max_hp_gain":0.0,"max_hp_loss":0.0,"gold_gain":0.0,"event_name":"Beggar","player_choice":"Gave Gold","floor":20.0,"gold_loss":75.0,"damage_taken":0.0},{"damage_healed":0.0,"max_hp_gain":0.0,"max_hp_loss":39.0,"gold_gain":0.0,"event_name":"Ghosts","player_choice":"Became a Ghost","floor":22.0,"gold_loss":0.0,"damage_taken":0.0,"cards_obtained":["Ghostly","Ghostly","Ghostly","Ghostly","Ghostly"]},{"damage_healed":0.0,"max_hp_gain":0.0,"max_hp_loss":0.0,"gold_gain":0.0,"event_name":"The Library","player_choice":"Read","floor":24.0,"gold_loss":0.0,"damage_taken":0.0,"cards_obtained":["Footwork"]},{"damage_healed":0,"gold_gain":0,"player_choice":"Paid","damage_taken":0,"relics_obtained":["Red Mask"],"max_hp_gain":0,"max_hp_loss":0,"event_name":"Tomb of Lord Red Mask","floor":36,"gold_loss":140},{"damage_healed":0,"gold_gain":0,"player_choice":"Fight","damage_taken":0,"max_hp_gain":0,"max_hp_loss":0,"event_name":"Mysterious Sphere","floor":45,"gold_loss":0},{"damage_healed":0,"gold_gain":0,"player_choice":"Memory 3","damage_taken":10,"max_hp_gain":0,"max_hp_loss":0,"event_name":"SensoryStone","floor":46,"gold_loss":0}],"is_beta":false,"boss_relics":[{"not_picked":["Velvet Choker","Runic Pyramid"],"picked":"Black Star"},{"not_picked":["Tiny House","Snecko Eye"],"picked":"Calling Bell"}],"items_purged_floors":[],"is_endless":false,"potions_floor_spawned":[2,7,11,12,18,29,33,35,37,40,42,45],"ascension_level":3}}