{"host":"do5be0rrwzdbe7ng","time":1608119379,"event":{"mods":["AchievementEnabler","BaseMod","Colored Map","Colored Powertips","Custom Start","DeckTracker","Keyboard Shortcuts","Minty Spire (QoL Compilation)","Quick Restart","StSLib","SuperFastMode","everything is the same but u backflip on backflip"],"gold_per_floor":[118,118,193,209,359,359,391,391,415,21,34,64,64,64,64,64,64],"floor_reached":16,"playtime":287,"items_purged":["Doubt"],"score":249,"play_id":"3f6ec573-71e1-4e91-b146-b87d58654212","local_time":"20201216204939","is_ascension_mode":true,"campfire_choices":[{"data":"Zap","floor":6,"key":"SMITH"},{"data":"Dualcast","floor":8,"key":"SMITH"},{"data":"White Noise","floor":15,"key":"SMITH"}],"circlet_count":0,"master_deck":["AscendersBane","Strike_B","Strike_B+1","Strike_B","Strike_B","Defend_B","Defend_B","Defend_B","Defend_B","Zap+1","Dualcast+1","Compile Driver","Meteor Strike+1","Seek","White Noise+1"],"relics":["Cracked Core","NeowsBlessing","Centennial Puzzle","MealTicket","Bag of Preparation","White Beast Statue","Whetstone"],"acts_visited":["Exordium"],"potions_floor_usage":[],"damage_taken":[{"damage":0.0,"enemies":"Jaw Worm","floor":1.0,"turns":1.0},{"damage":0,"enemies":"Small Slimes","floor":4,"turns":1},{"damage":0,"enemies":"3 Sentries","floor":7,"turns":1},{"damage":1,"enemies":"Cultist","floor":11,"turns":3},{"damage":54,"enemies":"Lagavulin","floor":12,"turns":8},{"damage":31,"enemies":"Hexaghost","floor":16,"turns":8}],"seed_played":"-3965894665643590969","potions_obtained":[{"floor":11,"key":"Explosive Potion"},{"floor":12,"key":"Dexterity Potion"}],"is_trial":false,"path_per_floor":["M","?","?","M","?","R","E","R","T","$","M","E","$","T","R","B"],"character_chosen":"DEFECT","items_purchased":["Seek","Bag of Preparation"],"campfire_rested":0,"item_purchase_floors":[10,10],"current_hp_per_floor":[64,64,53,53,53,53,53,53,53,68,67,13,28,28,28,0,0],"gold":64,"neow_bonus":"THREE_ENEMY_KILL","is_daily":false,"chose_seed":false,"campfire_upgraded":3,"win_rate":0.0,"timestamp":1608119379,"path_taken":["M","?","?","M","?","R","E","R","T","$","M","E","$","?","R","BOSS"],"items_purchased_type":["Card","Relic"],"build_version":"2020-12-13","purchased_purges":1,"victory":false,"max_hp_per_floor":[71,71,71,71,71,71,71,71,71,71,71,71,71,71,71,71,71],"card_choices":[{"not_picked":["Barrage","Leap"],"picked":"Compile Driver","floor":1.0},{"not_picked":["Hologram","Loop","Recycle"],"picked":"SKIP","floor":4},{"not_picked":["Gash","Sweeping Beam"],"picked":"Meteor Strike","floor":7},{"not_picked":["Consume","Redo","Leap"],"picked":"SKIP","floor":11},{"not_picked":["Redo","Hologram"],"picked":"White Noise","floor":12}],"player_experience":341407,"relics_obtained":[{"floor":7,"key":"Centennial Puzzle"},{"floor":9,"key":"MealTicket"},{"floor":12,"key":"White Beast Statue"},{"floor":14,"key":"Whetstone"}],"event_choices":[{"damage_healed":0,"gold_gain":0,"player_choice":"Ignored","damage_taken":0,"max_hp_gain":0,"max_hp_loss":0,"event_name":"Shining Light","floor":2,"gold_loss":0},{"damage_healed":0,"gold_gain":75,"player_choice":"Gather Gold","damage_taken":11,"max_hp_gain":0,"max_hp_loss":0,"event_name":"World of Goop","floor":3,"gold_loss":0},{"damage_healed":0,"gold_gain":150,"player_choice":"AGREE","damage_taken":0,"max_hp_gain":0,"max_hp_loss":0,"event_name":"Liars Game","floor":5,"gold_loss":0,"cards_obtained":["Doubt"]}],"is_beta":false,"boss_relics":[],"items_purged_floors":[10],"is_endless":false,"potions_floor_spawned":[11,12],"killed_by":"Hexaghost","ascension_level":18}}