{"host":"5nj7t8259370g0gl","time":1608110847,"event":{"mods":["AchievementEnabler","BaseMod","Bestiary","Colored Map","Colored Powertips","Displayed Cursed Tome","Downfall","Minty Spire (QoL Compilation)","Permanent Neow","Relic Sorter","Shop Mod","StSLib"],"gold_per_floor":[500115,500115,500115,500115,499487,499512,499540,498836,498836,498861,498887,498221,498253,498203,498203,498302,498302,498321,498321,497476,497476,497575,497606,497639,497667,497692,497717,497717,497742,497702,497802,497802,497905,497905,497919,497919,497214,497214,497214,497214,496578,496611,496686,496717,496359,496392,496392,496421,496421,496421],"floor_reached":51,"playtime":3167,"items_purged":["champ:BladeFlurry","champ:TornadoPunch","champ:BladeFlurry","champ:FightOn","champ:ShieldWall","champ:GladiatorsShout+1","champ:DefensiveShout"],"score":1573,"play_id":"56fcab97-88c8-4bfd-b484-f3fecbe89734","local_time":"20201216202727","daily_mods":["SealedDeck","Flight"],"is_ascension_mode":true,"campfire_choices":[{"data":"1","floor":15.0,"key":"LIFT"},{"data":"champ:DefensiveStyle","floor":28.0,"key":"SMITH"},{"data":"champ:Circumvent","floor":32.0,"key":"SMITH"},{"data":"champ:HoldFirm","floor":40,"key":"SMITH"},{"data":"champ:DefensiveStyle","floor":47,"key":"SMITH"},{"data":"2","floor":49,"key":"LIFT"}],"circlet_count":0,"master_deck":["champ:DefensiveStyle+1","champ:Circumvent+1","champ:FocusedDefense+1","champ:SkillfulDodge+1","champ:DefensiveStyle+1","champ:DefensiveStyle+1","champ:Improvising+1","champ:HoldFirm+1","Master of Strategy","champ:Improvising+1"],"relics":["champ:ChampionCrown","hexamod:BolsterEngine","HandDrill","Sundial","Dream Catcher","Nunchaku","Girya","Potion Belt","DollysMirror","War Paint","Gambling Chip","Pantograph","Orichalcum","FossilizedHelix","Letter Opener","Astrolabe","champ:FightingForDummies","Lee\u0027s Waffle","Juzu Bracelet","Smiling Mask","CaptainsWheel","Bag of Marbles","Ancient Tea Set","Regal Pillow","Darkstone Periapt","Shovel","Blue Candle","Philosopher\u0027s Stone","Mercury Hourglass","Pear","Chemical X","champ:DefensiveTrainingManual","Mummified Hand","Frozen Egg 2","Ornamental Fan","Toxic Egg 2","Membership Card","Bronze Scales","PreservedInsect","Blood Vial","TungstenRod"],"acts_visited":["Exordium","TheCity","TheBeyond"],"potions_floor_usage":[35,48],"damage_taken":[{"damage":0.0,"enemies":"Jaw Worm","floor":1.0,"turns":2.0},{"damage":6.0,"enemies":"Gremlin Nob","floor":6.0,"turns":3.0},{"damage":0.0,"enemies":"Lagavulin","floor":7.0,"turns":3.0},{"damage":0.0,"enemies":"Gremlin Nob","floor":10.0,"turns":3.0},{"damage":0.0,"enemies":"Lagavulin","floor":11.0,"turns":5.0},{"damage":0.0,"enemies":"Gremlin Nob","floor":13.0,"turns":4.0},{"damage":0.0,"enemies":"Hexaghost","floor":16.0,"turns":7.0},{"damage":0.0,"enemies":"2 Thieves","floor":18.0,"turns":5.0},{"damage":0.0,"enemies":"Slavers","floor":23.0,"turns":4.0},{"damage":21.0,"enemies":"Book of Stabbing","floor":24.0,"turns":5.0},{"damage":37.0,"enemies":"Slavers","floor":25.0,"turns":5.0},{"damage":0.0,"enemies":"Book of Stabbing","floor":27.0,"turns":4.0},{"damage":0.0,"enemies":"Gremlin Leader","floor":29.0,"turns":9.0},{"damage":0.0,"enemies":"Colosseum Slavers","floor":31.0,"turns":3.0},{"damage":0.0,"enemies":"Colosseum Nobs","floor":31.0,"turns":4.0},{"damage":0.0,"enemies":"Champ","floor":33.0,"turns":7.0},{"damage":0,"enemies":"3 Darklings","floor":35,"turns":5},{"damage":0,"enemies":"Giant Head","floor":42,"turns":5},{"damage":0,"enemies":"Nemesis","floor":44,"turns":5},{"damage":0,"enemies":"Reptomancer","floor":46,"turns":5},{"damage":0,"enemies":"Giant Head","floor":48,"turns":5},{"damage":0,"enemies":"Awakened One","floor":50,"turns":7}],"seed_played":"4979607138169019844","potions_obtained":[{"floor":1.0,"key":"AttackPotion"},{"floor":6.0,"key":"LiquidMemories"},{"floor":16.0,"key":"champ:CounterPotion"},{"floor":24.0,"key":"Guardian:BlockOnCardUsePotion"},{"floor":25.0,"key":"champ:OpenerPotion"},{"floor":29.0,"key":"Strength Potion"},{"floor":30.0,"key":"Block Potion"},{"floor":30.0,"key":"FearPotion"},{"floor":30.0,"key":"DuplicationPotion"},{"floor":33.0,"key":"GamblersBrew"},{"floor":42,"key":"Explosive Potion"},{"floor":46,"key":"Fruit Juice"}],"is_trial":true,"path_per_floor":["M","?","?","?","$","E","E","$","T","E","E","$","E","?","R","B",null,"M","?","$","?","?","E","E","E","T","E","R","E","?","?","R","B",null,"M","?","$","?","?","R","$","E","T","E","$","E","R","E","R","B",null],"character_chosen":"THE_CHAMP","items_purchased":["hexamod:BolsterEngine","HandDrill","Sundial","Girya","Potion Belt","DollysMirror","Orichalcum","FossilizedHelix","champ:DefensiveStyle","champ:FightingForDummies","Lee\u0027s Waffle","Juzu Bracelet","champ:ShieldWall","champ:TechniquePotion","sneckomod:MuddlingPotion","ColorlessPotion","Mercury Hourglass","Pear","Chemical X","champ:DefensiveTrainingManual","Mummified Hand","Master of Strategy","Membership Card","Bronze Scales","PreservedInsect"],"campfire_rested":0,"item_purchase_floors":[5,5,5,8,8,8,12,12,12,20,20,20,20,20,20,20,37,37,37,41,41,41,45,45,45],"current_hp_per_floor":[90,90,90,72,72,66,66,66,66,66,66,66,66,66,66,90,90,90,81,97,97,97,97,76,39,39,39,39,39,39,39,39,64,97,97,97,107,102,102,102,102,102,102,102,102,102,102,107,107,107],"gold":496421,"neow_bonus":"","is_daily":false,"chose_seed":false,"campfire_upgraded":4,"win_rate":0.0,"timestamp":1608110847,"path_taken":["M","?","?","?","?","E","E","$","T","E","E","$","E","?","R","BOSS","M","?","$","?","?","E","E","E","T","E","R","E","?","?","R","BOSS","M","?","$","?","?","R","$","E","T","E","$","E","R","E","R","BOSS"],"items_purchased_type":["Relic","Relic","Relic","Relic","Relic","Relic","Relic","Relic","Card","Relic","Relic","Relic","Card","Potion","Potion","Potion","Relic","Relic","Relic","Relic","Relic","Card","Relic","Relic","Relic"],"build_version":"2020-12-13","purchased_purges":7,"victory":true,"max_hp_per_floor":[90,90,90,90,90,90,90,90,90,90,90,90,90,90,90,90,90,90,90,97,97,97,97,97,97,97,97,97,97,97,97,97,97,97,97,97,107,102,102,102,102,102,102,102,102,102,102,107,107,107],"card_choices":[{"not_picked":["champ:ViciousMockery","champ:BerserkerStyle"],"picked":"champ:FocusedDefense","floor":1.0},{"not_picked":["champ:FlashCut","champ:FaceSlap","champ:BringItOn"],"picked":"SKIP","floor":6.0},{"not_picked":["champ:FlashCut","champ:ArenaPreparation"],"picked":"champ:SkillfulDodge","floor":7.0},{"not_picked":["champ:FocusedGladiator","champ:BringItOn","champ:BladeFlurry"],"picked":"SKIP","floor":10.0},{"not_picked":["champ:BerserkersShout","champ:FanOfKnives"],"picked":"champ:DefensiveStyle","floor":11.0},{"not_picked":["champ:FocusedBerserking","champ:BladeFlurry","champ:EndlessRage"],"picked":"SKIP","floor":13.0},{"not_picked":["champ:IgnorePain","champ:SwordThrow"],"picked":"champ:Improvising","floor":16.0},{"not_picked":["champ:GladiatorsShout","champ:BringItOn+1","champ:FlashCut"],"picked":"SKIP","floor":18.0},{"not_picked":["champ:Backstep","champ:FlashCut","champ:TornadoPunch"],"picked":"SKIP","floor":23.0},{"not_picked":["champ:StanceDance","champ:DeathBlow+1","champ:AdrenalArmor"],"picked":"SKIP","floor":24.0},{"not_picked":["champ:TornadoPunch","champ:Circumvent+1","champ:Riposte+1"],"picked":"SKIP","floor":25.0},{"not_picked":["champ:Haymaker","champ:FocusedBerserking","champ:Circumvent"],"picked":"SKIP","floor":27.0},{"not_picked":["champ:FaceSlap","champ:TornadoPunch","champ:AdrenalArmor"],"picked":"SKIP","floor":29.0},{"not_picked":["champ:MurderStrike","champ:IgnorePain"],"picked":"champ:HoldFirm","floor":33.0},{"not_picked":["champ:TornadoPunch+1","champ:RisingSlash+1","champ:FanOfKnives+1"],"picked":"SKIP","floor":35},{"not_picked":["champ:BerserkerStyle+1","champ:EnragedBash","champ:AdrenalArmor+1"],"picked":"SKIP","floor":42},{"not_picked":["champ:BerserkersShout+1","champ:ShieldWall+1","champ:FocusedDefense+1"],"picked":"SKIP","floor":44},{"not_picked":["champ:ShieldWall+1","champ:DeathBlow+1","champ:Haymaker"],"picked":"SKIP","floor":46},{"not_picked":["champ:StanceDance+1","champ:CalledShot+1"],"picked":"champ:Improvising+1","floor":48}],"player_experience":792129,"relics_obtained":[{"floor":6.0,"key":"Dream Catcher"},{"floor":7.0,"key":"Nunchaku"},{"floor":9.0,"key":"War Paint"},{"floor":10.0,"key":"Gambling Chip"},{"floor":11.0,"key":"Pantograph"},{"floor":13.0,"key":"Letter Opener"},{"floor":23.0,"key":"Smiling Mask"},{"floor":24.0,"key":"CaptainsWheel"},{"floor":25.0,"key":"Bag of Marbles"},{"floor":26.0,"key":"Ancient Tea Set"},{"floor":27.0,"key":"Regal Pillow"},{"floor":29.0,"key":"Darkstone Periapt"},{"floor":31.0,"key":"Shovel"},{"floor":31.0,"key":"Blue Candle"},{"floor":42,"key":"Frozen Egg 2"},{"floor":43,"key":"Ornamental Fan"},{"floor":44,"key":"Toxic Egg 2"},{"floor":46,"key":"Blood Vial"},{"floor":48,"key":"TungstenRod"}],"event_choices":[{"damage_healed":0.0,"max_hp_gain":0.0,"max_hp_loss":0.0,"gold_gain":0.0,"event_name":"Golden Wing","player_choice":"Ignored","floor":2.0,"gold_loss":0.0,"damage_taken":0.0},{"damage_healed":0.0,"max_hp_gain":0.0,"max_hp_loss":0.0,"gold_gain":0.0,"event_name":"Living Wall","player_choice":"Grow","floor":3.0,"gold_loss":0.0,"damage_taken":0.0,"cards_upgraded":["champ:FocusedDefense"]},{"damage_healed":0.0,"max_hp_gain":0.0,"max_hp_loss":0.0,"gold_gain":0.0,"event_name":"Shining Light","player_choice":"Entered Light","floor":4.0,"gold_loss":0.0,"damage_taken":18.0,"cards_upgraded":["champ:FlashCut","champ:DefensiveStyle"]},{"cards_removed":["champ:BringItOn"],"damage_healed":0.0,"max_hp_gain":0.0,"max_hp_loss":0.0,"gold_gain":0.0,"event_name":"The Cleric","player_choice":"Card Removal","floor":14.0,"gold_loss":50.0,"damage_taken":0.0},{"damage_healed":0.0,"max_hp_gain":0.0,"max_hp_loss":0.0,"gold_gain":0.0,"event_name":"Cursed Tome","player_choice":"Stopped","floor":19.0,"gold_loss":0.0,"damage_taken":9.0},{"damage_healed":0.0,"max_hp_gain":0.0,"max_hp_loss":0.0,"gold_gain":0.0,"event_name":"Accursed Blacksmith","player_choice":"Forge","floor":21.0,"gold_loss":0.0,"damage_taken":0.0,"cards_upgraded":["champ:Improvising"]},{"damage_healed":0.0,"max_hp_gain":0.0,"max_hp_loss":0.0,"gold_gain":99.0,"event_name":"Nest","player_choice":"Stole From Cult","floor":22.0,"gold_loss":0.0,"damage_taken":0.0},{"damage_healed":0.0,"max_hp_gain":0.0,"max_hp_loss":0.0,"gold_gain":0.0,"event_name":"The Woman in Blue","player_choice":"Bought 3 Potions","floor":30.0,"gold_loss":0.0,"damage_taken":0.0},{"damage_healed":0.0,"max_hp_gain":0.0,"max_hp_loss":0.0,"gold_gain":0.0,"event_name":"Colosseum","player_choice":"Fight","floor":31.0,"gold_loss":0.0,"damage_taken":0.0},{"damage_healed":0.0,"max_hp_gain":0.0,"max_hp_loss":0.0,"gold_gain":0.0,"event_name":"Colosseum","player_choice":"Fought Nobs","floor":31.0,"gold_loss":0.0,"damage_taken":0.0},{"cards_removed":["champ:RapidStrikes"],"damage_healed":0,"gold_gain":0,"player_choice":"Removed Attack","damage_taken":0,"max_hp_gain":0,"max_hp_loss":0,"event_name":"Falling","floor":36,"gold_loss":0},{"damage_healed":0,"gold_gain":0,"player_choice":"Max HP","damage_taken":0,"max_hp_gain":0,"max_hp_loss":5,"event_name":"Winding Halls","floor":38,"gold_loss":0},{"cards_removed":["champ:Circumvent"],"damage_healed":0,"gold_gain":0,"player_choice":"Purged","damage_taken":0,"max_hp_gain":0,"max_hp_loss":0,"event_name":"Purifier","floor":39,"gold_loss":0}],"is_beta":false,"boss_relics":[{"not_picked":["Empty Cage","Fusion Hammer"],"picked":"Astrolabe"},{"not_picked":["Runic Dome","Calling Bell"],"picked":"Philosopher\u0027s Stone"}],"items_purged_floors":[5,8,12,20,37,41,45],"is_endless":false,"potions_floor_spawned":[1,6,16,24,25,29,31,33,42,46],"ascension_level":1}}