{"host":"pqs17sqrgflf4eqa","time":1608085988,"event":{"mods":["AchievementEnabler","BaseMod","Bestiary","Better Altar","Colored Map","Colored Powertips","Emptier Cage","Googly Eyes","Highlight Path","Minty Spire (QoL Compilation)","Quick Restart","StSLib","SuperFastMode","Transform Curses","slay the spire mod where everything is the same but ironclad has a cowboy hat"],"gold_per_floor":[117,117,117,117,137,137,16,39,65,92,92,109,141,155,155,255,255,265,292,305,305,305,305,324,357,380,380,380,380],"floor_reached":28,"playtime":516,"items_purged":[],"score":317,"play_id":"c79828c6-2019-4f10-bf05-356026c17fa3","local_time":"20201215213308","is_ascension_mode":true,"campfire_choices":[{"data":"Crescendo","floor":6,"key":"SMITH"},{"data":"WindmillStrike","floor":11,"key":"SMITH"},{"data":"ConjureBlade","floor":15,"key":"SMITH"},{"floor":23,"key":"REST"}],"circlet_count":0,"master_deck":["Strike_P","Strike_P","Strike_P","Strike_P","Defend_P","Defend_P","Defend_P","Eruption+1","Vigilance","Indignation","CarveReality","Crescendo+1","ClearTheMind","CrushJoints","MentalFortress","WindmillStrike+1","FlyingSleeves","ConjureBlade+1","Protect","Vault","CurseOfTheBell","FlyingSleeves","EmptyFist","WaveOfTheHand","SashWhip","Blasphemy"],"relics":["PureWater","Pantograph","MealTicket","Odd Mushroom","Lantern","Bronze Scales","Blood Vial","Calling Bell","Vajra","Matryoshka","Peace Pipe","Red Mask","StrikeDummy","InkBottle","Ancient Tea Set","Boot"],"acts_visited":["Exordium","TheCity"],"potions_floor_usage":[8,16,20,27],"damage_taken":[{"damage":0,"enemies":"Cultist","floor":1,"turns":2},{"damage":3,"enemies":"Small Slimes","floor":5,"turns":2},{"damage":0,"enemies":"The Mushroom Lair","floor":8,"turns":2},{"damage":12,"enemies":"Gremlin Nob","floor":10,"turns":3},{"damage":0,"enemies":"2 Louse","floor":12,"turns":2},{"damage":37,"enemies":"3 Sentries","floor":13,"turns":7},{"damage":0,"enemies":"Large Slime","floor":14,"turns":1},{"damage":33,"enemies":"Hexaghost","floor":16,"turns":7},{"damage":26,"enemies":"Shell Parasite","floor":18,"turns":3},{"damage":34,"enemies":"Masked Bandits","floor":19,"turns":4},{"damage":4,"enemies":"2 Thieves","floor":20,"turns":3},{"damage":0,"enemies":"Snecko","floor":24,"turns":2},{"damage":28,"enemies":"Book of Stabbing","floor":25,"turns":3},{"damage":0,"enemies":"Slavers","floor":27,"turns":1},{"damage":12,"enemies":"Snake Plant","floor":28,"turns":3}],"seed_played":"-6997370274185335317","potions_obtained":[{"floor":8,"key":"SmokeBomb"},{"floor":10,"key":"BottledMiracle"},{"floor":12,"key":"CultistPotion"},{"floor":19,"key":"LiquidMemories"},{"floor":25,"key":"Ambrosia"}],"is_trial":false,"path_per_floor":["M","T","?","?","M","R","$","?","T","E","R","M","E","M","R","B",null,"M","?","M","?","?","R","M","E","T","E","M"],"character_chosen":"WATCHER","items_purchased":["ClearTheMind","CrushJoints","AttackPotion"],"campfire_rested":1,"item_purchase_floors":[7,7,7],"current_hp_per_floor":[72,72,72,65,62,62,72,72,72,60,60,60,23,25,25,19,72,46,14,12,12,12,33,35,9,9,11,1,1],"gold":380,"neow_bonus":"TRANSFORM_CARD","is_daily":false,"chose_seed":false,"campfire_upgraded":3,"win_rate":0.0,"timestamp":1608085988,"path_taken":["M","?","?","?","M","R","$","?","T","E","R","M","E","M","R","BOSS","M","?","M","?","?","R","M","E","T","E","M"],"items_purchased_type":["Card","Card","Potion"],"build_version":"2020-12-13","purchased_purges":0,"victory":false,"max_hp_per_floor":[72,72,72,72,72,72,72,72,72,72,72,72,72,72,72,72,72,72,72,72,72,72,72,72,72,72,72,72,72],"card_choices":[{"not_picked":["EmptyFist","PathToVictory"],"picked":"CarveReality","floor":1},{"not_picked":["SashWhip","DeceiveReality"],"picked":"Crescendo","floor":5},{"not_picked":["ThirdEye","ClearTheMind"],"picked":"MentalFortress","floor":8},{"not_picked":["CrushJoints","EmptyMind"],"picked":"WindmillStrike","floor":10},{"not_picked":["CrushJoints","SashWhip"],"picked":"FlyingSleeves","floor":12},{"not_picked":["CarveReality","CutThroughFate"],"picked":"ConjureBlade","floor":13},{"not_picked":["Prostrate","WreathOfFlame"],"picked":"Protect","floor":14},{"not_picked":["Wish","LessonLearned"],"picked":"Vault","floor":16},{"not_picked":["MentalFortress+1","PathToVictory"],"picked":"FlyingSleeves","floor":18},{"not_picked":["ThirdEye","FollowUp"],"picked":"EmptyFist","floor":19},{"not_picked":["Weave","CrushJoints"],"picked":"WaveOfTheHand","floor":20},{"not_picked":["ThirdEye","WreathOfFlame"],"picked":"SashWhip","floor":24},{"not_picked":["Halt","ClearTheMind"],"picked":"Blasphemy","floor":25}],"player_experience":140432,"relics_obtained":[{"floor":2,"key":"Pantograph"},{"floor":8,"key":"Odd Mushroom"},{"floor":9,"key":"Lantern"},{"floor":10,"key":"Bronze Scales"},{"floor":13,"key":"Blood Vial"},{"floor":17,"key":"Vajra"},{"floor":17,"key":"Matryoshka"},{"floor":17,"key":"Peace Pipe"},{"floor":19,"key":"Red Mask"},{"floor":25,"key":"InkBottle"},{"floor":26,"key":"Ancient Tea Set"},{"floor":26,"key":"Boot"}],"event_choices":[{"damage_healed":0,"gold_gain":0,"player_choice":"Grow","damage_taken":0,"max_hp_gain":0,"max_hp_loss":0,"event_name":"Living Wall","floor":3,"gold_loss":0,"cards_upgraded":["Eruption"]},{"damage_healed":0,"gold_gain":0,"player_choice":"Success","damage_taken":7,"relics_obtained":["MealTicket"],"max_hp_gain":0,"max_hp_loss":0,"event_name":"Scrap Ooze","floor":4,"gold_loss":0},{"damage_healed":0,"gold_gain":0,"player_choice":"Fought Mushrooms","damage_taken":0,"max_hp_gain":0,"max_hp_loss":0,"event_name":"Mushrooms","floor":8,"gold_loss":0},{"damage_healed":0,"gold_gain":0,"player_choice":"Fought Bandits","damage_taken":0,"max_hp_gain":0,"max_hp_loss":0,"event_name":"Masked Bandits","floor":19,"gold_loss":0},{"damage_healed":0,"gold_gain":0,"player_choice":"Opened","damage_taken":0,"relics_obtained":["StrikeDummy"],"max_hp_gain":0,"max_hp_loss":0,"event_name":"The Mausoleum","floor":21,"gold_loss":0},{"damage_healed":0,"gold_gain":0,"player_choice":"Ignored","damage_taken":0,"max_hp_gain":0,"max_hp_loss":0,"event_name":"Ghosts","floor":22,"gold_loss":0}],"is_beta":false,"boss_relics":[{"not_picked":["Velvet Choker","Fusion Hammer"],"picked":"Calling Bell"}],"items_purged_floors":[],"is_endless":false,"potions_floor_spawned":[8,10,12,13,19,25,27],"killed_by":"Snake Plant","ascension_level":4}}