{"host":"mv9iawyrph7ym8en","time":1608119812,"event":{"mods":["Act Like it!","Aspiration","BaseMod","Conspire","Defuse TimeMaze Blight","Minty Spire (QoL Compilation)","Replay The Spire","Ryuuou龙王","Shop Mod","Spicy Shops","StSLib","TestMod","[IsaacMod]以撒尖塔","vexMod"],"gold_per_floor":[112,145,0,75,75,75,107,107,107,127,159,169,182,209,209,312,312,327,346,74,74,89,115,130,165,165,15,15,15,15,33,33,67,67,164,164,183,193,593,315,330,360,360,360,360,360,360,360,391,409,426,452,452,452,452,452,30,61,61],"floor_reached":60,"playtime":3186,"items_purged":["Clumsy","Strike_R","Injury"],"score":1937,"play_id":"1d23b538-865e-4945-af5d-ea85eea3feb5","local_time":"20201216195652","is_ascension_mode":true,"campfire_choices":[{"data":"Bash","floor":6.0,"key":"SMITH"},{"data":"Hemogenesis","floor":8.0,"key":"SMITH"},{"data":"Replay:Many Hands","floor":15.0,"key":"SMITH"},{"floor":28.0,"key":"RECALL"},{"data":"Juggernaut","floor":34.0,"key":"SMITH"},{"data":"Replay:Many Hands","floor":48,"key":"SMITH"},{"data":"Brutality","floor":53,"key":"SMITH"},{"data":"Brutality","floor":56,"key":"SMITH"}],"circlet_count":0,"master_deck":["AscendersBane","Strike_R+1","Strike_R+1","Strike_R","Strike_R","Defend_R","Defend_R+1","Defend_R","Defend_R","Bash+1","Hemogenesis+1","Exhume+1","Pommel Strike","Eclipse","Pummel","Replay:Undeath\u0027s Touch","Replay:Many Hands+1","Berserk","Burning Pact+1","Juggernaut+1","Brutality+1","Armaments+1","Offering","Replay:Many Hands+1","Armaments","Armaments","Demon Form","Demonic Infusion","Feel No Pain","Defy Death","Brutality+1","Rupture","Exhume"],"relics":["Burning Blood","HushsDoor","SteamSale","testmod-AscensionHeart","HowToJump","Blue Doll","testmod-LifeArmor","Shuriken","Omamori","AnarchistCookbook","Sozu","GuppysCollar","GuppysTail","War Paint","Another Sword","NeowsBlessing","Replay:Baseball","testmod-EqualTreatment","Replay:Bottled Snecko","Habit","Bag of Preparation","Blood Vial","Cursed Key","Chaos","MerchantsRug","Eternal Feather","Regal Pillow","Du-Vu Doll","WristBlade","Symbiotic Virus","Bird Faced Urn","testmod-CasingShield","ClockworkSouvenir","vexMod:RetaliationKit","Charon\u0027s Ashes"],"acts_visited":["Exordium","TheCity","TheBeyond","TheEnding"],"potions_floor_usage":[],"damage_taken":[{"damage":0.0,"enemies":"Jaw Worm","floor":1.0,"turns":1.0},{"damage":0.0,"enemies":"conspire:MimicChest","floor":2.0,"turns":1.0},{"damage":0.0,"enemies":"Replay:BlueRogue","floor":7.0,"turns":1.0},{"damage":7.0,"enemies":"2 Louse","floor":10.0,"turns":3.0},{"damage":12.0,"enemies":"3 Sentries","floor":11.0,"turns":3.0},{"damage":6.0,"enemies":"conspire:RoseBush","floor":12.0,"turns":2.0},{"damage":3.0,"enemies":"Blue Slaver","floor":13.0,"turns":4.0},{"damage":10.0,"enemies":"Lagavulin","floor":14.0,"turns":5.0},{"damage":10.0,"enemies":"Fading Forest","floor":16.0,"turns":11.0},{"damage":17.0,"enemies":"2 Thieves","floor":18.0,"turns":3.0},{"damage":16.0,"enemies":"Spheric Guardian","floor":19.0,"turns":4.0},{"damage":0.0,"enemies":"Centurion and Healer","floor":22.0,"turns":2.0},{"damage":0.0,"enemies":"conspire:SneckoGhost","floor":23.0,"turns":1.0},{"damage":0.0,"enemies":"conspire:HollyBat","floor":24.0,"turns":4.0},{"damage":24.0,"enemies":"Gremlin Leader","floor":25.0,"turns":7.0},{"damage":14.0,"enemies":"Sentry and Sphere","floor":31.0,"turns":3.0},{"damage":21.0,"enemies":"Replay:Snechameleon","floor":33.0,"turns":3.0},{"damage":42.0,"enemies":"conspire:MysteriousRune","floor":35.0,"turns":4.0},{"damage":19.0,"enemies":"3 Darklings","floor":37.0,"turns":4.0},{"damage":6.0,"enemies":"3 Shapes","floor":38.0,"turns":1.0},{"damage":20.0,"enemies":"Jaw Worm Horde","floor":41.0,"turns":3.0},{"damage":14.0,"enemies":"Giant Head","floor":42.0,"turns":4.0},{"damage":19,"enemies":"Reptomancer","floor":49,"turns":3},{"damage":9,"enemies":"4 Shapes","floor":50,"turns":2},{"damage":14,"enemies":"Maw","floor":51,"turns":3},{"damage":24,"enemies":"Nemesis","floor":52,"turns":3},{"damage":49,"enemies":"Donu and Deca","floor":54,"turns":6},{"damage":21,"enemies":"Shield and Spear","floor":58,"turns":4},{"damage":22,"enemies":"The Heart","floor":59,"turns":5}],"seed_played":"7979212607932071969","potions_obtained":[{"floor":10.0,"key":"LiquidMemories"},{"floor":12.0,"key":"SteroidPotion"}],"is_trial":false,"path_per_floor":["M","?","$","?","?","R","E","R","T","M","E","M","M","E","R","B",null,"M","M","$","?","M","E","M","E","T","$","R","PTL","PTL","M","$","E","R","B",null,"M","M","?","$","M","E","T","PTL","PTL","?","T","R","E","M","M","E","R","B",null,"R","$","E","B",null],"character_chosen":"IRONCLAD","items_purchased":["Blue Doll","testmod-LifeArmor","GuppysCollar","GuppysTail","War Paint","Another Sword","Habit","Bag of Preparation","Chaos","MerchantsRug","Eternal Feather","testmod-CasingShield","ClockworkSouvenir","vexMod:RetaliationKit","Rupture"],"campfire_rested":0,"item_purchase_floors":[3,3,17,17,20,20,27,27,40,40,40,57,57,57,57],"current_hp_per_floor":[79,80,80,69,53,53,60,60,60,68,71,80,80,76,76,85,62,51,50,50,50,57,62,62,58,58,58,58,58,58,51,51,54,54,26,57,54,57,57,57,57,63,63,63,63,67,67,67,54,65,59,55,67,53,67,72,72,72,69],"gold":61,"neow_bonus":"THREE_ENEMY_KILL","is_daily":false,"chose_seed":false,"campfire_upgraded":7,"win_rate":0.0,"timestamp":1608119812,"path_taken":["M","?","$","?","?","R","E","R","T","M","E","M","M","E","R","BOSS","M","?","$","?","M","E","M","E","T","$","R","PTL","PTL","M","$","E","R","BOSS","M","M","?","$","M","E","?","PTL","PTL","?","T","R","E","?","M","E","R","BOSS","R","$","E","BOSS"],"items_purchased_type":["Relic","Relic","Relic","Relic","Relic","Relic","Relic","Relic","Card","Relic","Relic","Relic","Relic","Relic","Card"],"build_version":"2020-12-13","purchased_purges":3,"victory":true,"max_hp_per_floor":[80,80,80,80,80,80,80,80,80,80,80,80,80,80,80,85,62,62,62,62,62,62,62,62,62,62,62,62,62,62,62,62,62,62,67,67,67,67,67,67,67,67,67,67,67,67,67,67,67,67,67,67,67,72,72,72,72,72,77],"card_choices":[{"not_picked":[],"picked":"ChaosCard","floor":0.0},{"not_picked":["Hemokinesis","ReplayTheSpireMod:Strike From Hell"],"picked":"Bomb","floor":1.0},{"not_picked":["Clothesline","Flex"],"picked":"Hemogenesis","floor":2.0},{"not_picked":["conspire:HitWhereItHurts","Impervious"],"picked":"Exhume","floor":7.0},{"not_picked":["Disarm","Heavy Blade"],"picked":"Pommel Strike","floor":10.0},{"not_picked":["conspire:HitWhereItHurts","Corruption"],"picked":"Eclipse","floor":11.0},{"not_picked":["Cleave","Burning Pact"],"picked":"Pummel","floor":12.0},{"not_picked":["Wild Strike","Headbutt"],"picked":"Replay:Undeath\u0027s Touch","floor":13.0},{"not_picked":["Hemogenesis","Berserk"],"picked":"Replay:Many Hands","floor":14.0},{"not_picked":["Corruption","Barricade"],"picked":"Berserk","floor":16.0},{"not_picked":["ReplayTheSpireMod:LeadingStrike","Evolve"],"picked":"Burning Pact+1","floor":18.0},{"not_picked":["Run Through","Clash+1","Perfected Strike+1"],"picked":"SKIP","floor":19.0},{"not_picked":["Burning Pact","Clothesline"],"picked":"Juggernaut","floor":22.0},{"not_picked":["Demonic Infusion","Reaper"],"picked":"Brutality","floor":23.0},{"not_picked":["Rupture","Pummel"],"picked":"Armaments+1","floor":24.0},{"not_picked":["Juggernaut","Demonic Infusion"],"picked":"Offering","floor":25.0},{"not_picked":["Wild Strike","Perfected Strike","Warcry"],"picked":"SKIP","floor":31.0},{"not_picked":["Bludgeon","conspire:Purge","Fiend Fire"],"picked":"SKIP","floor":33.0},{"not_picked":["Exhume","conspire:Purge"],"picked":"Replay:Many Hands","floor":35.0},{"not_picked":["Power Through","Infernal Blade","Perfected Strike"],"picked":"SKIP","floor":37.0},{"not_picked":["Whirlwind+1","Rampage"],"picked":"Armaments","floor":38.0},{"not_picked":["Wild Strike+1","Replay:Undeath\u0027s Touch+1"],"picked":"Armaments","floor":41.0},{"not_picked":["Impervious","Feed"],"picked":"Demon Form","floor":42.0},{"not_picked":["Fiend Fire","Eclipse"],"picked":"Demonic Infusion","floor":49},{"not_picked":["Thunderclap+1","Havoc+1"],"picked":"Feel No Pain","floor":50},{"not_picked":["Headbutt+1","Anger"],"picked":"Defy Death","floor":51},{"not_picked":["Hemogenesis","Replay:Many Hands"],"picked":"Brutality","floor":52},{"not_picked":["Demonic Infusion","Berserk"],"picked":"Exhume","floor":58}],"player_experience":474701,"relics_obtained":[{"floor":2.0,"key":"HowToJump"},{"floor":7.0,"key":"Shuriken"},{"floor":11.0,"key":"Omamori"},{"floor":14.0,"key":"AnarchistCookbook"},{"floor":23.0,"key":"Replay:Baseball"},{"floor":25.0,"key":"testmod-EqualTreatment"},{"floor":26.0,"key":"Replay:Bottled Snecko"},{"floor":33.0,"key":"Blood Vial"},{"floor":42.0,"key":"Regal Pillow"},{"floor":43.0,"key":"Du-Vu Doll"},{"floor":47,"key":"WristBlade"},{"floor":49,"key":"Symbiotic Virus"},{"floor":52,"key":"Bird Faced Urn"},{"floor":58,"key":"Charon\u0027s Ashes"}],"event_choices":[{"damage_healed":0.0,"max_hp_gain":0.0,"max_hp_loss":0.0,"gold_gain":75.0,"event_name":"World of Goop","player_choice":"Gather Gold","floor":4.0,"gold_loss":0.0,"damage_taken":11.0},{"damage_healed":0.0,"max_hp_gain":0.0,"max_hp_loss":0.0,"gold_gain":0.0,"event_name":"Shining Light","player_choice":"Entered Light","floor":5.0,"gold_loss":0.0,"damage_taken":16.0,"cards_upgraded":["Strike_R","Strike_R"]},{"damage_healed":0.0,"max_hp_gain":0.0,"max_hp_loss":0.0,"gold_gain":0.0,"event_name":"给自己的盒子","player_choice":"Swap Relic","floor":21.0,"relics_lost":["NeowsBlessing"],"gold_loss":0.0,"damage_taken":0.0,"relics_obtained":["NeowsBlessing"]},{"damage_healed":0.0,"max_hp_gain":0.0,"max_hp_loss":0.0,"gold_gain":400.0,"event_name":"恩洛斯的盘子","player_choice":"Sell","floor":39.0,"relics_lost":["testmod-TestBox"],"gold_loss":0.0,"damage_taken":0.0}],"is_beta":false,"boss_relics":[{"not_picked":["Snecko Eye","ChewingGum"],"picked":"Sozu"},{"not_picked":[]},{"not_picked":["Replay:Wanted Poster","conspire:SeveredTorchhead"],"picked":"Cursed Key"},{"not_picked":[]}],"items_purged_floors":[3,20,57],"is_endless":false,"potions_floor_spawned":[10,12,22,23,24,31,35,37,41,49,51,58],"ascension_level":10}}