{"host":"usrgk25etjl0nf5i","time":1608096460,"event":{"mods":["2.2 Compatiblity","BaseMod","Downfall","Hermit","Hubris","Minty Spire (QoL Compilation)","StSLib","SuperFastMode","The Disciple","The Hierophant"],"gold_per_floor":[116,116,86,100,175,175,206,224,271,271,271,37,37,56,56,160,160,171,22,112,132,22,54,71,71,71,71,90,108,127,160,160,263,263,278,553,570,2,54,54,85,23,105,105,133,133,146,156,156,156],"floor_reached":51,"playtime":2243,"items_purged":["Strike_B","Regret"],"score":1202,"play_id":"8b20c4ed-4980-4174-8d67-7ccde6e56559","local_time":"20201215212740","is_ascension_mode":true,"campfire_choices":[{"floor":6,"key":"REST"},{"floor":11,"key":"REST"},{"floor":13,"key":"REST"},{"data":"Buffer","floor":15,"key":"SMITH"},{"floor":25,"key":"REST"},{"data":"Zap","floor":27,"key":"SMITH"},{"floor":32,"key":"REST"},{"floor":40,"key":"REST"},{"data":"Thunder Strike","floor":46,"key":"SMITH"},{"floor":49,"key":"REST"}],"circlet_count":0,"master_deck":["Strike_B","Strike_B","Defend_B","Defend_B","Defend_B","Defend_B","Zap+1","Dualcast","Storm","Leap","White Noise","Buffer+1","White Noise","Thunder Strike+1","Ball Lightning","expansioncontent:Hexaburn","Conserve Battery+1","hubris:Ukulele","Heatsinks","Conserve Battery","Hologram+1","Creative AI","BootSequence","Static Discharge","Buffer","Conserve Battery+1","Conserve Battery+1","Turbo","Capacitor","Loop","Static Discharge","Storm","Capacitor","Beam Cell+1","Force Field","Defragment","hubris:PowerSurge+1"],"relics":["Cracked Core","Oddly Smooth Stone","Blood Vial","Bronze Scales","expansioncontent:StudyCardRelic","Guardian:BottledAnomaly","Pen Nib","The Courier","Smiling Mask","sneckomod:SneckoTalon","hubris:MysteriousPyramids","hubris:Zylophone","Regal Pillow","Bottled Lightning","Singing Bowl"],"acts_visited":["Exordium","TheCity","TheBeyond"],"potions_floor_usage":[7,7,21,23,24,28,30,31,35,45,50],"damage_taken":[{"damage":1,"enemies":"2 Louse","floor":1,"turns":3},{"damage":0,"enemies":"Jaw Worm","floor":4,"turns":3},{"damage":28,"enemies":"Gremlin Nob","floor":7,"turns":5},{"damage":0,"enemies":"Cultist","floor":8,"turns":3},{"damage":8,"enemies":"Exordium Wildlife","floor":14,"turns":4},{"damage":5,"enemies":"Slime Boss","floor":16,"turns":15},{"damage":4,"enemies":"Chosen","floor":18,"turns":4},{"damage":6,"enemies":"2 Thieves","floor":21,"turns":3},{"damage":17,"enemies":"Gremlin Leader","floor":23,"turns":3},{"damage":13,"enemies":"Snake Plant","floor":24,"turns":4},{"damage":12,"enemies":"Snecko","floor":28,"turns":3},{"damage":24,"enemies":"3 Cultists","floor":29,"turns":3},{"damage":8,"enemies":"Snake Plant","floor":30,"turns":4},{"damage":7,"enemies":"Slavers","floor":31,"turns":5},{"damage":20,"enemies":"hubris:MusketHawk","floor":33,"turns":6},{"damage":6,"enemies":"3 Darklings","floor":35,"turns":3},{"damage":20,"enemies":"3 Shapes","floor":37,"turns":4},{"damage":30,"enemies":"2 Orb Walkers","floor":39,"turns":4},{"damage":0,"enemies":"Giant Head","floor":41,"turns":7},{"damage":0,"enemies":"Reptomancer","floor":45,"turns":4},{"damage":32,"enemies":"Jaw Worm Horde","floor":47,"turns":3},{"damage":1,"enemies":"Spire Growth","floor":48,"turns":3},{"damage":8,"enemies":"hubris:GrandSnecko","floor":50,"turns":7}],"seed_played":"3680171269899184907","potions_obtained":[{"floor":1,"key":"LiquidBronze"},{"floor":3,"key":"SteroidPotion"},{"floor":3,"key":"DistilledChaos"},{"floor":8,"key":"LiquidMemories"},{"floor":16,"key":"sneckomod:MuddlingPotion"},{"floor":23,"key":"champ:CounterPotion"},{"floor":24,"key":"sneckomod:MuddlingPotion"},{"floor":28,"key":"DuplicationPotion"},{"floor":30,"key":"Fire Potion"},{"floor":37,"key":"Fire Potion"},{"floor":47,"key":"SpeedPotion"},{"floor":48,"key":"Dexterity Potion"}],"is_trial":false,"path_per_floor":["M","?","?","M","?","R","E","M","T","?","R","$","R","M","R","B",null,"M","$","?","M","$","E","M","R","T","R","M","M","M","E","R","B",null,"M","?","M","$","?","R","E","$","T","?","E","R","M","M","R","B",null],"character_chosen":"DEFECT","items_purchased":["Buffer","Guardian:BottledAnomaly","hubris:Ukulele","Heatsinks","Turbo","hubris:MysteriousPyramids","Capacitor","Loop","Static Discharge","Storm","Capacitor","Defragment"],"campfire_rested":7,"item_purchase_floors":[12,19,22,22,38,38,38,38,38,38,38,42],"current_hp_per_floor":[74,32,32,32,21,45,17,19,19,12,36,36,60,54,54,51,74,72,72,54,50,50,35,24,48,48,48,38,16,10,5,29,11,64,60,60,42,42,14,38,40,40,40,72,74,74,44,45,76,68],"gold":156,"neow_bonus":"TEN_PERCENT_HP_BONUS","is_daily":false,"chose_seed":false,"campfire_upgraded":3,"win_rate":0.0,"timestamp":1608096460,"path_taken":["M","?","?","?","?","R","E","M","T","?","R","$","R","M","R","BOSS","M","$","?","M","?","E","M","R","T","R","M","?","M","E","R","BOSS","M","?","?","?","?","R","E","$","T","?","E","R","M","M","R","BOSS"],"items_purchased_type":["Card","Relic","Card","Card","Card","Relic","Card","Card","Card","Card","Card","Card"],"build_version":"2020-12-13","purchased_purges":2,"victory":true,"max_hp_per_floor":[82,82,82,82,82,82,82,82,82,82,82,82,82,82,82,82,82,82,82,82,82,82,82,82,82,82,82,82,82,82,82,82,82,82,82,82,82,82,82,82,82,82,82,72,74,74,76,76,76,76],"card_choices":[{"not_picked":["Chaos","Hologram"],"picked":"Storm","floor":1},{"not_picked":["Gash","Coolheaded"],"picked":"Leap","floor":4},{"not_picked":["Gash","Go for the Eyes"],"picked":"White Noise","floor":7},{"not_picked":["Streamline","Melter","Coolheaded"],"picked":"SKIP","floor":8},{"not_picked":["Aggregate","Sunder"],"picked":"White Noise","floor":14},{"not_picked":["Reboot","Machine Learning"],"picked":"Thunder Strike","floor":16},{"not_picked":["Beam Cell","Hologram"],"picked":"Ball Lightning","floor":18},{"not_picked":["White Noise","Turbo"],"picked":"Conserve Battery+1","floor":21},{"not_picked":["Barrage+1","Aggregate"],"picked":"Conserve Battery","floor":23},{"not_picked":["Doom and Gloom","Stack","Reinforced Body+1"],"picked":"SKIP","floor":24},{"not_picked":["FTL","Streamline"],"picked":"Hologram+1","floor":28},{"not_picked":["Defragment","Sunder"],"picked":"Creative AI","floor":29},{"not_picked":["Rebound","Steam"],"picked":"BootSequence","floor":30},{"not_picked":["Heatsinks","Streamline"],"picked":"Static Discharge","floor":31},{"not_picked":["Rainbow","Reboot"],"picked":"Buffer","floor":33},{"not_picked":["Cold Snap","Redo"],"picked":"Conserve Battery+1","floor":35},{"not_picked":["Cold Snap","Go for the Eyes+1"],"picked":"Conserve Battery+1","floor":37},{"not_picked":["Streamline+1","Genetic Algorithm"],"picked":"Beam Cell+1","floor":39},{"not_picked":["hubris:SpecializedCircuitry","Cold Snap+1"],"picked":"Force Field","floor":41},{"not_picked":["Reinforced Body+1","Streamline+1","Steam+1"],"picked":"Singing Bowl","floor":45},{"not_picked":["Turbo","Sweeping Beam","FTL"],"picked":"Singing Bowl","floor":47},{"not_picked":["Gash","Doom and Gloom"],"picked":"hubris:PowerSurge+1","floor":48}],"player_experience":651680,"relics_obtained":[{"floor":7,"key":"Blood Vial"},{"floor":9,"key":"Bronze Scales"},{"floor":23,"key":"Pen Nib"},{"floor":26,"key":"The Courier"},{"floor":31,"key":"Smiling Mask"},{"floor":39,"key":"hubris:Zylophone"},{"floor":41,"key":"Regal Pillow"},{"floor":43,"key":"Bottled Lightning"},{"floor":45,"key":"Singing Bowl"}],"event_choices":[{"damage_healed":0,"gold_gain":0,"player_choice":"Success","damage_taken":42,"relics_obtained":["Oddly Smooth Stone"],"max_hp_gain":0,"max_hp_loss":0,"event_name":"Scrap Ooze","floor":2,"gold_loss":0},{"damage_healed":0,"gold_gain":0,"player_choice":"Bought 2 Potions","damage_taken":0,"max_hp_gain":0,"max_hp_loss":0,"event_name":"The Woman in Blue","floor":3,"gold_loss":0},{"damage_healed":0,"gold_gain":75,"player_choice":"Gather Gold","damage_taken":11,"max_hp_gain":0,"max_hp_loss":0,"event_name":"World of Goop","floor":5,"gold_loss":0},{"cards_removed":["Strike_B"],"damage_healed":0,"gold_gain":0,"player_choice":"Card Removal","damage_taken":7,"max_hp_gain":0,"max_hp_loss":0,"event_name":"Golden Wing","floor":10,"gold_loss":0},{"damage_healed":0,"gold_gain":90,"player_choice":"CARD GOLD ","damage_taken":18,"max_hp_gain":0,"max_hp_loss":0,"event_name":"Knowing Skull","floor":20,"potions_obtained":[],"gold_loss":0,"cards_obtained":["expansioncontent:Hexaburn"]},{"damage_healed":0,"gold_gain":275,"player_choice":"Desecrate","damage_taken":0,"max_hp_gain":0,"max_hp_loss":0,"event_name":"Golden Shrine","floor":36,"gold_loss":0,"cards_obtained":["Regret"]},{"damage_healed":0,"gold_gain":0,"player_choice":"Fight","damage_taken":0,"max_hp_gain":0,"max_hp_loss":0,"event_name":"Mysterious Sphere","floor":39,"gold_loss":0},{"damage_healed":72,"gold_gain":0,"player_choice":"Heal","damage_taken":0,"max_hp_gain":0,"max_hp_loss":10,"event_name":"The Moai Head","floor":44,"gold_loss":0}],"is_beta":false,"boss_relics":[{"not_picked":["hubris:CrackedHourglass","Empty Cage"],"picked":"expansioncontent:StudyCardRelic"},{"not_picked":["Philosopher\u0027s Stone","Calling Bell"],"picked":"sneckomod:SneckoTalon"}],"items_purged_floors":[12,38],"is_endless":false,"potions_floor_spawned":[1,8,16,23,24,28,30,37,47,48],"ascension_level":9}}