{"host":"igi9xpgoc000gxf5","time":1608147326,"event":{"mods":["BaseMod","Colored Powertips","Downfall","Googly Eyes","Minty Spire (QoL Compilation)","StSLib"],"gold_per_floor":[99,99,199,199,219,219,219,244,169,197,215,230,405,405,420,515,515,440,440,440,440,457,457,457,492,592,517,7,7,19,4,18,118,118,118,147,147,147,147,160,160,176,176,176,20,38,38,0,10,10,10,10,10],"floor_reached":52,"playtime":3191,"items_purged":[],"score":702,"play_id":"000efd15-ff06-4213-abf3-3c1a98c36f70","local_time":"20201216203526","is_ascension_mode":false,"campfire_choices":[{"data":"Guardian:CurlUp","floor":1,"key":"SMITH"},{"floor":6,"key":"RECALL"},{"floor":9,"key":"REST"},{"data":"Guardian:BaubleBeam","floor":18,"key":"SMITH"},{"floor":20,"key":"REST"},{"data":"Guardian:DecasProtection","floor":23,"key":"SMITH"},{"floor":27,"key":"REST"},{"data":"Guardian:RollAttack","floor":35,"key":"SMITH"},{"data":"Guardian:Repulse","floor":37,"key":"SMITH"},{"data":"Guardian:WalkerClaw","floor":39,"key":"SMITH"},{"data":"Guardian:Preprogram","floor":44,"key":"SMITH"}],"circlet_count":0,"master_deck":["Guardian:Strike_Guardian","Guardian:Strike_Guardian","Guardian:Defend_Guardian","Guardian:Defend_Guardian","Guardian:Defend_Guardian","Guardian:Defend_Guardian","Guardian:CurlUp+1","Guardian:DecasProtection+1","Guardian:BaubleBeam+1","Doubt","Guardian:Repulse+1","Guardian:ExploitGems","Guardian:RollAttack+1","Guardian:ChargeCore","Guardian:Harden","J.A.X.","Guardian:ChargeUp","Guardian:ChargeCore","Guardian:Preprogram+1","Guardian:WalkerClaw+1","Guardian:Planning","Guardian:CrystalBeam+1","Guardian:ShieldSpikes","Guardian:TemporalStrike","Doubt","Guardian:PolyBeam+1","Guardian:Gem_Blue","Guardian:WalkerClaw","Guardian:WalkerClaw","Guardian:ArmoredProtocol+1","expansioncontent:DonusPower","Guardian:PrimingBeam","Guardian:ChargeUp+1"],"relics":["Guardian:ModeShifter","Centennial Puzzle","WarpedTongs","HornCleat","MealTicket","downfall:HeartBlessingRed","Blood Vial","Philosopher\u0027s Stone","downfall:HeartBlessingGreen","Enchiridion","The Courier","MutagenicStrength","downfall:HeartBlessingBlue","Ginger","Darkstone Periapt","SlaversCollar","Boot","Meat on the Bone","Torii","Nunchaku"],"acts_visited":["Exordium","TheCity","TheBeyond","TheEnding"],"potions_floor_usage":[10,16,16,26,33,36,36,52],"damage_taken":[{"damage":3,"enemies":"2 Louse","floor":5,"turns":3},{"damage":24,"enemies":"3 Sentries","floor":8,"turns":12},{"damage":18,"enemies":"Lagavulin","floor":10,"turns":7},{"damage":2,"enemies":"Jaw Worm","floor":11,"turns":3},{"damage":3,"enemies":"Small Slimes","floor":12,"turns":3},{"damage":13,"enemies":"Red Slaver","floor":15,"turns":5},{"damage":34,"enemies":"downfall:Ironclad","floor":16,"turns":9},{"damage":0,"enemies":"Spheric Guardian","floor":22,"turns":5},{"damage":55,"enemies":"Gremlin Leader","floor":25,"turns":8},{"damage":20,"enemies":"downfall:Augmenter","floor":26,"turns":5},{"damage":3,"enemies":"downfall:FleeingMerchant","floor":28,"turns":4},{"damage":15,"enemies":"Chosen","floor":30,"turns":3},{"damage":6,"enemies":"downfall:FleeingMerchant","floor":31,"turns":4},{"damage":4,"enemies":"Centurion and Healer","floor":32,"turns":3},{"damage":11,"enemies":"downfall:Silent","floor":33,"turns":4},{"damage":13,"enemies":"Reptomancer","floor":36,"turns":5},{"damage":10,"enemies":"3 Darklings","floor":40,"turns":5},{"damage":6,"enemies":"Orb Walker","floor":42,"turns":5},{"damage":4,"enemies":"downfall:FleeingMerchant","floor":45,"turns":4},{"damage":41,"enemies":"Spire Growth","floor":46,"turns":4},{"damage":13,"enemies":"4 Shapes","floor":49,"turns":4},{"damage":13,"enemies":"downfall:Watcher","floor":50,"turns":6},{"damage":103,"enemies":"downfall:CharBossMerchant","floor":52,"turns":8}],"seed_played":"166889150636534513","potions_obtained":[{"floor":0,"key":"SpeedPotion"},{"floor":0,"key":"CultistPotion"},{"floor":0,"key":"ColorlessPotion"},{"floor":5,"key":"Swift Potion"},{"floor":10,"key":"SteroidPotion"},{"floor":25,"key":"AttackPotion"},{"floor":30,"key":"hexamod:EctoCoolerPotion"},{"floor":33,"key":"hexamod:EctoCoolerPotion"},{"floor":49,"key":"SpeedPotion"}],"is_trial":false,"path_per_floor":["R","?","?","?","M","R","T","E","R","E","M","M","?","?","M","B",null,"R","?","R","?","M","R","T","E","?","R","$","?","M","$","M","B",null,"R","E","R","?","R","M","T","M","?","R","$","M","?","$","M","B",null,"E"],"character_chosen":"GUARDIAN","items_purchased":["Ginger","Darkstone Periapt","Guardian:Preprogram","Torii","Nunchaku","Guardian:Gem_Blue","Guardian:WalkerClaw","Guardian:WalkerClaw","Guardian:PrimingBeam"],"campfire_rested":3,"item_purchase_floors":[28,28,28,45,45,45,45,45,48],"current_hp_per_floor":[80,77,77,77,74,74,74,50,74,56,56,55,55,80,67,35,80,80,64,80,80,80,80,80,25,7,44,58,58,45,56,54,45,90,90,77,77,77,77,69,69,65,96,96,92,53,53,68,57,58,96,0,0],"gold":10,"neow_bonus":"THREE_SMALL_POTIONS","is_daily":false,"chose_seed":false,"campfire_upgraded":7,"win_rate":0.0,"timestamp":1608147326,"path_taken":["R","?","?","?","M","R","T","E","R","E","?","M","?","?","M","BOSS","R","?","R","?","M","R","T","E","?","R","$","?","M","?","M","BOSS","R","E","R","?","R","M","T","M","?","R","$","M","?","$","M","BOSS","E"],"items_purchased_type":["Relic","Relic","Card","Relic","Relic","Card","Card","Card","Card"],"build_version":"2020-12-13","purchased_purges":0,"victory":false,"max_hp_per_floor":[80,80,80,80,80,80,80,80,80,80,80,80,80,80,80,80,80,80,80,80,80,80,80,80,80,80,90,90,90,90,90,90,90,90,90,90,90,90,90,90,90,90,96,96,96,96,96,96,96,96,96,96,96],"card_choices":[{"not_picked":["Guardian:SpikerProtocol","Guardian:FloatingOrbs"],"picked":"Guardian:Gem_Red","floor":5},{"not_picked":["Guardian:PrimingBeam","Guardian:Reroute"],"picked":"Guardian:DecasProtection","floor":8},{"not_picked":["Guardian:Reroute","Guardian:ShieldCharger"],"picked":"Guardian:Gem_Red","floor":10},{"not_picked":["Guardian:Gem_Green","Guardian:Recover"],"picked":"Guardian:Gem_Red","floor":11},{"not_picked":["Guardian:Suspension","Guardian:Gem_Crimson"],"picked":"Guardian:BaubleBeam","floor":12},{"not_picked":["Guardian:MultiBeam","Guardian:DecasProtection"],"picked":"Guardian:Repulse","floor":15},{"not_picked":["Guardian:ConstructionForm","Guardian:HyperBeam_Guardian"],"picked":"Guardian:ExploitGems","floor":16},{"not_picked":["Guardian:VentSteam+1","Guardian:TemporalShield+1"],"picked":"Guardian:RollAttack","floor":22},{"not_picked":["Guardian:PrismaticBarrier+1","Guardian:RollAttack"],"picked":"Guardian:ChargeCore","floor":25},{"not_picked":[],"picked":"J.A.X.","floor":26},{"not_picked":["Guardian:Gem_Red","Guardian:AncientConstruct"],"picked":"Guardian:ChargeUp","floor":26},{"not_picked":["Guardian:Gem_Green","Guardian:Preprogram"],"picked":"Guardian:ChargeCore","floor":28},{"not_picked":["Guardian:VentSteam","Guardian:Recover"],"picked":"Guardian:WalkerClaw","floor":30},{"not_picked":["Guardian:TimeCapacitor","Guardian:Suspension"],"picked":"Guardian:Planning","floor":31},{"not_picked":["Guardian:Suspension","Guardian:VentSteam"],"picked":"Guardian:CrystalBeam+1","floor":32},{"not_picked":["Guardian:ConstructionForm","Guardian:FastForward"],"picked":"Guardian:Gem_Synthetic","floor":33},{"not_picked":["Guardian:Reroute","Guardian:PrismaticBarrier"],"picked":"Guardian:ShieldSpikes","floor":36},{"not_picked":["Guardian:PrismaticBarrier","Guardian:ChargeUp+1"],"picked":"Guardian:Gem_White","floor":40},{"not_picked":["Guardian:PrimingBeam","Guardian:PolyBeam"],"picked":"Guardian:TemporalStrike","floor":42},{"not_picked":["Guardian:Emergency+1","Guardian:ShieldCharger"],"picked":"Guardian:PolyBeam+1","floor":45},{"not_picked":["Guardian:Gem_Cyan","Guardian:TemporalStrike+1"],"picked":"Guardian:ArmoredProtocol+1","floor":46},{"not_picked":["expansioncontent:Hexaburn","expansioncontent:DecasProtection"],"picked":"expansioncontent:DonusPower","floor":47},{"not_picked":["Guardian:Preprogram+1","Guardian:PiercingHide"],"picked":"Guardian:ChargeUp+1","floor":49}],"player_experience":873614,"relics_obtained":[{"floor":7,"key":"HornCleat"},{"floor":8,"key":"MealTicket"},{"floor":10,"key":"Blood Vial"},{"floor":19,"key":"Enchiridion"},{"floor":25,"key":"The Courier"},{"floor":26,"key":"MutagenicStrength"},{"floor":36,"key":"Boot"},{"floor":41,"key":"Meat on the Bone"}],"event_choices":[{"damage_healed":0,"gold_gain":0,"player_choice":"Success","damage_taken":3,"relics_obtained":["Centennial Puzzle"],"max_hp_gain":0,"max_hp_loss":0,"event_name":"Scrap Ooze","floor":2,"gold_loss":0},{"damage_healed":26,"gold_gain":0,"player_choice":"Banana","damage_taken":0,"max_hp_gain":0,"max_hp_loss":0,"event_name":"Big Fish","floor":14,"gold_loss":0},{"damage_healed":0,"gold_gain":0,"player_choice":"Ignored","damage_taken":0,"max_hp_gain":0,"max_hp_loss":0,"event_name":"Mysterious Sphere","floor":38,"gold_loss":0}],"is_beta":false,"boss_relics":[{"not_picked":["Ectoplasm","Cursed Key"],"picked":"Philosopher\u0027s Stone"},{"not_picked":["Sozu","Coffee Dripper"],"picked":"SlaversCollar"}],"items_purged_floors":[],"is_endless":false,"potions_floor_spawned":[5,8,10,25,30,33,49],"killed_by":"downfall:CharBossMerchant","ascension_level":0}}