{"host":"u0ul4tg7h190tzjo","time":1608077086,"event":{"mods":["AchievementEnabler","Act Like it!","Aspiration","BaseMod","Beaked The Cultist","Better Altar","Better Note","Better Sensory Stone","Better Skull","Better Third Choice","Colored Powertips","Conspire","Downfall","Energized Spire","GifTheSpireLib","Hubris","Minty Spire (QoL Compilation)","Rare Cards Sparkle","Shop Mod","Spikes Relics","StSLib","Stuff the Spire","The Dragon Tamer","vexMod"],"gold_per_floor":[99,99,24,44,44,61,61,8,8,42,65,65,77,87,114,217,217,67,67,67,67,16,35,61,86,79,79,104,124,124,147,170,265,265,265,275,302,302,78,102,102,143,143,175,175,234,234,234],"floor_reached":47,"playtime":5879,"items_purged":["hexamod:FirstSeal","expansioncontent:Torchfire"],"score":555,"play_id":"058211d2-590e-45dc-8e46-cc4f464b6bf0","local_time":"20201215190446","is_ascension_mode":false,"campfire_choices":[{"floor":1.0,"key":"RECALL"},{"data":"hexamod:Float","floor":3.0,"key":"SMITH"},{"data":"hexamod:GhostShield","floor":5.0,"key":"SMITH"},{"data":"hexamod:FastForward","floor":9.0,"key":"SMITH"},{"data":"hexamod:Sear","floor":18.0,"key":"SMITH"},{"data":"hexamod:InspiringFlames","floor":20.0,"key":"SMITH"},{"data":"hexamod:HeatShield","floor":27.0,"key":"SMITH"},{"floor":35,"key":"REST"},{"floor":38,"key":"REST"},{"floor":43,"key":"REST"}],"circlet_count":0,"master_deck":["hexamod:Strike+1","hexamod:Strike+1","hexamod:Strike+1","hexamod:Strike+1","hexamod:Defend+1","hexamod:Defend+1","hexamod:Defend+1","hexamod:Sear+1","hexamod:Float+1","hexamod:GhostShield+1","hexamod:InspiringFlames+1","hexamod:FastForward+1","hexamod:BurningTouch+1","hexamod:PhantomFireball+1","hexamod:EmpoweredFlame","hexamod:RadiantFlame+1","hexamod:DynamicBlow+1","hexamod:HeatShield+1","hexamod:HeatCrush+1","hexamod:FastForward+1","hexamod:FastForward+1","hexamod:GhostOfSpirePresent+1","hexamod:HexaLevel+1","hexamod:GhostflameBarrier+1","hexamod:EmpoweringStance+1","hexamod:RainOfEmbers+1","expansioncontent:AwakenDeath","hexamod:FastForward+1","hexamod:GhostShield+1","hexamod:Hexaguard"],"relics":["hexamod:SpiritBrand","downfall:HeartBlessingRed","SpikesRelics:DaevaFist","Sozu","downfall:HeartBlessingGreen","downfall:HeartBlessingBlue","Dream Catcher","vexMod:ImprovementManual","conspire:Dentures","hexamod:TheBrokenSeal","Bronze Scales","StuffTheSpire:NeowsTribute","Art of War"],"acts_visited":["Exordium","TheCity","TheBeyond"],"potions_floor_usage":[33],"damage_taken":[{"damage":0.0,"enemies":"Small Slimes","floor":4.0,"turns":3.0},{"damage":0.0,"enemies":"Cultist","floor":6.0,"turns":3.0},{"damage":0.0,"enemies":"downfall:FleeingMerchant","floor":8.0,"turns":4.0},{"damage":8.0,"enemies":"Lagavulin","floor":10.0,"turns":6.0},{"damage":0.0,"enemies":"2 Louse","floor":11.0,"turns":3.0},{"damage":6.0,"enemies":"Blue Slaver","floor":13.0,"turns":3.0},{"damage":13.0,"enemies":"3 Louse","floor":14.0,"turns":4.0},{"damage":2.0,"enemies":"Large Slime","floor":15.0,"turns":4.0},{"damage":60.0,"enemies":"downfall:Silent","floor":16.0,"turns":9.0},{"damage":9.0,"enemies":"downfall:FleeingMerchant","floor":22.0,"turns":4.0},{"damage":0.0,"enemies":"Shell Parasite","floor":23.0,"turns":3.0},{"damage":2.0,"enemies":"Spheric Guardian","floor":25.0,"turns":5.0},{"damage":0.0,"enemies":"downfall:FleeingMerchant","floor":26.0,"turns":4.0},{"damage":11.0,"enemies":"Centurion and Healer","floor":28.0,"turns":6.0},{"damage":8.0,"enemies":"Snake Plant","floor":29.0,"turns":6.0},{"damage":25,"enemies":"Snecko","floor":31,"turns":5},{"damage":21,"enemies":"Centurion and Healer","floor":32,"turns":8},{"damage":20,"enemies":"downfall:Defect","floor":33,"turns":9},{"damage":46,"enemies":"3 Darklings","floor":36,"turns":9},{"damage":10,"enemies":"3 Shapes","floor":37,"turns":5},{"damage":0,"enemies":"downfall:FleeingMerchant","floor":39,"turns":4},{"damage":50,"enemies":"Spire Growth","floor":40,"turns":6},{"damage":91,"enemies":"conspire:MimicChest","floor":42,"turns":11},{"damage":97,"enemies":"Reptomancer","floor":44,"turns":6},{"damage":2,"enemies":"downfall:FleeingMerchant","floor":46,"turns":4},{"damage":9,"enemies":"4 Shapes","floor":47,"turns":1}],"seed_played":"-1555210379544314058","potions_obtained":[{"floor":6.0,"key":"LiquidMemories"},{"floor":11.0,"key":"FearPotion"},{"floor":14.0,"key":"Fruit Juice"},{"floor":15.0,"key":"Dexterity Potion"},{"floor":16.0,"key":"Strength Potion"}],"is_trial":false,"path_per_floor":["R","?","R","M","R","M","T","$","R","E","M","?","M","M","M","B",null,"R","?","R","?","$","M","T","M","$","R","M","M","?","M","M","B",null,"R","M","M","R","$","M","T","?","R","E","?","$","M"],"character_chosen":"THE_SPIRIT","items_purchased":["hexamod:FirstSeal","hexamod:DynamicBlow","hexamod:ThirdSeal","expansioncontent:AwakenDeath","hexamod:Hexaguard","Art of War"],"campfire_rested":3,"item_purchase_floors":[8,22,39,39,46,46],"current_hp_per_floor":[77,77,77,77,77,77,77,77,77,76,77,77,77,76,81,21,82,92,92,92,84,82,82,82,87,92,92,88,80,80,55,34,21,92,92,53,50,77,91,48,48,66,96,10,10,8,0,0],"gold":234,"neow_bonus":"TEN_PERCENT_HP_BONUS","is_daily":false,"chose_seed":false,"campfire_upgraded":6,"win_rate":0.0,"timestamp":1608077086,"path_taken":["R","?","R","M","R","M","T","?","R","E","M","?","M","M","M","BOSS","R","?","R","?","$","M","T","M","?","R","?","M","?","M","M","BOSS","R","M","M","R","$","M","T","?","R","E","?","$","?"],"items_purchased_type":["Card","Card","Card","Card","Card","Relic"],"build_version":"2020-12-13","purchased_purges":2,"victory":false,"max_hp_per_floor":[77,77,77,77,77,77,77,77,77,77,77,77,77,82,82,82,82,92,92,92,92,92,92,92,92,92,92,92,92,92,92,92,92,92,92,92,92,92,92,92,92,102,102,102,102,102,102,102],"card_choices":[{"not_picked":["hexamod:NightmareGuise","hexamod:BacktrackSmack"],"picked":"hexamod:GhostShield","floor":4.0},{"not_picked":["hexamod:NightmareStrike","hexamod:SwordOfDarkness"],"picked":"hexamod:InspiringFlames","floor":6.0},{"not_picked":["hexamod:GhostOfSpirePast","hexamod:NightmareGuise"],"picked":"hexamod:FastForward","floor":8.0},{"not_picked":["hexamod:Again","hexamod:Haunt"],"picked":"hexamod:SecondSeal","floor":10.0},{"not_picked":["hexamod:RainOfEmbers","hexamod:AdvancingGuard"],"picked":"hexamod:BurningTouch","floor":11.0},{"not_picked":["hexamod:TimeOfNeed","hexamod:GhostShield"],"picked":"hexamod:PhantomFireball","floor":13.0},{"not_picked":["hexamod:SpectersWail","hexamod:PowerFromBeyond"],"picked":"hexamod:FourthSeal","floor":14.0},{"not_picked":["hexamod:NightmareStrike","hexamod:InspiringFlames"],"picked":"hexamod:EmpoweredFlame","floor":15.0},{"not_picked":["hexamod:TimeWarp","hexamod:GhostflameInferno"],"picked":"hexamod:SixthSeal","floor":16.0},{"not_picked":["hexamod:HeatMetal","hexamod:SecondSeal"],"picked":"hexamod:RadiantFlame+1","floor":22.0},{"not_picked":["hexamod:FastForward","hexamod:NightmareStrike"],"picked":"hexamod:HeatShield","floor":23.0},{"not_picked":["hexamod:PhantomCloak","hexamod:HeatMetal+1","hexamod:GhostLash"],"picked":"SKIP","floor":25.0},{"not_picked":["hexamod:EtherealExpedition","hexamod:GhostShield"],"picked":"hexamod:HeatCrush","floor":26.0},{"not_picked":["hexamod:ThermalTransfer","hexamod:GhostShield"],"picked":"hexamod:FastForward+1","floor":28.0},{"not_picked":["hexamod:ShieldOfDarkness","hexamod:InspiringFlames"],"picked":"hexamod:FastForward+1","floor":29.0},{"not_picked":["hexamod:ShieldOfDarkness","hexamod:Again"],"picked":"hexamod:GhostOfSpirePresent","floor":31},{"not_picked":["hexamod:PhantomCloak","hexamod:DynamicBlow"],"picked":"hexamod:HexaLevel","floor":32},{"not_picked":["hexamod:HexaLevel","hexamod:TurnItUp"],"picked":"hexamod:FifthSeal","floor":33},{"not_picked":["hexamod:SpectersWail+1","hexamod:SwordOfDarkness"],"picked":"hexamod:GhostflameBarrier+1","floor":35},{"not_picked":["hexamod:SecondSeal","hexamod:FirstSeal","hexamod:FifthSeal"],"picked":"SKIP","floor":36},{"not_picked":["hexamod:PowerFromBeyond","hexamod:InspiringFlames+1","hexamod:NightmareStrike+1"],"picked":"SKIP","floor":36},{"not_picked":["hexamod:GhostLash","hexamod:CatchUp+1"],"picked":"hexamod:EmpoweringStance","floor":37},{"not_picked":["hexamod:SecondSeal","hexamod:FourthSeal"],"picked":"hexamod:FirstSeal","floor":37},{"not_picked":["hexamod:NightmareStrike","hexamod:GhostOfSpireFuture"],"picked":"hexamod:RainOfEmbers+1","floor":38},{"not_picked":["hexamod:SwordOfDarkness+1","hexamod:GhostLash+1","hexamod:NightmareGuise+1"],"picked":"SKIP","floor":39},{"not_picked":["hexamod:SoulSteal+1","hexamod:HauntingEcho+1","hexamod:NightmareStrike"],"picked":"SKIP","floor":40},{"not_picked":["hexamod:HeatMetal","hexamod:RetreatToShadows","hexamod:Again"],"picked":"SKIP","floor":40},{"not_picked":["hexamod:NightmareGuise","hexamod:NecessarySacrifice"],"picked":"hexamod:FastForward+1","floor":43},{"not_picked":["hexamod:SixthSeal","hexamod:AdvancingGuard+1"],"picked":"hexamod:GhostShield+1","floor":44},{"not_picked":["hexamod:BacktrackSmack+1","hexamod:GhostOfSpirePast","hexamod:FourthSeal"],"picked":"SKIP","floor":46}],"player_experience":166196,"relics_obtained":[{"floor":10.0,"key":"SpikesRelics:DaevaFist"},{"floor":24.0,"key":"Dream Catcher"},{"floor":41,"key":"conspire:Dentures"},{"floor":42,"key":"Bronze Scales"},{"floor":44,"key":"StuffTheSpire:NeowsTribute"}],"event_choices":[{"cards_removed":["hexamod:Defend"],"damage_healed":0.0,"max_hp_gain":0.0,"max_hp_loss":0.0,"gold_gain":0.0,"event_name":"Bonfire Elementals","player_choice":"Offered Basic","floor":2.0,"gold_loss":0.0,"damage_taken":0.0},{"damage_healed":0.0,"max_hp_gain":0.0,"max_hp_loss":0.0,"gold_gain":0.0,"event_name":"Living Wall","player_choice":"Grow","floor":12.0,"gold_loss":0.0,"damage_taken":0.0,"cards_upgraded":["hexamod:BurningTouch"]},{"damage_healed":0.0,"max_hp_gain":0.0,"max_hp_loss":0.0,"gold_gain":0.0,"event_name":"Accursed Blacksmith","player_choice":"Forge","floor":19.0,"gold_loss":0.0,"damage_taken":0.0,"cards_upgraded":["hexamod:PhantomFireball"]},{"damage_healed":0,"gold_gain":0,"player_choice":"Ignored","damage_taken":0,"max_hp_gain":0,"max_hp_loss":0,"event_name":"Transmorgrifier","floor":30,"gold_loss":0}],"is_beta":false,"boss_relics":[{"not_picked":["energizedSpire:StickyHand","aspiration:WatcherSkillbook"],"picked":"Sozu"},{"not_picked":["SacredBark","Pandora\u0027s Box"],"picked":"vexMod:ImprovementManual"}],"items_purged_floors":[39,46],"is_endless":false,"potions_floor_spawned":[6,11,14,15,16,28,29,31,32,33,40,44],"killed_by":"4 Shapes","ascension_level":0}}