{"host":"o7j6aatxjwpw1421","time":1608151558,"event":{"mods":["2.2 Compatiblity","BaseMod","Colored Map","DeckTracker","Highlight Path","Keyboard Shortcuts","Minty Spire (QoL Compilation)","Permanent Neow","Quick Restart","StSLib","SuperFastMode","everything is the same but u backflip on backflip"],"gold_per_floor":[110,110,110,125,145,145,155,155,182,196,196,6,18,52,52,130,130,150,15,15,15,27,56,56,56,56,56,38,72,85,11,11,88,88,102,114,38,55,5,17,70,70,93,93,93,105,105,118,118,118],"floor_reached":51,"playtime":3237,"items_purged":["Strike_G","Parasite"],"score":1224,"play_id":"e9f50744-f6b2-4b20-bd7c-215e036af2de","local_time":"20201217054558","is_ascension_mode":true,"campfire_choices":[{"data":"A Thousand Cuts","floor":6.0,"key":"SMITH"},{"data":"Skewer","floor":8.0,"key":"SMITH"},{"data":"Neutralize","floor":11.0,"key":"SMITH"},{"data":"Envenom","floor":15.0,"key":"SMITH"},{"data":"Footwork","floor":24.0,"key":"SMITH"},{"data":"Footwork","floor":32.0,"key":"SMITH"},{"floor":45.0,"key":"RECALL"},{"data":"Accuracy","floor":47.0,"key":"SMITH"}],"circlet_count":0,"master_deck":["AscendersBane","Strike_G+1","Strike_G+1","Strike_G+1","Defend_G+1","Defend_G+1","Defend_G+1","Survivor+1","Neutralize+1","A Thousand Cuts+1","Calculated Gamble+1","Skewer+1","Cloak And Dagger+1","Blade Dance+1","Backstab+1","Leg Sweep+1","Footwork+1","Envenom+1","Venomology+1","Cloak And Dagger+1","Corpse Explosion+1","Backflip+1","Backflip+1","Accuracy+1","Prepared+1","Footwork+1","Blur+1","After Image+1","Well Laid Plans+1","After Image+1","Calculated Gamble+1","Accuracy+1"],"relics":["Ring of the Snake","Pen Nib","MealTicket","Membership Card","InkBottle","Coffee Dripper","TwistedFunnel","Tingsha","Gremlin Horn","Pear","SacredBark","Ancient Tea Set","Mark of the Bloom","Bag of Preparation"],"acts_visited":["Exordium","TheCity","TheBeyond"],"potions_floor_usage":[50,50,50],"damage_taken":[{"damage":0.0,"enemies":"2 Louse","floor":1.0,"turns":4.0},{"damage":0.0,"enemies":"Jaw Worm","floor":4.0,"turns":3.0},{"damage":0.0,"enemies":"Cultist","floor":5.0,"turns":3.0},{"damage":9.0,"enemies":"Red Slaver","floor":7.0,"turns":3.0},{"damage":3.0,"enemies":"3 Louse","floor":10.0,"turns":4.0},{"damage":0.0,"enemies":"Large Slime","floor":13.0,"turns":3.0},{"damage":0.0,"enemies":"Lagavulin","floor":14.0,"turns":6.0},{"damage":11.0,"enemies":"The Guardian","floor":16.0,"turns":9.0},{"damage":0.0,"enemies":"Shell Parasite","floor":18.0,"turns":2.0},{"damage":0.0,"enemies":"3 Byrds","floor":22.0,"turns":3.0},{"damage":20.0,"enemies":"Slavers","floor":23.0,"turns":3.0},{"damage":0.0,"enemies":"Gremlin Leader","floor":29.0,"turns":4.0},{"damage":3.0,"enemies":"Shelled Parasite and Fungi","floor":30.0,"turns":3.0},{"damage":62.0,"enemies":"Champ","floor":33.0,"turns":12.0},{"damage":10.0,"enemies":"3 Darklings","floor":35.0,"turns":4.0},{"damage":0.0,"enemies":"Orb Walker","floor":36.0,"turns":1.0},{"damage":0.0,"enemies":"Writhing Mass","floor":38.0,"turns":7.0},{"damage":24.0,"enemies":"Jaw Worm Horde","floor":40.0,"turns":3.0},{"damage":0.0,"enemies":"4 Shapes","floor":46.0,"turns":2.0},{"damage":0.0,"enemies":"Sphere and 2 Shapes","floor":48.0,"turns":4.0},{"damage":9,"enemies":"Time Eater","floor":50,"turns":6}],"seed_played":"1884185962819288957","potions_obtained":[{"floor":1.0,"key":"LiquidMemories"},{"floor":7.0,"key":"ColorlessPotion"},{"floor":16.0,"key":"DuplicationPotion"},{"floor":18.0,"key":"Swift Potion"},{"floor":29.0,"key":"FearPotion"},{"floor":30.0,"key":"Fire Potion"},{"floor":36.0,"key":"PowerPotion"},{"floor":40.0,"key":"PowerPotion"}],"is_trial":false,"path_per_floor":["M","?","?","M","M","R","M","R","T","M","R","$","M","E","R","B",null,"M","$","?","?","M","E","R","?","T","?","$","E","M","$","R","B",null,"M","M","$","M","$","M","T","?","T","?","R","M","R","M","R","B",null],"character_chosen":"THE_SILENT","items_purchased":["Membership Card","TwistedFunnel","Corpse Explosion","Backflip","Accuracy","Footwork","Blur","After Image"],"campfire_rested":0,"item_purchase_floors":[12,19,19,19,28,31,31,37],"current_hp_per_floor":[59,41,41,41,41,41,32,32,32,29,29,44,44,44,44,33,53,53,60,60,60,60,40,40,40,40,40,55,65,62,70,70,8,55,45,45,60,60,67,43,43,43,43,43,43,43,43,43,43,34],"gold":118,"neow_bonus":"TRANSFORM_TWO_CARDS","is_daily":false,"chose_seed":false,"campfire_upgraded":7,"win_rate":0.0,"timestamp":1608151558,"path_taken":["M","?","?","M","M","R","M","R","T","?","R","$","M","E","R","BOSS","M","$","?","?","M","E","R","?","T","?","?","E","M","$","R","BOSS","M","M","$","M","$","M","?","?","T","?","R","M","R","M","R","BOSS"],"items_purchased_type":["Relic","Relic","Card","Card","Card","Card","Card","Card"],"build_version":"2020-12-13","purchased_purges":2,"victory":true,"max_hp_per_floor":[60,60,60,60,60,60,60,60,60,60,60,60,60,60,60,60,60,60,60,60,60,60,60,60,60,60,60,60,70,70,70,70,70,70,70,70,70,70,67,67,67,67,67,67,67,67,67,67,67,67],"card_choices":[{"not_picked":["Choke","Terror"],"picked":"Skewer","floor":1.0},{"not_picked":["Outmaneuver","Backflip"],"picked":"Cloak And Dagger","floor":4.0},{"not_picked":["Blur","Flechettes"],"picked":"Blade Dance","floor":5.0},{"not_picked":["Concentrate","Masterful Stab"],"picked":"Backstab","floor":7.0},{"not_picked":["Flying Knee","Blade Dance"],"picked":"Leg Sweep","floor":10.0},{"not_picked":["Backflip","Slice"],"picked":"Footwork","floor":13.0},{"not_picked":["Backstab","Escape Plan"],"picked":"Envenom","floor":14.0},{"not_picked":["Storm of Steel","Unload"],"picked":"Venomology","floor":16.0},{"not_picked":["Leg Sweep","Bane"],"picked":"Cloak And Dagger","floor":18.0},{"not_picked":["Deflect","Blade Dance"],"picked":"Backflip","floor":22.0},{"not_picked":["Deflect","Slice","Underhanded Strike"],"picked":"SKIP","floor":23.0},{"not_picked":["Masterful Stab","Reflex"],"picked":"Prepared+1","floor":29.0},{"not_picked":["Eviscerate","Prepared","Backflip"],"picked":"SKIP","floor":30.0},{"not_picked":["Burst","Storm of Steel"],"picked":"After Image","floor":33.0},{"not_picked":["Outmaneuver","Sucker Punch","Blade Dance"],"picked":"SKIP","floor":35.0},{"not_picked":["Bane","Flying Knee+1"],"picked":"Well Laid Plans","floor":36.0},{"not_picked":["Catalyst","Flying Knee","Quick Slash"],"picked":"SKIP","floor":38.0},{"not_picked":["Slice+1","Reflex","Riddle With Holes"],"picked":"SKIP","floor":40.0},{"not_picked":["All Out Attack","Backflip"],"picked":"Accuracy","floor":46.0},{"not_picked":["Flechettes","Heel Hook+1","Distraction"],"picked":"SKIP","floor":48.0}],"player_experience":243462,"relics_obtained":[{"floor":3.0,"key":"Pen Nib"},{"floor":9.0,"key":"MealTicket"},{"floor":14.0,"key":"InkBottle"},{"floor":23.0,"key":"Tingsha"},{"floor":26.0,"key":"Gremlin Horn"},{"floor":29.0,"key":"Pear"},{"floor":41.0,"key":"Ancient Tea Set"},{"floor":43.0,"key":"Bag of Preparation"}],"event_choices":[{"damage_healed":0.0,"max_hp_gain":0.0,"max_hp_loss":0.0,"gold_gain":0.0,"event_name":"Shining Light","player_choice":"Entered Light","floor":2.0,"gold_loss":0.0,"damage_taken":18.0,"cards_upgraded":["Defend_G","Strike_G"]},{"damage_healed":0.0,"max_hp_gain":0.0,"max_hp_loss":0.0,"gold_gain":0.0,"event_name":"Wheel of Change","player_choice":"Relic","floor":3.0,"gold_loss":0.0,"damage_taken":0.0},{"damage_healed":0.0,"max_hp_gain":0.0,"max_hp_loss":0.0,"gold_gain":0.0,"event_name":"Ghosts","player_choice":"Ignored","floor":20.0,"gold_loss":0.0,"damage_taken":0.0},{"damage_healed":0.0,"max_hp_gain":0.0,"max_hp_loss":0.0,"gold_gain":0.0,"event_name":"The Mausoleum","player_choice":"Ignored","floor":21.0,"gold_loss":0.0,"damage_taken":0.0},{"damage_healed":0.0,"max_hp_gain":0.0,"max_hp_loss":0.0,"gold_gain":0.0,"event_name":"Vampires","player_choice":"Ignored","floor":25.0,"gold_loss":0.0,"damage_taken":0.0},{"cards_removed":["Defend_G"],"damage_healed":0.0,"max_hp_gain":0.0,"max_hp_loss":0.0,"gold_gain":0.0,"event_name":"Back to Basics","player_choice":"Elegance","floor":27.0,"gold_loss":0.0,"damage_taken":0.0},{"damage_healed":0.0,"max_hp_gain":0.0,"max_hp_loss":0.0,"gold_gain":0.0,"event_name":"MindBloom","player_choice":"Upgrade","floor":42.0,"gold_loss":0.0,"damage_taken":0.0,"cards_upgraded":["Strike_G","Strike_G","Defend_G","Defend_G","Survivor","Calculated Gamble","Cloak And Dagger","Blade Dance","Backstab","Leg Sweep","Venomology","Cloak And Dagger","Corpse Explosion","Backflip","Backflip","Accuracy","Blur","After Image","Well Laid Plans","After Image"],"relics_obtained":["Mark of the Bloom"]},{"damage_healed":0.0,"max_hp_gain":0.0,"max_hp_loss":0.0,"gold_gain":0.0,"event_name":"Duplicator","player_choice":"Copied","floor":44.0,"gold_loss":0.0,"damage_taken":0.0,"cards_obtained":["Calculated Gamble"]}],"is_beta":false,"boss_relics":[{"not_picked":["Tiny House","Black Star"],"picked":"Coffee Dripper"},{"not_picked":["HoveringKite","Sozu"],"picked":"SacredBark"}],"items_purged_floors":[12,39],"is_endless":false,"potions_floor_spawned":[1,7,16,18,29,30,36,38,40],"ascension_level":15}}