{"host":"jw4qy1ihmjslahm8","time":1608105157,"event":{"mods":["Act Like it!","BaseMod","Colored Map","Downfall","Gensokyo","HololiveMod","Infinite Spire","MarisaÅiñ∂âJÅ@ñÇóùçπÅj","Minty Spire (QoL Compilation)","Replay The Spire","StSLib","The Animator"],"gold_per_floor":[99,99,129,147,147,192,192,233,233,260,273,258,258,269,280,280,280],"floor_reached":16,"playtime":1830,"items_purged":[],"score":110,"play_id":"689e51bf-7482-4ad6-a65f-f0c2f1121d13","local_time":"20201215235237","is_ascension_mode":false,"campfire_choices":[{"data":"animator:Kuribayashi","floor":1,"key":"SMITH"},{"data":"animator:Jibril","floor":5,"key":"SMITH"},{"floor":9,"key":"REST"}],"circlet_count":0,"master_deck":["animator:Defend_GATE","animator:Strike","animator:Strike","animator:Defend","animator:Defend","animator:Defend","animator:TukaLunaMarceau","animator:Kuribayashi+1","animator:RinTohsaka","animator:Jibril+1","animator:OrikoMikuni","animator:ElricEdward","animator:Laby","animator:ElricAlphonse","animator:Lu","animator:ShinjiMatou","animator:EmiyaShirou"],"relics":["animator:LivingPicture","animator:TheMissingPiece","animator:PurgingStone","Mercury Hourglass","infinitespire:ShieldingShard"],"acts_visited":["Exordium"],"potions_floor_usage":[16,16,16],"damage_taken":[{"damage":5,"enemies":"Small Slimes","floor":3,"turns":3},{"damage":3,"enemies":"Cultist","floor":4,"turns":4},{"damage":15,"enemies":"Replay:BlueRogue","floor":6,"turns":7},{"damage":19,"enemies":"3 Sentries","floor":10,"turns":7},{"damage":1,"enemies":"Jaw Worm","floor":11,"turns":3},{"damage":0,"enemies":"downfall:FleeingMerchant","floor":12,"turns":4},{"damage":0,"enemies":"3 Louse","floor":14,"turns":3},{"damage":6,"enemies":"Exordium Wildlife","floor":15,"turns":3},{"damage":37,"enemies":"downfall:Defect","floor":16,"turns":6}],"seed_played":"-5101614550585223661","potions_obtained":[{"floor":4,"key":"Guardian:BlockOnCardUsePotion"},{"floor":14,"key":"SteroidPotion"},{"floor":15,"key":"FearPotion"}],"is_trial":false,"path_per_floor":["R","?","M","M","R","E","T","?","R","E","M","$","?","M","M","B"],"character_chosen":"THE_ANIMATOR","items_purchased":[],"campfire_rested":1,"item_purchase_floors":[],"current_hp_per_floor":[66,66,61,58,58,43,43,43,62,43,43,43,43,43,37,0,0],"gold":280,"neow_bonus":"THREE_CARDS","is_daily":false,"chose_seed":false,"campfire_upgraded":2,"win_rate":0.0,"timestamp":1608105157,"path_taken":["R","?","?","M","R","E","T","?","R","E","M","$","?","M","M","BOSS"],"items_purchased_type":[],"build_version":"2020-12-13","purchased_purges":0,"victory":false,"max_hp_per_floor":[66,66,66,66,66,66,66,66,66,66,67,67,67,67,67,67,67],"card_choices":[{"not_picked":["animator:Raven","animator:YuiTsuruno"],"picked":"animator:RinTohsaka","floor":0},{"not_picked":["animator:MumenRider","animator:ElricEdward"],"picked":"animator:Jibril","floor":3},{"not_picked":["animator:Alexander","animator:RoyMustang"],"picked":"animator:OrikoMikuni","floor":4},{"not_picked":["animator:OrikoMikuni","animator:IzunaHatsuse"],"picked":"animator:ElricEdward","floor":6},{"not_picked":["animator:Elsword","animator:Rena"],"picked":"animator:Laby","floor":10},{"not_picked":["animator:Sonic","animator:HighElfArcher"],"picked":"animator:ElricAlphonse","floor":11},{"not_picked":["animator:NagisaMomoe","animator:ChlammyZell"],"picked":"animator:Lu","floor":12},{"not_picked":["animator:KyokoSakura","animator:Spearman"],"picked":"animator:ShinjiMatou","floor":14},{"not_picked":["animator:Rider","animator:Caster"],"picked":"animator:EmiyaShirou","floor":15}],"player_experience":24775,"relics_obtained":[{"floor":6,"key":"Mercury Hourglass"},{"floor":10,"key":"infinitespire:ShieldingShard"}],"event_choices":[{"damage_healed":0,"gold_gain":0,"player_choice":"Ignored","damage_taken":0,"max_hp_gain":0,"max_hp_loss":0,"event_name":"NoteForYourself","floor":2,"gold_loss":0}],"is_beta":false,"boss_relics":[],"items_purged_floors":[],"is_endless":false,"potions_floor_spawned":[4,14,15],"killed_by":"downfall:Defect","ascension_level":0}}