{"host":"dvpvhz1t6etneyb3","time":1608136006,"event":{"mods":["AchievementEnabler","BaseMod","Colored Map","Highlight Path","Minty Spire (QoL Compilation)","Permanent Neow","Quick Restart"],"gold_per_floor":[211,27,46,63,63,89,89,100,100,100,118,152,152,167,167,245,245,222,497,509,526,542,542,542,542,542,557,27,27,53,72,72,146,146,160,160,70,81,5,5,39,39,39,58,83,83,113,132,132,132,132],"floor_reached":52,"playtime":3621,"items_purged":["Strike_B","Regret"],"score":1909,"play_id":"3f6a44f3-28c3-489f-8dac-327bdb81ed3f","local_time":"20201216112646","is_ascension_mode":true,"campfire_choices":[{"data":"Barrage","floor":7.0,"key":"SMITH"},{"data":"Strike_B","floor":10.0,"key":"PURGE"},{"data":"Zap","floor":13.0,"key":"SMITH"},{"data":"Rainbow","floor":15.0,"key":"SMITH"},{"floor":23.0,"key":"REST"},{"data":"Writhe","floor":25.0,"key":"PURGE"},{"data":"Defragment","floor":29.0,"key":"SMITH"},{"floor":32.0,"key":"REST"},{"data":"Strike_B","floor":40,"key":"PURGE"},{"data":"Strike_B","floor":42,"key":"PURGE"},{"data":"Defend_B","floor":46,"key":"PURGE"},{"data":"Defend_B","floor":49,"key":"PURGE"}],"circlet_count":0,"master_deck":["AscendersBane","Defend_B","Defend_B","Zap+1","Dualcast","Compile Driver","Go for the Eyes","Glacier","Barrage+1","Conserve Battery","Gash","Rainbow+1","Echo Form","Heatsinks","Hologram+1","Sweeping Beam","Defragment+1","Darkness+1","Electrodynamics","Coolheaded","Coolheaded","Amplify","CurseOfTheBell","Undo+1","Loop+1","Defragment+1","Static Discharge+1","Static Discharge+1","Defragment+1","Coolheaded","Go for the Eyes+1","Loop+1"],"relics":["Cracked Core","FaceOfCleric","Peace Pipe","Emotion Chip","Bird Faced Urn","Philosopher\u0027s Stone","Anchor","Shuriken","Bottled Tornado","Lizard Tail","Calling Bell","Omamori","Frozen Egg 2","StoneCalendar","InkBottle","Pocketwatch","Prayer Wheel","Turnip"],"acts_visited":["Exordium","TheCity","TheBeyond"],"potions_floor_usage":[51],"damage_taken":[{"damage":2.0,"enemies":"Jaw Worm","floor":1.0,"turns":3.0},{"damage":0.0,"enemies":"Cultist","floor":3.0,"turns":3.0},{"damage":0.0,"enemies":"2 Louse","floor":4.0,"turns":3.0},{"damage":6.0,"enemies":"Gremlin Nob","floor":6.0,"turns":3.0},{"damage":21.0,"enemies":"Exordium Thugs","floor":8.0,"turns":6.0},{"damage":0.0,"enemies":"2 Fungi Beasts","floor":11.0,"turns":3.0},{"damage":8.0,"enemies":"Lagavulin","floor":12.0,"turns":7.0},{"damage":0.0,"enemies":"3 Louse","floor":14.0,"turns":4.0},{"damage":8.0,"enemies":"Hexaghost","floor":16.0,"turns":8.0},{"damage":23.0,"enemies":"2 Thieves","floor":18.0,"turns":4.0},{"damage":6.0,"enemies":"Chosen","floor":20.0,"turns":5.0},{"damage":36.0,"enemies":"Snake Plant","floor":21.0,"turns":4.0},{"damage":7.0,"enemies":"Snecko","floor":22.0,"turns":4.0},{"damage":4.0,"enemies":"Sentry and Sphere","floor":27.0,"turns":6.0},{"damage":19.0,"enemies":"Slavers","floor":30.0,"turns":4.0},{"damage":23.0,"enemies":"Chosen and Byrds","floor":31.0,"turns":5.0},{"damage":2.0,"enemies":"Champ","floor":33.0,"turns":15.0},{"damage":2.0,"enemies":"3 Shapes","floor":35.0,"turns":5.0},{"damage":48,"enemies":"3 Darklings","floor":38,"turns":5},{"damage":21,"enemies":"Nemesis","floor":41,"turns":7},{"damage":8,"enemies":"Spire Growth","floor":44,"turns":6},{"damage":1,"enemies":"Mind Bloom Boss Battle","floor":45,"turns":7},{"damage":0,"enemies":"Giant Head","floor":47,"turns":7},{"damage":6,"enemies":"Writhing Mass","floor":48,"turns":7},{"damage":37,"enemies":"Donu and Deca","floor":50,"turns":10},{"damage":11,"enemies":"Time Eater","floor":51,"turns":17}],"seed_played":"476815250247492230","potions_obtained":[{"floor":4.0,"key":"Swift Potion"},{"floor":12.0,"key":"Swift Potion"},{"floor":16.0,"key":"Energy Potion"},{"floor":21.0,"key":"LiquidMemories"},{"floor":27.0,"key":"Explosive Potion"},{"floor":33.0,"key":"Block Potion"},{"floor":35.0,"key":"SteroidPotion"},{"floor":44,"key":"FairyPotion"},{"floor":45,"key":"BlessingOfTheForge"}],"is_trial":false,"path_per_floor":["M","$","M","M","?","E","R","M","T","R","M","E","R","M","R","B",null,"M","?","M","M","M","R","?","R","T","M","$","R","E","M","R","B",null,"M","?","$","M","$","R","E","R","T","M","?","R","E","M","R","B","B",null],"character_chosen":"DEFECT","items_purchased":["Go for the Eyes","Strength Potion","Bottled Tornado","Electrodynamics","Loop+1","Static Discharge+1"],"campfire_rested":2,"item_purchase_floors":[2,2,28,28,37,39],"current_hp_per_floor":[62,62,62,62,62,57,57,37,37,37,38,31,31,32,32,25,64,44,44,43,10,8,32,32,32,32,35,35,35,29,17,42,55,78,86,86,86,47,47,47,47,47,47,58,80,80,91,92,92,80,94],"gold":132,"neow_bonus":"HUNDRED_GOLD","is_daily":false,"chose_seed":false,"campfire_upgraded":4,"win_rate":0.0,"timestamp":1608136006,"path_taken":["M","$","M","M","?","E","R","M","T","R","M","E","R","?","R","BOSS","M","?","?","M","M","R","?","R","T","M","$","R","E","M","R","BOSS","M","?","$","M","?","R","E","R","T","M","?","R","E","M","R","BOSS","BOSS"],"items_purchased_type":["Card","Potion","Relic","Card","Card","Card"],"build_version":"2020-12-13","purchased_purges":2,"victory":true,"max_hp_per_floor":[71,71,71,71,71,72,72,73,73,73,74,75,75,76,76,77,77,78,78,79,80,81,81,81,81,81,82,82,82,83,84,84,85,85,86,86,86,87,87,87,88,88,88,89,90,90,91,92,92,93,94],"card_choices":[{"not_picked":["Conserve Battery","Beam Cell"],"picked":"Compile Driver","floor":1.0},{"not_picked":["Streamline","Go for the Eyes"],"picked":"Glacier","floor":3.0},{"not_picked":["Beam Cell","Stack","Chill"],"picked":"SKIP","floor":4.0},{"not_picked":["Conserve Battery","Beam Cell"],"picked":"Barrage","floor":6.0},{"not_picked":["White Noise","Scrape","Reinforced Body"],"picked":"SKIP","floor":8.0},{"not_picked":["Heatsinks","White Noise"],"picked":"Conserve Battery","floor":11.0},{"not_picked":["Sunder","Redo"],"picked":"Gash","floor":12.0},{"not_picked":["FTL","Leap"],"picked":"Rainbow","floor":14.0},{"not_picked":["Seek","Buffer"],"picked":"Echo Form","floor":16.0},{"not_picked":["Recycle","Conserve Battery"],"picked":"Heatsinks","floor":18.0},{"not_picked":["BootSequence","Redo"],"picked":"Hologram+1","floor":20.0},{"not_picked":["Heatsinks","Cold Snap"],"picked":"Sweeping Beam","floor":21.0},{"not_picked":["Hologram","Stack+1"],"picked":"Defragment","floor":22.0},{"not_picked":["Barrage","Conserve Battery"],"picked":"Darkness+1","floor":27.0},{"not_picked":["Hello World+1","Hologram"],"picked":"Coolheaded","floor":30.0},{"not_picked":["Blizzard","Rebound"],"picked":"Coolheaded","floor":31.0},{"not_picked":["Buffer","Electrodynamics"],"picked":"Amplify","floor":33.0},{"not_picked":["Beam Cell","Gash"],"picked":"Undo+1","floor":35.0},{"not_picked":["Fusion","Coolheaded"],"picked":"Defragment+1","floor":38},{"not_picked":["Rebound","Doom and Gloom","Beam Cell"],"picked":"SKIP","floor":41},{"not_picked":["Rebound","Conserve Battery","Static Discharge+1"],"picked":"SKIP","floor":44},{"not_picked":["Rebound","Conserve Battery"],"picked":"Static Discharge+1","floor":44},{"not_picked":["Undo","Hyperbeam"],"picked":"Defragment+1","floor":45},{"not_picked":["Sweeping Beam","Melter"],"picked":"Coolheaded","floor":47},{"not_picked":["Ball Lightning","Leap+1"],"picked":"Go for the Eyes+1","floor":48},{"not_picked":["Reprogram+1","Conserve Battery"],"picked":"Loop+1","floor":48}],"player_experience":1856467,"relics_obtained":[{"floor":6.0,"key":"Peace Pipe"},{"floor":9.0,"key":"Emotion Chip"},{"floor":12.0,"key":"Bird Faced Urn"},{"floor":26.0,"key":"Shuriken"},{"floor":30.0,"key":"Lizard Tail"},{"floor":34.0,"key":"Omamori"},{"floor":34.0,"key":"Frozen Egg 2"},{"floor":34.0,"key":"StoneCalendar"},{"floor":41,"key":"InkBottle"},{"floor":43,"key":"Pocketwatch"},{"floor":45,"key":"Prayer Wheel"},{"floor":47,"key":"Turnip"}],"event_choices":[{"damage_healed":0.0,"max_hp_gain":0.0,"max_hp_loss":0.0,"gold_gain":0.0,"event_name":"FaceTrader","player_choice":"Trade","floor":5.0,"gold_loss":0.0,"damage_taken":0.0,"relics_obtained":["FaceOfCleric"]},{"damage_healed":0.0,"max_hp_gain":0.0,"max_hp_loss":0.0,"gold_gain":275.0,"event_name":"Golden Shrine","player_choice":"Desecrate","floor":19.0,"gold_loss":0.0,"damage_taken":0.0,"cards_obtained":["Regret"]},{"damage_healed":0.0,"max_hp_gain":0.0,"max_hp_loss":0.0,"gold_gain":0.0,"event_name":"The Mausoleum","player_choice":"Opened","floor":24.0,"gold_loss":0.0,"damage_taken":0.0,"relics_obtained":["Anchor"],"cards_obtained":["Writhe"]},{"damage_healed":0,"gold_gain":0,"player_choice":"Ignored","damage_taken":0,"max_hp_gain":0,"max_hp_loss":0,"event_name":"Mysterious Sphere","floor":36,"gold_loss":0},{"damage_healed":0,"gold_gain":0,"player_choice":"Fight","damage_taken":0,"max_hp_gain":0,"max_hp_loss":0,"event_name":"MindBloom","floor":45,"gold_loss":0}],"is_beta":false,"boss_relics":[{"not_picked":["Nuclear Battery","Black Star"],"picked":"Philosopher\u0027s Stone"},{"not_picked":["Velvet Choker","Pandora\u0027s Box"],"picked":"Calling Bell"}],"items_purged_floors":[2,28],"is_endless":false,"potions_floor_spawned":[4,12,16,21,27,33,35,44,45,48],"ascension_level":20}}