{"host":"19tvufa8xx4wr4o1","time":1608089365,"event":{"mods":["AchievementEnabler","BaseMod","Better Sensory Stone","Better Third Choice","Highlight Path","Minty Spire (QoL Compilation)","Relic Stats","StSLib"],"gold_per_floor":[115,134,134,152,152,152,182,200,200,214,1,1,34,46,46,120,120,137,137,137,137,153,153,153,153,153,181,194,226,226,245,245,323,323,341,60,76,130,130,130,142,67,67,87,87,105,116,131,131,131,131,131,60,94,94,94],"floor_reached":55,"playtime":7879,"items_purged":["Reflex"],"score":1521,"play_id":"108bf7b2-880c-46f4-b1af-8e21577fbd82","local_time":"20201215212924","is_ascension_mode":true,"campfire_choices":[{"data":"Cloak And Dagger","floor":6.0,"key":"SMITH"},{"floor":12.0,"key":"REST"},{"data":"Glass Knife","floor":15.0,"key":"SMITH"},{"floor":23.0,"key":"REST"},{"floor":25.0,"key":"RECALL"},{"floor":32.0,"key":"REST"},{"floor":40.0,"key":"REST"},{"floor":45.0,"key":"REST"},{"floor":49.0,"key":"REST"},{"floor":52.0,"key":"REST"}],"circlet_count":0,"master_deck":["AscendersBane","Survivor","Neutralize+1","Noxious Fumes","After Image","Escape Plan","Underhanded Strike","Catalyst","Unload","Tools of the Trade","Malaise","Backstab+1","Deflect","Cloak And Dagger+1","Poisoned Stab","Accuracy","Cloak And Dagger+1","Glass Knife+1","Corpse Explosion+1","Backflip+1","Envenom","Infinite Blades","Deflect+1","Bouncing Flask+1","Adrenaline+1","Dodge and Roll+1","PiercingWail+1","Malaise+1","Backflip+1","Bane+1","Leg Sweep+1","Predator+1","Blur+1"],"relics":["Pandora\u0027s Box","Regal Pillow","FossilizedHelix","Toxic Egg 2","Lantern","Fusion Hammer","MutagenicStrength","Pear","Calipers","Ginger","Sozu","Whetstone","Gambling Chip","Mercury Hourglass"],"acts_visited":["TheCity","TheBeyond","TheEnding"],"potions_floor_usage":[],"damage_taken":[{"damage":0.0,"enemies":"Small Slimes","floor":1.0,"turns":3.0},{"damage":1.0,"enemies":"Cultist","floor":2.0,"turns":3.0},{"damage":1.0,"enemies":"Jaw Worm","floor":4.0,"turns":4.0},{"damage":35.0,"enemies":"Gremlin Nob","floor":7.0,"turns":6.0},{"damage":0.0,"enemies":"Blue Slaver","floor":8.0,"turns":3.0},{"damage":0.0,"enemies":"Lots of Slimes","floor":10.0,"turns":3.0},{"damage":0.0,"enemies":"Lagavulin","floor":13.0,"turns":4.0},{"damage":0.0,"enemies":"Exordium Wildlife","floor":14.0,"turns":3.0},{"damage":0.0,"enemies":"Slime Boss","floor":16.0,"turns":6.0},{"damage":11.0,"enemies":"2 Thieves","floor":18.0,"turns":3.0},{"damage":0.0,"enemies":"Shell Parasite","floor":22.0,"turns":4.0},{"damage":0.0,"enemies":"Book of Stabbing","floor":27.0,"turns":5.0},{"damage":5.0,"enemies":"Snake Plant","floor":28.0,"turns":4.0},{"damage":9.0,"enemies":"Slavers","floor":29.0,"turns":6.0},{"damage":0.0,"enemies":"3 Cultists","floor":31.0,"turns":2.0},{"damage":0.0,"enemies":"Collector","floor":33.0,"turns":7.0},{"damage":0.0,"enemies":"3 Shapes","floor":35.0,"turns":4.0},{"damage":0.0,"enemies":"Orb Walker","floor":37.0,"turns":4.0},{"damage":30.0,"enemies":"2 Orb Walkers","floor":38.0,"turns":4.0},{"damage":0.0,"enemies":"Transient","floor":41.0,"turns":5.0},{"damage":0.0,"enemies":"Sphere and 2 Shapes","floor":44.0,"turns":3.0},{"damage":0.0,"enemies":"Writhing Mass","floor":46.0,"turns":5.0},{"damage":0.0,"enemies":"4 Shapes","floor":47.0,"turns":6.0},{"damage":0.0,"enemies":"3 Darklings","floor":48.0,"turns":3.0},{"damage":39.0,"enemies":"Donu and Deca","floor":50.0,"turns":8.0},{"damage":0.0,"enemies":"Shield and Spear","floor":54.0,"turns":7.0},{"damage":92,"enemies":"The Heart","floor":55,"turns":11}],"seed_played":"-6399146887349844665","potions_obtained":[{"floor":4.0,"key":"Strength Potion"},{"floor":7.0,"key":"DistilledChaos"},{"floor":14.0,"key":"GhostInAJar"},{"floor":16.0,"key":"AttackPotion"},{"floor":22.0,"key":"GamblersBrew"},{"floor":27.0,"key":"SteroidPotion"},{"floor":31.0,"key":"DistilledChaos"}],"is_trial":false,"path_per_floor":["M","M","?","M","?","R","E","M","T","M","$","R","E","M","R","B",null,"M","?","?","$","M","R","?","R","T","E","M","E","?","M","R","B",null,"M","$","M","?","?","R","M","$","T","M","R","M","M","M","R","B",null,"R","$","E","B"],"character_chosen":"THE_SILENT","items_purchased":["Glass Knife","Whetstone","Malaise+1","Leg Sweep+1","Blur+1"],"campfire_rested":7,"item_purchase_floors":[11,36,36,42,53],"current_hp_per_floor":[59,58,58,57,62,62,27,27,27,27,27,63,63,63,63,63,69,58,58,58,58,58,71,71,71,81,81,76,67,67,67,81,81,81,81,81,81,51,51,81,81,81,81,81,81,81,81,81,81,42,71,81,81,81,0,0],"gold":94,"neow_bonus":"BOSS_RELIC","is_daily":false,"chose_seed":false,"campfire_upgraded":2,"win_rate":0.0,"timestamp":1608089364,"path_taken":["M","M","?","?","?","R","E","M","T","?","$","R","E","M","R","BOSS","M","?","?","$","M","R","?","R","T","E","M","E","?","M","R","BOSS","M","$","M","?","?","R","?","?","T","?","R","M","M","M","R","BOSS","R","$","E","BOSS"],"items_purchased_type":["Card","Relic","Card","Card","Card"],"build_version":"2020-12-13","purchased_purges":1,"victory":false,"max_hp_per_floor":[66,66,66,66,71,71,71,71,71,71,71,71,71,71,71,71,71,71,71,71,71,71,71,71,71,81,81,81,81,81,81,81,81,81,81,81,81,81,81,81,81,81,81,81,81,81,81,81,81,81,81,81,81,81,81,81],"relic_stats":{"Sozu":6,"Regal Pillow":21,"counters":[27,126],"Gambling Chip":[14],"Pandora\u0027s Box":["Noxious Fumes","Tactician","After Image","Escape Plan","Underhanded Strike","Catalyst","Unload","Tools of the Trade","Reflex","Malaise"],"Ginger":[7],"Whetstone":["Backstab","Neutralize"],"obtain_stats":[{"Regal Pillow":3,"Lantern":13,"Pear":26,"Calipers":27,"Ginger":29,"Whetstone":36,"Mercury Hourglass":54,"Sozu":34,"MutagenicStrength":19,"Gambling Chip":38,"Pandora\u0027s Box":0,"Fusion Hammer":17,"Toxic Egg 2":9,"FossilizedHelix":7,"Ring of the Snake":0},{"Regal Pillow":2,"Lantern":7,"Pear":11,"Calipers":12,"Ginger":14,"Whetstone":17,"Mercury Hourglass":26,"Sozu":16,"MutagenicStrength":10,"Gambling Chip":19,"Pandora\u0027s Box":0,"Fusion Hammer":9,"Toxic Egg 2":5,"FossilizedHelix":4,"Ring of the Snake":0},{"Regal Pillow":6,"Lantern":26,"Pear":42,"Calipers":47,"Ginger":57,"Whetstone":70,"Mercury Hourglass":115,"Sozu":66,"MutagenicStrength":38,"Gambling Chip":78,"Pandora\u0027s Box":0,"Fusion Hammer":35,"Toxic Egg 2":19,"FossilizedHelix":16,"Ring of the Snake":0}],"Mercury Hourglass":[33]},"card_choices":[{"not_picked":["Slice","Flying Knee"],"picked":"Backstab","floor":1.0},{"not_picked":["Quick Slash","Deflect","Flying Knee"],"picked":"SKIP","floor":2.0},{"not_picked":["Quick Slash","Flying Knee"],"picked":"Deflect","floor":2.0},{"not_picked":["Endless Agony","Acrobatics"],"picked":"Cloak And Dagger","floor":4.0},{"not_picked":["Calculated Gamble","Caltrops"],"picked":"Poisoned Stab","floor":7.0},{"not_picked":["Outmaneuver","Deflect"],"picked":"Accuracy","floor":8.0},{"not_picked":["Masterful Stab","Noxious Fumes"],"picked":"Cloak And Dagger+1","floor":10.0},{"not_picked":["Acrobatics+1","Envenom"],"picked":"Corpse Explosion+1","floor":13.0},{"not_picked":["Riddle With Holes","Tactician+1"],"picked":"Backflip+1","floor":14.0},{"not_picked":["Doppelganger+1","Grand Finale"],"picked":"Envenom","floor":16.0},{"not_picked":["Finisher","Flying Knee"],"picked":"Infinite Blades","floor":18.0},{"not_picked":["Poisoned Stab","Caltrops"],"picked":"Deflect+1","floor":22.0},{"not_picked":["Masterful Stab","Deflect+1"],"picked":"Bouncing Flask+1","floor":27.0},{"not_picked":["Acrobatics+1","Slice","Dagger Spray"],"picked":"SKIP","floor":28.0},{"not_picked":["Venomology+1","Dagger Spray"],"picked":"Adrenaline+1","floor":29.0},{"not_picked":["Flechettes","Well Laid Plans","Underhanded Strike"],"picked":"SKIP","floor":31.0},{"not_picked":["Flying Knee+1","Slice"],"picked":"PiercingWail+1","floor":35.0},{"not_picked":["All Out Attack+1","Quick Slash"],"picked":"Backflip+1","floor":37.0},{"not_picked":["Deflect+1","Dagger Throw"],"picked":"Bane+1","floor":41.0},{"not_picked":["Underhanded Strike+1","Poisoned Stab+1","Escape Plan+1"],"picked":"SKIP","floor":44.0},{"not_picked":["Dagger Spray+1","Noxious Fumes","Sucker Punch"],"picked":"SKIP","floor":46.0},{"not_picked":["Poisoned Stab","Predator","Dash"],"picked":"SKIP","floor":47.0},{"not_picked":["Poisoned Stab","Finisher+1"],"picked":"Predator+1","floor":48.0},{"not_picked":["Venomology+1","Deflect+1","Flying Knee"],"picked":"SKIP","floor":54.0}],"player_experience":493996,"relics_obtained":[{"floor":7.0,"key":"FossilizedHelix"},{"floor":9.0,"key":"Toxic Egg 2"},{"floor":13.0,"key":"Lantern"},{"floor":26.0,"key":"Pear"},{"floor":27.0,"key":"Calipers"},{"floor":29.0,"key":"Ginger"},{"floor":38.0,"key":"Gambling Chip"},{"floor":54.0,"key":"Mercury Hourglass"}],"event_choices":[{"cards_removed":["Tactician"],"damage_healed":0.0,"max_hp_gain":0.0,"max_hp_loss":0.0,"gold_gain":0.0,"event_name":"WeMeetAgain","player_choice":"Gave Card","floor":3.0,"gold_loss":0.0,"damage_taken":0.0,"relics_obtained":["Regal Pillow"]},{"damage_healed":0.0,"max_hp_gain":5.0,"max_hp_loss":0.0,"gold_gain":0.0,"event_name":"Big Fish","player_choice":"Donut","floor":5.0,"gold_loss":0.0,"damage_taken":0.0},{"damage_healed":0.0,"max_hp_gain":0.0,"max_hp_loss":0.0,"gold_gain":0.0,"event_name":"Drug Dealer","player_choice":"Inject Mutagens","floor":19.0,"gold_loss":0.0,"damage_taken":0.0,"relics_obtained":["MutagenicStrength"]},{"damage_healed":0.0,"max_hp_gain":0.0,"max_hp_loss":0.0,"gold_gain":0.0,"event_name":"Ghosts","player_choice":"Ignored","floor":20.0,"gold_loss":0.0,"damage_taken":0.0},{"damage_healed":0.0,"max_hp_gain":0.0,"max_hp_loss":0.0,"gold_gain":0.0,"event_name":"Beggar","player_choice":"Ignored","floor":24.0,"gold_loss":0.0,"damage_taken":0.0},{"damage_healed":0.0,"max_hp_gain":0.0,"max_hp_loss":0.0,"gold_gain":0.0,"event_name":"The Library","player_choice":"Read","floor":30.0,"gold_loss":0.0,"damage_taken":0.0,"cards_obtained":["Dodge and Roll"]},{"damage_healed":0.0,"max_hp_gain":0.0,"max_hp_loss":0.0,"gold_gain":0.0,"event_name":"Mysterious Sphere","player_choice":"Fight","floor":38.0,"gold_loss":0.0,"damage_taken":0.0},{"damage_healed":0.0,"max_hp_gain":0.0,"max_hp_loss":0.0,"gold_gain":0.0,"event_name":"Lab","player_choice":"Got Potions","floor":39.0,"gold_loss":0.0,"damage_taken":0.0}],"is_beta":false,"boss_relics":[{"not_picked":["Calling Bell","Ectoplasm"],"picked":"Fusion Hammer"},{"not_picked":["Tiny House","Philosopher\u0027s Stone"],"picked":"Sozu"}],"items_purged_floors":[11],"is_endless":false,"potions_floor_spawned":[4,7,14,16,22,27,31,38,41,46,47,54],"killed_by":"The Heart","ascension_level":15}}