{"host":"br1k745010e75u9o","time":1608081820,"event":{"mods":["BaseMod","CCEM","Conspire","Downfall","Friendly Minions","Hermit","Hubris","Infinite Spire","Mari Mod (Legacy)","Mari\u0027s V1 Patch","Minty Spire (QoL Compilation)","Rare Cards Sparkle","Replay The Spire","StSLib","The Cursed","Yohane!"],"gold_per_floor":[111,121,134,148,167,167,195,195,222,233,84,84,98,98,98,193,193,209,109,109,109,123,123,123,123],"floor_reached":24,"playtime":1752,"items_purged":["hermit:Strike_Hermit","hermit:Grudge"],"score":198,"play_id":"ebfffa80-9068-4654-a3ad-c0d7499fe522","local_time":"20201216012340","is_ascension_mode":false,"campfire_choices":[{"floor":6.0,"key":"REST"},{"data":"hermit:GhostlyPresence","floor":8.0,"key":"SMITH"},{"floor":12.0,"key":"REST"},{"data":"hermit:Snapshot","floor":15.0,"key":"SMITH"},{"floor":23.0,"key":"REST"}],"circlet_count":0,"master_deck":["hermit:Strike_Hermit","hermit:Strike_Hermit","hermit:Strike_Hermit","hermit:Defend_Hermit","hermit:Defend_Hermit","hermit:Defend_Hermit","hermit:Defend_Hermit","hermit:Snapshot+1","hermit:Covet","hermit:Manifest","hermit:GhostlyPresence+1","hermit:FromBeyond","hermit:Vantage","Pot Of Greed","Pot Of Greed","hermit:Feint","hermit:ShadowCloak","hermit:Scavenge","hermit:Cheat"],"relics":["hermit:Momento","ReplayTheSpireMod:Lightbulb","Grinning Jar","SlaversCollar"],"acts_visited":["Exordium","TheCity"],"potions_floor_usage":[],"damage_taken":[{"damage":7.0,"enemies":"conspire:RoseBush","floor":1.0,"turns":3.0},{"damage":0.0,"enemies":"Small Slimes","floor":2.0,"turns":3.0},{"damage":0.0,"enemies":"Jaw Worm","floor":3.0,"turns":7.0},{"damage":19.0,"enemies":"Exordium Wildlife","floor":4.0,"turns":7.0},{"damage":12.0,"enemies":"Blue Slaver","floor":5.0,"turns":6.0},{"damage":19.0,"enemies":"3 Sentries","floor":7.0,"turns":10.0},{"damage":12.0,"enemies":"Large Slime","floor":10.0,"turns":10.0},{"damage":6.0,"enemies":"Exordium Wildlife","floor":13.0,"turns":7.0},{"damage":41.0,"enemies":"Slime Boss","floor":16.0,"turns":20.0},{"damage":10.0,"enemies":"Spheric Guardian","floor":18.0,"turns":10.0},{"damage":21.0,"enemies":"3 Byrds","floor":22.0,"turns":13.0},{"damage":0,"enemies":"Nightmare","floor":24,"turns":1}],"seed_played":"-3256538949491262252","potions_obtained":[{"floor":4.0,"key":"champ:CounterPotion"},{"floor":5.0,"key":"Adrenaline Potion"},{"floor":7.0,"key":"Venom Potion"},{"floor":13.0,"key":"Reflective Coating"},{"floor":18.0,"key":"BlessingOfTheForge"},{"floor":22.0,"key":"Venom Potion"}],"is_trial":false,"path_per_floor":["M","M","M","M","M","R","E","R","T","M","$","R","M","?","R","B",null,"M","$","?","$","M","R","NM"],"character_chosen":"HERMIT","items_purchased":["hermit:ShadowCloak"],"campfire_rested":3,"item_purchase_floors":[11],"current_hp_per_floor":[75,75,75,56,44,68,49,49,49,37,37,61,55,55,55,14,82,72,72,72,72,51,75,75,75],"gold":123,"neow_bonus":"TEN_PERCENT_HP_BONUS","is_daily":false,"chose_seed":false,"campfire_upgraded":2,"win_rate":0.0,"timestamp":1608081820,"path_taken":["M","M","M","M","?","R","E","R","T","M","$","R","M","?","R","BOSS","M","$","?","$","M","R","E"],"items_purchased_type":["Card"],"build_version":"2020-12-13","purchased_purges":2,"victory":false,"max_hp_per_floor":[82,82,82,82,82,82,82,82,82,82,82,82,82,82,82,82,82,82,82,82,82,82,82,82,82],"card_choices":[{"not_picked":["hermit:ItchyTrigger","hermit:TakeAim"],"picked":"hermit:Manifest","floor":1.0},{"not_picked":["hermit:ItchyTrigger","hermit:Ricochet"],"picked":"hermit:GhostlyPresence","floor":2.0},{"not_picked":["hermit:Enervate","hermit:ItchyTrigger"],"picked":"hermit:FromBeyond","floor":3.0},{"not_picked":["hermit:Shortfuse","hermit:Glare"],"picked":"hermit:Vantage","floor":4.0},{"not_picked":["hermit:Coalescence","hermit:Quickdraw","hermit:HoleUp"],"picked":"SKIP","floor":5.0},{"not_picked":["hermit:PistolWhip","hermit:Horror","hermit:BodyArmor"],"picked":"SKIP","floor":7.0},{"not_picked":["hermit:LowProfile","hermit:Brawl"],"picked":"hermit:Feint","floor":10.0},{"not_picked":["hermit:ItchyTrigger","hermit:Ricochet"],"picked":"hermit:Grudge","floor":13.0},{"not_picked":["hermit:HighCaliber","hermit:Glare+1"],"picked":"hermit:Scavenge","floor":18.0},{"not_picked":["hermit:LowProfile","hermit:PistolWhip","hermit:Vantage+1"],"picked":"SKIP","floor":22.0}],"player_experience":42116,"relics_obtained":[{"floor":7.0,"key":"ReplayTheSpireMod:Lightbulb"},{"floor":9.0,"key":"Grinning Jar"}],"event_choices":[{"damage_healed":0.0,"max_hp_gain":0.0,"max_hp_loss":0.0,"gold_gain":0.0,"event_name":"conspire:Investor","player_choice":"Leave","floor":14.0,"gold_loss":0.0,"damage_taken":0.0},{"damage_healed":0.0,"max_hp_gain":0.0,"max_hp_loss":0.0,"gold_gain":0.0,"event_name":"The Library","player_choice":"Read","floor":20.0,"gold_loss":0.0,"damage_taken":0.0,"cards_obtained":["hermit:Cheat"]}],"is_beta":false,"boss_relics":[{"not_picked":["Replay:Grab Bag","CCEMRelics:TransientCore"],"picked":"SlaversCollar"}],"items_purged_floors":[11,19],"is_endless":false,"potions_floor_spawned":[4,5,7,13,18,22],"killed_by":"Nightmare","ascension_level":0}}