{"host":"7cfzm0fn42wwm7gf","time":1608129788,"event":{"mods":["Alarm Clock","BaseMod","Colored Powertips","Highlight Path","Minty Spire (QoL Compilation)","Quick Restart","Relic Stats","Waifu the Spire"],"gold_per_floor":[116,133,144,144,71,71,103,116,141,45,45,62,62,62,62,135,135,104,104,122,136,86,86,106,106,153,153,179,48,59,77,77,77,77],"floor_reached":33,"playtime":1494,"items_purged":["Strike_G","Strike_G","Defend_G","Defend_G"],"score":496,"play_id":"8ab243b6-cd33-4678-b4d8-a2c3f8896431","local_time":"20201216224308","is_ascension_mode":true,"campfire_choices":[{"data":"Footwork","floor":6.0,"key":"SMITH"},{"floor":11.0,"key":"REST"},{"data":"Deadly Poison","floor":13.0,"key":"SMITH"},{"data":"Acrobatics","floor":15.0,"key":"SMITH"},{"floor":23.0,"key":"REST"},{"data":"PiercingWail","floor":25.0,"key":"SMITH"},{"data":"Distraction","floor":27.0,"key":"SMITH"},{"data":"Tactician","floor":32,"key":"SMITH"}],"circlet_count":0,"master_deck":["AscendersBane","Strike_G","Strike_G","Defend_G","Defend_G","Defend_G+1","Survivor","Neutralize+1","Footwork+1","Infinite Blades","Deadly Poison+1","Dash","Distraction+1","Acrobatics+1","Tools of the Trade","Cloak And Dagger","PiercingWail+1","Catalyst","Tactician+1","Riddle With Holes+1","Backflip"],"relics":["Ring of the Snake","Anchor","Smiling Mask","Regal Pillow","Orichalcum","Runic Pyramid","Oddly Smooth Stone","Snake Skull"],"acts_visited":["TheCity"],"potions_floor_usage":[33],"damage_taken":[{"damage":2.0,"enemies":"Small Slimes","floor":1.0,"turns":4.0},{"damage":0.0,"enemies":"2 Louse","floor":2.0,"turns":4.0},{"damage":5.0,"enemies":"Jaw Worm","floor":3.0,"turns":5.0},{"damage":33.0,"enemies":"Lagavulin","floor":7.0,"turns":9.0},{"damage":1.0,"enemies":"Red Slaver","floor":8.0,"turns":4.0},{"damage":0.0,"enemies":"Blue Slaver","floor":12.0,"turns":4.0},{"damage":28.0,"enemies":"The Guardian","floor":16.0,"turns":11.0},{"damage":5.0,"enemies":"2 Thieves","floor":18.0,"turns":5.0},{"damage":12.0,"enemies":"Spheric Guardian","floor":20.0,"turns":6.0},{"damage":2.0,"enemies":"Snake Plant","floor":21.0,"turns":7.0},{"damage":5.0,"enemies":"Snecko","floor":24.0,"turns":8.0},{"damage":0.0,"enemies":"Book of Stabbing","floor":28.0,"turns":7.0},{"damage":0.0,"enemies":"Chosen and Byrds","floor":30.0,"turns":8.0},{"damage":23,"enemies":"3 Cultists","floor":31,"turns":8},{"damage":46,"enemies":"Automaton","floor":33,"turns":12}],"seed_played":"-2450513438931124720","potions_obtained":[{"floor":3.0,"key":"SteroidPotion"},{"floor":7.0,"key":"Strength Potion"},{"floor":18.0,"key":"GamblersBrew"},{"floor":21.0,"key":"Block Potion"},{"floor":24.0,"key":"Poison Potion"},{"floor":28.0,"key":"Regen Potion"}],"is_trial":false,"path_per_floor":["M","M","M","?","$","R","E","M","T","$","R","M","R","?","R","B",null,"M","?","M","M","$","R","M","R","T","R","E","$","M","M","R","B"],"character_chosen":"THE_SILENT","items_purchased":["Deadly Poison","Acrobatics","Tactician"],"campfire_rested":2,"item_purchase_floors":[5,10,29],"current_hp_per_floor":[57,57,52,49,49,49,16,15,15,15,49,49,49,36,36,8,52,47,47,35,33,33,66,61,61,61,61,61,61,61,38,38,7,7],"gold":77,"neow_bonus":"RANDOM_COMMON_RELIC","is_daily":false,"chose_seed":false,"campfire_upgraded":6,"win_rate":0.0,"timestamp":1608129788,"path_taken":["M","M","M","?","$","R","E","M","T","$","R","M","R","?","R","BOSS","BOSS","M","?","M","?","$","R","M","R","T","R","E","$","M","M","R","BOSS"],"items_purchased_type":["Card","Card","Card"],"build_version":"2020-12-13","purchased_purges":4,"victory":false,"max_hp_per_floor":[66,66,66,66,66,66,66,66,66,66,66,66,66,66,66,66,66,66,66,66,66,66,66,66,66,66,66,66,66,66,66,66,66,66],"relic_stats":{"Regal Pillow":29,"counters":[15,102],"Snake Skull":[11],"Orichalcum":[42],"Smiling Mask":250,"obtain_stats":[{"Anchor":0,"Regal Pillow":7,"Oddly Smooth Stone":26,"Snake Skull":28,"Orichalcum":9,"Smiling Mask":4,"Ring of the Snake":0,"Runic Pyramid":17},{"Anchor":0,"Regal Pillow":4,"Oddly Smooth Stone":11,"Snake Skull":12,"Orichalcum":5,"Smiling Mask":3,"Ring of the Snake":0,"Runic Pyramid":7},{"Anchor":0,"Regal Pillow":22,"Oddly Smooth Stone":67,"Snake Skull":74,"Orichalcum":26,"Smiling Mask":13,"Ring of the Snake":0,"Runic Pyramid":41}],"Ring of the Snake":[30]},"card_choices":[{"not_picked":["Sucker Punch","Blade Dance"],"picked":"Footwork","floor":1.0},{"not_picked":["Setup","Predator","Poisoned Stab"],"picked":"SKIP","floor":2.0},{"not_picked":["Flying Knee","Dodge and Roll"],"picked":"Infinite Blades","floor":3.0},{"not_picked":["Flying Knee","Prepared"],"picked":"Dash","floor":7.0},{"not_picked":["Deadly Poison","Outmaneuver"],"picked":"Distraction","floor":8.0},{"not_picked":["Prepared","Sucker Punch","Deflect"],"picked":"SKIP","floor":12.0},{"not_picked":["Grand Finale","Die Die Die"],"picked":"Tools of the Trade","floor":16.0},{"not_picked":["Finisher","Dagger Throw"],"picked":"Cloak And Dagger","floor":18.0},{"not_picked":["Poisoned Stab","Quick Slash"],"picked":"PiercingWail","floor":20.0},{"not_picked":["Expertise","Dagger Throw","Predator"],"picked":"SKIP","floor":21.0},{"not_picked":["Cloak And Dagger","Prepared","Poisoned Stab+1"],"picked":"SKIP","floor":24.0},{"not_picked":["Dodge and Roll+1","Finisher+1"],"picked":"Catalyst","floor":28.0},{"not_picked":["Dagger Spray","Grand Finale"],"picked":"Riddle With Holes+1","floor":30.0},{"not_picked":["Dagger Throw","Concentrate+1"],"picked":"Backflip","floor":31}],"player_experience":102417,"relics_obtained":[{"floor":7.0,"key":"Regal Pillow"},{"floor":9.0,"key":"Orichalcum"},{"floor":26.0,"key":"Oddly Smooth Stone"},{"floor":28.0,"key":"Snake Skull"}],"event_choices":[{"damage_healed":0.0,"max_hp_gain":0.0,"max_hp_loss":0.0,"gold_gain":0.0,"event_name":"Scrap Ooze","player_choice":"Success","floor":4.0,"gold_loss":0.0,"damage_taken":3.0,"relics_obtained":["Smiling Mask"]},{"damage_healed":0.0,"max_hp_gain":0.0,"max_hp_loss":0.0,"gold_gain":0.0,"event_name":"Shining Light","player_choice":"Entered Light","floor":14.0,"gold_loss":0.0,"damage_taken":13.0,"cards_upgraded":["Neutralize","Defend_G"]},{"cards_removed":["Strike_G"],"damage_healed":0.0,"max_hp_gain":0.0,"max_hp_loss":0.0,"gold_gain":0.0,"event_name":"Purifier","player_choice":"Purged","floor":19.0,"gold_loss":0.0,"damage_taken":0.0}],"is_beta":false,"boss_relics":[{"not_picked":["Pandora\u0027s Box","SlaversCollar"],"picked":"Runic Pyramid"}],"items_purged_floors":[5,10,22,29],"is_endless":false,"potions_floor_spawned":[3,7,8,18,21,24,28],"killed_by":"Automaton","ascension_level":14}}