{"host":"sav7uxregyirlf69","time":1608137399,"event":{"mods":["AchievementEnabler","BaseMod","Colored Map","DeckTracker","Keyboard Shortcuts","Minty Spire (QoL Compilation)","READ ME - Guardian Mod","StSLib","SuperFastMode"],"gold_per_floor":[20,20,20,45,57,87,87,87,87,106,31,31,56,74,74,148,148,166,166,166,37,37,68,79,79,106,135,149,149,49,49,49,49,49],"floor_reached":33,"playtime":545,"items_purged":["Strike_G","Defend_G"],"score":678,"play_id":"0f643f21-9dfd-4191-802b-22b1a431bcc7","local_time":"20201217014959","is_ascension_mode":true,"campfire_choices":[{"floor":7,"key":"REST"},{"data":"Catalyst","floor":12,"key":"SMITH"},{"data":"Tactician","floor":15,"key":"SMITH"},{"floor":25,"key":"REST"},{"floor":29,"key":"REST"},{"data":"Acrobatics","floor":32,"key":"SMITH"}],"circlet_count":0,"master_deck":["AscendersBane","Defend_G","Defend_G","Survivor","Neutralize","Underhanded Strike","Corpse Explosion","PiercingWail","Catalyst+1","Tactician+1","Deadly Poison","Adrenaline","Dagger Spray+1","Reflex","Acrobatics+1","Noxious Fumes"],"relics":["Ring of the Snake","Akabeko","PreservedInsect","Mummified Hand","Molten Egg 2","Darkstone Periapt","Empty Cage","Toy Ornithopter","Blood Vial","Potion Belt","Ginger"],"acts_visited":["Exordium","TheCity"],"potions_floor_usage":[6,16,18,24,33],"damage_taken":[{"damage":2,"enemies":"Small Slimes","floor":1,"turns":4},{"damage":1,"enemies":"Jaw Worm","floor":5,"turns":2},{"damage":35,"enemies":"Lagavulin","floor":6,"turns":6},{"damage":0,"enemies":"2 Louse","floor":10,"turns":2},{"damage":2,"enemies":"3 Sentries","floor":13,"turns":2},{"damage":0,"enemies":"2 Fungi Beasts","floor":14,"turns":2},{"damage":1,"enemies":"Hexaghost","floor":16,"turns":7},{"damage":7,"enemies":"3 Byrds","floor":18,"turns":3},{"damage":43,"enemies":"Book of Stabbing","floor":23,"turns":5},{"damage":8,"enemies":"Shell Parasite","floor":24,"turns":4},{"damage":0,"enemies":"Slavers","floor":27,"turns":1},{"damage":16,"enemies":"Centurion and Healer","floor":28,"turns":5},{"damage":59,"enemies":"Automaton","floor":33,"turns":6}],"seed_played":"-7042626739538697347","potions_obtained":[{"floor":5,"key":"SteroidPotion"},{"floor":6,"key":"Regen Potion"},{"floor":10,"key":"CunningPotion"},{"floor":23,"key":"Block Potion"},{"floor":27,"key":"EssenceOfSteel"}],"is_trial":false,"path_per_floor":["M","?","?","T","M","E","R","T","T","M","?","R","E","M","R","B",null,"M","?","?","$","T","E","M","R","T","E","M","R","$","?","R","B"],"character_chosen":"THE_SILENT","items_purchased":["Dagger Spray+1"],"campfire_rested":3,"item_purchase_floors":[21],"current_hp_per_floor":[57,57,46,46,45,10,29,29,29,29,29,29,27,27,27,41,60,53,53,53,53,53,10,9,28,28,30,16,35,35,35,35,0,0],"gold":49,"neow_bonus":"REMOVE_TWO","is_daily":false,"chose_seed":false,"campfire_upgraded":3,"win_rate":0.0,"timestamp":1608137399,"path_taken":["M","?","?","?","M","E","R","?","T","M","?","R","E","M","R","BOSS","M","?","?","$","?","E","M","R","T","E","M","R","$","?","R","BOSS"],"items_purchased_type":["Card"],"build_version":"2020-12-13","purchased_purges":2,"victory":false,"max_hp_per_floor":[66,66,66,66,66,66,66,66,66,66,66,66,66,66,66,66,66,66,66,66,66,66,66,66,66,66,66,66,66,66,66,66,66,66],"card_choices":[{"not_picked":["PiercingWail","Prepared"],"picked":"Underhanded Strike","floor":1},{"not_picked":["Slice","Deflect"],"picked":"PiercingWail","floor":5},{"not_picked":["Storm of Steel","Deflect"],"picked":"Catalyst","floor":6},{"not_picked":["Acrobatics","Prepared"],"picked":"Tactician","floor":10},{"not_picked":["Envenom","Cloak And Dagger","A Thousand Cuts"],"picked":"SKIP","floor":13},{"not_picked":["Flying Knee+1","Outmaneuver"],"picked":"Deadly Poison","floor":14},{"not_picked":["Die Die Die+1","A Thousand Cuts"],"picked":"Adrenaline","floor":16},{"not_picked":["Bane+1","Eviscerate+1","Tactician"],"picked":"SKIP","floor":18},{"not_picked":["Quick Slash+1","Tactician+1"],"picked":"Reflex","floor":23},{"not_picked":["Slice+1","Poisoned Stab+1"],"picked":"Acrobatics","floor":24},{"not_picked":["Terror","Deadly Poison","Flying Knee+1"],"picked":"SKIP","floor":27},{"not_picked":["Slice+1","Sucker Punch+1"],"picked":"Noxious Fumes","floor":28}],"player_experience":925182,"relics_obtained":[{"floor":6,"key":"PreservedInsect"},{"floor":8,"key":"Mummified Hand"},{"floor":9,"key":"Molten Egg 2"},{"floor":13,"key":"Darkstone Periapt"},{"floor":22,"key":"Toy Ornithopter"},{"floor":23,"key":"Blood Vial"},{"floor":26,"key":"Potion Belt"},{"floor":27,"key":"Ginger"}],"event_choices":[{"damage_healed":0,"gold_gain":0,"cards_transformed":["Strike_G"],"player_choice":"Change","damage_taken":0,"max_hp_gain":0,"max_hp_loss":0,"event_name":"Living Wall","floor":2,"gold_loss":0,"cards_obtained":["Corpse Explosion"]},{"damage_healed":0,"gold_gain":0,"player_choice":"Success","damage_taken":11,"relics_obtained":["Akabeko"],"max_hp_gain":0,"max_hp_loss":0,"event_name":"Scrap Ooze","floor":3,"gold_loss":0},{"cards_removed":["Defend_G"],"damage_healed":0,"gold_gain":0,"player_choice":"Card Removal","damage_taken":0,"max_hp_gain":0,"max_hp_loss":0,"event_name":"The Cleric","floor":11,"gold_loss":75},{"damage_healed":0,"gold_gain":0,"player_choice":"Ignored","damage_taken":0,"max_hp_gain":0,"max_hp_loss":0,"event_name":"Vampires","floor":19,"gold_loss":0},{"damage_healed":0,"gold_gain":0,"player_choice":"Ignored","damage_taken":0,"max_hp_gain":0,"max_hp_loss":0,"event_name":"Cursed Tome","floor":20,"gold_loss":0}],"is_beta":false,"boss_relics":[{"not_picked":["Calling Bell","Tiny House"],"picked":"Empty Cage"}],"items_purged_floors":[21,30],"is_endless":false,"potions_floor_spawned":[5,6,10,23,27],"killed_by":"Automaton","ascension_level":20}}