{"host":"wsi8noc0n5jxahbu","time":1608125994,"event":{"mods":["BaseMod","Better Altar","Better Match","Better Note","Better Sensory Stone","Better Skull","Better Third Choice","BetterRewards","Colored Map","Custom Start","Highlight Path","Minty Spire (QoL Compilation)","Permanent Neow","Relic Filter","StSLib"],"gold_per_floor":[119,139,152,166,96,96,113,174,174,209,226,226,252,264,264,368,368,382,395,11,25,35,35,35],"floor_reached":23,"playtime":1829,"items_purged":["Strike_B"],"score":197,"play_id":"3a186c9e-d6f0-401c-a0dc-baca876462cc","local_time":"20201216083954","is_ascension_mode":false,"campfire_choices":[{"data":"Defragment","floor":6,"key":"SMITH"},{"data":"Sunder","floor":12,"key":"SMITH"},{"data":"Lockon","floor":15,"key":"SMITH"}],"circlet_count":0,"master_deck":["Strike_B+1","Strike_B+1","Strike_B","Defend_B+1","Defend_B","Defend_B","Defend_B","Zap+1","Dualcast","Lockon+1","Rebound","Sunder+1","Defragment+1","Lockon","Ball Lightning","Force Field","Buffer","Turbo+1","Redo","Barrage","Barrage","Conserve Battery+1"],"relics":["Cracked Core","War Paint","Ornamental Fan","Whetstone","Strawberry","Runic Dome","Bottled Tornado"],"acts_visited":["Exordium","TheCity"],"potions_floor_usage":[2,8,8,8,19,22,22],"damage_taken":[{"damage":7,"enemies":"Small Slimes","floor":1,"turns":4},{"damage":0,"enemies":"Jaw Worm","floor":2,"turns":1},{"damage":1,"enemies":"Cultist","floor":3,"turns":3},{"damage":0,"enemies":"Large Slime","floor":4,"turns":4},{"damage":3,"enemies":"Exordium Thugs","floor":7,"turns":4},{"damage":34,"enemies":"3 Sentries","floor":8,"turns":7},{"damage":14,"enemies":"3 Sentries","floor":10,"turns":4},{"damage":2,"enemies":"Blue Slaver","floor":11,"turns":2},{"damage":0,"enemies":"2 Fungi Beasts","floor":14,"turns":1},{"damage":10,"enemies":"Slime Boss","floor":16,"turns":7},{"damage":3,"enemies":"Shell Parasite","floor":18,"turns":4},{"damage":1,"enemies":"3 Byrds","floor":19,"turns":4},{"damage":15,"enemies":"Shelled Parasite and Fungi","floor":21,"turns":3},{"damage":10,"enemies":"Centurion and Healer","floor":22,"turns":5},{"damage":53,"enemies":"Slavers","floor":23,"turns":3}],"seed_played":"-623427751108703602","potions_obtained":[{"floor":0,"key":"FearPotion"},{"floor":0,"key":"Regen Potion"},{"floor":0,"key":"GamblersBrew"},{"floor":3,"key":"Regen Potion"},{"floor":4,"key":"Swift Potion"},{"floor":14,"key":"PowerPotion"},{"floor":16,"key":"AttackPotion"},{"floor":18,"key":"DistilledChaos"},{"floor":19,"key":"SteroidPotion"},{"floor":22,"key":"SteroidPotion"}],"is_trial":false,"path_per_floor":["M","M","M","M","$","R","M","?","T","E","M","R","T","M","R","B",null,"M","M","$","M","M","E"],"character_chosen":"DEFECT","items_purchased":["Defragment","Bottled Tornado","Barrage"],"campfire_rested":0,"item_purchase_floors":[5,20,20],"current_hp_per_floor":[68,68,67,67,67,67,64,70,70,56,54,54,61,61,61,51,82,79,78,78,63,53,0,0],"gold":35,"neow_bonus":"THREE_SMALL_POTIONS","is_daily":false,"chose_seed":false,"campfire_upgraded":3,"win_rate":0.0,"timestamp":1608125994,"path_taken":["M","M","M","M","$","R","M","?","T","E","M","R","?","?","R","BOSS","M","M","$","M","M","E"],"items_purchased_type":["Card","Relic","Card"],"build_version":"2020-12-13","purchased_purges":1,"victory":false,"max_hp_per_floor":[75,75,75,75,75,75,75,75,75,75,75,75,82,82,82,82,82,82,82,82,82,82,82,82],"card_choices":[{"not_picked":["Steam Power","Blizzard"],"picked":"Lockon","floor":1},{"not_picked":["Compile Driver","Beam Cell"],"picked":"Rebound","floor":2},{"not_picked":["Beam Cell","Steam","Steam Power"],"picked":"SKIP","floor":3},{"not_picked":["Thunder Strike","Steam"],"picked":"Sunder","floor":4},{"not_picked":["Stack","Beam Cell"],"picked":"Lockon","floor":7},{"not_picked":["Coolheaded","Streamline"],"picked":"Ball Lightning","floor":8},{"not_picked":["Doom and Gloom","Consume"],"picked":"Force Field","floor":10},{"not_picked":["Hologram","Conserve Battery","Scrape"],"picked":"SKIP","floor":11},{"not_picked":["Go for the Eyes","Blizzard","Sunder"],"picked":"SKIP","floor":14},{"not_picked":["Core Surge","Meteor Strike"],"picked":"Buffer","floor":16},{"not_picked":["Beam Cell","Scrape"],"picked":"Turbo+1","floor":18},{"not_picked":["Cold Snap","Hello World"],"picked":"Redo","floor":19},{"not_picked":["Self Repair+1","Sweeping Beam+1"],"picked":"Barrage","floor":21},{"not_picked":["Reprogram","Go for the Eyes"],"picked":"Conserve Battery+1","floor":22}],"player_experience":396732,"relics_obtained":[{"floor":8,"key":"War Paint"},{"floor":9,"key":"Ornamental Fan"},{"floor":10,"key":"Whetstone"},{"floor":13,"key":"Strawberry"}],"event_choices":[{"damage_healed":0,"gold_gain":30,"player_choice":"Searched \u00272\u0027 times","damage_taken":0,"max_hp_gain":0,"max_hp_loss":0,"event_name":"Dead Adventurer","floor":8,"gold_loss":0}],"is_beta":false,"boss_relics":[{"not_picked":["Inserter","Snecko Eye"],"picked":"Runic Dome"}],"items_purged_floors":[20],"is_endless":false,"potions_floor_spawned":[3,4,14,16,18,19,22],"killed_by":"Slavers","ascension_level":0}}