{"host":"wsi8noc0n5jxahbu","time":1608081386,"event":{"mods":["BaseMod","Better Altar","Better Match","Better Note","Better Sensory Stone","Better Skull","Better Third Choice","BetterRewards","Colored Map","Custom Start","Highlight Path","Minty Spire (QoL Compilation)","Permanent Neow","Relic Filter","StSLib"],"gold_per_floor":[118,130,149,4,18,51,71,31,76,90,90,90,90],"floor_reached":12,"playtime":851,"items_purged":[],"score":82,"play_id":"e96c298a-5438-4a02-add0-052728932b32","local_time":"20201215201626","is_ascension_mode":false,"campfire_choices":[],"circlet_count":0,"master_deck":["Strike_B","Strike_B","Strike_B","Strike_B","Defend_B","Defend_B","Defend_B","Defend_B","Zap","Dualcast","Echo Form","Coolheaded","Steam","Machine Learning","Cold Snap"],"relics":["Cracked Core","Tiny Chest","Bag of Marbles","Golden Idol"],"acts_visited":["Exordium"],"potions_floor_usage":[5,6,6],"damage_taken":[{"damage":0,"enemies":"2 Louse","floor":1,"turns":2},{"damage":6,"enemies":"Cultist","floor":2,"turns":3},{"damage":0,"enemies":"Jaw Worm","floor":3,"turns":4},{"damage":0,"enemies":"Exordium Wildlife","floor":5,"turns":3},{"damage":15,"enemies":"Lagavulin","floor":6,"turns":7},{"damage":16,"enemies":"Large Slime","floor":7,"turns":8},{"damage":8,"enemies":"3 Louse","floor":10,"turns":3},{"damage":36,"enemies":"Gremlin Nob","floor":12,"turns":4}],"seed_played":"8764044781310066573","potions_obtained":[{"floor":2,"key":"Explosive Potion"},{"floor":3,"key":"Energy Potion"},{"floor":5,"key":"DistilledChaos"},{"floor":8,"key":"Energy Potion"},{"floor":8,"key":"Dexterity Potion"},{"floor":8,"key":"CultistPotion"}],"is_trial":false,"path_per_floor":["M","M","M","$","M","E","M","?","T","M","?","E"],"character_chosen":"DEFECT","items_purchased":["Machine Learning"],"campfire_rested":0,"item_purchase_floors":[4],"current_hp_per_floor":[75,69,69,69,69,54,38,38,38,30,30,0,0],"gold":90,"neow_bonus":"ONE_RANDOM_RARE_CARD","is_daily":false,"chose_seed":false,"campfire_upgraded":0,"win_rate":0.0,"timestamp":1608081386,"path_taken":["M","M","M","$","M","E","M","?","T","?","?","E"],"items_purchased_type":["Card"],"build_version":"2020-12-13","purchased_purges":0,"victory":false,"max_hp_per_floor":[75,75,75,75,75,75,75,75,75,75,69,69,69],"card_choices":[{"not_picked":["Sweeping Beam","Rip and Tear","Lockon"],"picked":"SKIP","floor":1},{"not_picked":["Beam Cell","Ball Lightning"],"picked":"Coolheaded","floor":2},{"not_picked":["Coolheaded","Steam Power"],"picked":"Steam","floor":3},{"not_picked":["Rebound","Ball Lightning","Stack"],"picked":"SKIP","floor":5},{"not_picked":["Stack","Storm","Streamline"],"picked":"SKIP","floor":6},{"not_picked":["Sweeping Beam","Steam","Ball Lightning"],"picked":"SKIP","floor":7},{"not_picked":["Stack","Meteor Strike"],"picked":"Cold Snap","floor":10}],"player_experience":394464,"relics_obtained":[{"floor":6,"key":"Tiny Chest"},{"floor":9,"key":"Bag of Marbles"}],"event_choices":[{"damage_healed":0,"gold_gain":0,"player_choice":"Bought 3 Potions","damage_taken":0,"max_hp_gain":0,"max_hp_loss":0,"event_name":"The Woman in Blue","floor":8,"gold_loss":0},{"damage_healed":0,"gold_gain":0,"player_choice":"Lose Max HP","damage_taken":0,"relics_obtained":["Golden Idol"],"max_hp_gain":0,"max_hp_loss":6,"event_name":"Golden Idol","floor":11,"gold_loss":0}],"is_beta":false,"boss_relics":[],"items_purged_floors":[],"is_endless":false,"potions_floor_spawned":[2,3,5],"killed_by":"Gremlin Nob","ascension_level":0}}