{"host":"0iey8v53xvwqxh5z","time":1608082056,"event":{"mods":["BaseMod","BetterRewards","Hermit","Hubris","Minty Spire (QoL Compilation)","Relic Stats","Replay The Spire","Shop Mod","StSLib","The Cursed"],"gold_per_floor":[117,156,171,171,171,202,202,123,197,197,230,242,242,272,272,344,344,354,92,103,153,167,201,21,47,93,13,33,66,66,10,10,88,88,99,99,99,118,118,149,168,178,178,207,66,66,97,108,108,108,108,108,2015,2015,2015],"floor_reached":54,"playtime":3847,"items_purged":["TheCursedMod:Defend_TheCursed","Pain","TheCursedMod:Defend_TheCursed","TheCursedMod:Strike_TheCursed"],"score":3433,"play_id":"67137276-512d-4278-8ac3-9a314566a070","local_time":"20201215202736","is_ascension_mode":true,"campfire_choices":[{"floor":7.0,"key":"REST"},{"data":"TheCursedMod:LuckyCharm","floor":10.0,"key":"SMITH"},{"data":"TheCursedMod:VoidForm","floor":13.0,"key":"SMITH"},{"data":"TheCursedMod:LuckyCharm","floor":15.0,"key":"SMITH"},{"data":"TheCursedMod:Strike_TheCursed","floor":30.0,"key":"PURGE"},{"data":"TheCursedMod:Strike_TheCursed","floor":32.0,"key":"PURGE"},{"floor":46.0,"key":"RECALL"},{"data":"TheCursedMod:Defend_TheCursed","floor":49.0,"key":"PURGE"},{"data":"TheCursedMod:Defend_TheCursed","floor":52.0,"key":"PURGE"}],"circlet_count":0,"master_deck":["AscendersBane","TheCursedMod:CursedWand","TheCursedMod:CleanUpWorkshop","TheCursedMod:Dregs","TheCursedMod:Evocation","TheCursedMod:LuckyCharm+1","TheCursedMod:DoubleShield","TheCursedMod:RapidMovement","TheCursedMod:SurpriseAttack","TheCursedMod:SmokeScreen","ReplayTheSpireMod:IOU","ReplayTheSpireMod:IOU","TheCursedMod:ReleasedStrength","TheCursedMod:WearCloak","TheCursedMod:SurpriseAttack","TheCursedMod:VoidForm+1","TheCursedMod:RapidMovement","TheCursedMod:LuckyCharm+1","hubris:NaturalOne","TheCursedMod:NeowsMight","TheCursedMod:CursedBlade+1","TheCursedMod:HellsGateOpen","TheCursedMod:BlessingInDisguise","TheCursedMod:BlessingInDisguise","ReplayTheSpireMod:IOU","TheCursedMod:AshesToAshes","ReplayTheSpireMod:IOU","TheCursedMod:SmokeScreen+1","TheCursedMod:HellsGateOpen","ReplayTheSpireMod:IOU","ReplayTheSpireMod:IOU","ReplayTheSpireMod:IOU","ReplayTheSpireMod:IOU","TheCursedMod:SpitefulPlan","TheCursedMod:SpitefulPlan","ReplayTheSpireMod:IOU","ReplayTheSpireMod:IOU","ReplayTheSpireMod:IOU","ReplayTheSpireMod:IOU","ReplayTheSpireMod:IOU","TheCursedMod:NeowsMight","TheCursedMod:Wield","TheCursedMod:RavingStaff","ReplayTheSpireMod:IOU","ReplayTheSpireMod:IOU","ReplayTheSpireMod:IOU","ReplayTheSpireMod:IOU","ReplayTheSpireMod:IOU","ReplayTheSpireMod:IOU","ReplayTheSpireMod:IOU","ReplayTheSpireMod:IOU","ReplayTheSpireMod:IOU","ReplayTheSpireMod:IOU","ReplayTheSpireMod:IOU","ReplayTheSpireMod:IOU","ReplayTheSpireMod:IOU","ReplayTheSpireMod:IOU","ReplayTheSpireMod:IOU","ReplayTheSpireMod:IOU","ReplayTheSpireMod:IOU","ReplayTheSpireMod:IOU","ReplayTheSpireMod:IOU","ReplayTheSpireMod:IOU","ReplayTheSpireMod:IOU","ReplayTheSpireMod:IOU","ReplayTheSpireMod:IOU","ReplayTheSpireMod:IOU","ReplayTheSpireMod:IOU","ReplayTheSpireMod:IOU","ReplayTheSpireMod:IOU","ReplayTheSpireMod:IOU","ReplayTheSpireMod:IOU","ReplayTheSpireMod:IOU","Apotheosis","Panacea"],"relics":["TheCursedMod:BlackMagic101","Happy Flower","Calipers","Membership Card","Regal Pillow","hubris:BundleOfHerbs","ClockworkSouvenir","Oddly Smooth Stone","Peace Pipe","Medical Kit","Quantum Egg","Pet Ghost","hubris:TinFlute","hubris:Icosahedron","ReplayTheSpireMod:Ring of Exchange","Ring of Hypnosis","Toy Ornithopter","Replay:Wax Seal","hubris:EmptyBottle","Pear","InkBottle","hubris:GlazedTorus","Fusion Hammer","MerchantsRug","Replay:Baseball","OrangePellets","Anchor","Snecko Heart","Replay:Accelerometer","Nunchaku","TheCursedMod:OminousMark","hubris:GrandSneckoEye","CaptainsWheel","Iron Hammer","hubris:ToyBattleship","ReplayTheSpireMod:Shallot","hubris:CuriousFeather","Replay:WaspNest","ChewingGum"],"acts_visited":["Exordium","TheCity","TheBeyond","TheEnding"],"potions_floor_usage":[54],"damage_taken":[{"damage":1.0,"enemies":"Jaw Worm","floor":1.0,"turns":4.0},{"damage":1.0,"enemies":"Small Slimes","floor":3.0,"turns":4.0},{"damage":6.0,"enemies":"Replay:BlueRogue","floor":6.0,"turns":11.0},{"damage":0.0,"enemies":"3 Sentries","floor":11.0,"turns":12.0},{"damage":0.0,"enemies":"Cultist","floor":12.0,"turns":3.0},{"damage":0.0,"enemies":"Replay:BlueRogue","floor":14.0,"turns":7.0},{"damage":21.0,"enemies":"Slime Boss","floor":16.0,"turns":8.0},{"damage":0.0,"enemies":"Spheric Guardian","floor":18.0,"turns":3.0},{"damage":0.0,"enemies":"Shell Parasite","floor":20.0,"turns":3.0},{"damage":1.0,"enemies":"Snecko","floor":22.0,"turns":4.0},{"damage":9.0,"enemies":"Slavers","floor":23.0,"turns":4.0},{"damage":0.0,"enemies":"Book of Stabbing","floor":25.0,"turns":4.0},{"damage":0.0,"enemies":"3 Cultists","floor":28.0,"turns":4.0},{"damage":0.0,"enemies":"Replay:Snechameleon","floor":29.0,"turns":3.0},{"damage":0.0,"enemies":"Pondfish","floor":33.0,"turns":6.0},{"damage":0.0,"enemies":"3 Darklings","floor":35.0,"turns":2.0},{"damage":0.0,"enemies":"3 Shapes","floor":38.0,"turns":3.0},{"damage":0.0,"enemies":"R_Hoarder","floor":40.0,"turns":5.0},{"damage":0.0,"enemies":"Maw","floor":41.0,"turns":5.0},{"damage":0.0,"enemies":"Sphere and 2 Shapes","floor":42.0,"turns":4.0},{"damage":0.0,"enemies":"Giant Head","floor":44.0,"turns":4.0},{"damage":0.0,"enemies":"Nemesis","floor":47.0,"turns":5.0},{"damage":0.0,"enemies":"Writhing Mass","floor":48.0,"turns":6.0},{"damage":0.0,"enemies":"Donu and Deca","floor":50.0,"turns":7.0},{"damage":0.0,"enemies":"hubris:Merchant","floor":53.0,"turns":1.0},{"damage":86,"enemies":"Shield and Spear","floor":54,"turns":3}],"seed_played":"-4823275949005583196","potions_obtained":[{"floor":2.0,"key":"DuplicationPotion"},{"floor":6.0,"key":"Explosive Potion"},{"floor":16.0,"key":"PowerPotion"},{"floor":23.0,"key":"Reflective Coating"},{"floor":40.0,"key":"Adrenaline Potion"}],"is_trial":false,"path_per_floor":["M","?","M","?","?","E","R","$","T","R","E","M","R","E","R","B",null,"M","$","M","?","M","E","$","E","T","?","M","E","R","$","R","B",null,"M","?","?","M","?","E","M","M","T","E","$","R","E","M","R","B",null,"R","$","E"],"character_chosen":"THE_CURSED","items_purchased":["Happy Flower","TheCursedMod:Evocation","Membership Card","Regal Pillow","ClockworkSouvenir","Oddly Smooth Stone","Medical Kit","Quantum Egg","Pet Ghost","TheCursedMod:LuckyCharm","TheCursedMod:DoubleShield","Block Potion","Replay:Wax Seal","TheCursedMod:ReleasedStrength","hubris:EmptyBottle","TheCursedMod:WearCloak","TheCursedMod:SurpriseAttack","GamblersBrew","MerchantsRug","Replay:Baseball","OrangePellets","TheCursedMod:HellsGateOpen","TheCursedMod:BlessingInDisguise","TheCursedMod:AshesToAshes","TheCursedMod:RavingStaff","TheCursedMod:HellsGateOpen","Snecko Heart","TheCursedMod:OminousMark","ReplayTheSpireMod:Shallot","hubris:CuriousFeather","Replay:WaspNest","Apotheosis","Panacea","ChewingGum","Dexterity Potion"],"campfire_rested":1,"item_purchase_floors":[0,0,0,0,0,0,0,0,0,0,0,0,8,8,8,8,8,8,19,19,19,19,19,19,19,24,24,31,45,53,53,53,53,53,53],"current_hp_per_floor":[21,21,20,20,20,14,50,50,60,60,65,65,65,65,65,44,72,72,72,72,72,71,72,72,72,72,72,72,72,72,72,72,72,79,79,79,79,79,79,79,79,79,79,79,79,79,79,79,79,79,81,81,81,0,0],"gold":2015,"neow_bonus":"","is_daily":false,"chose_seed":false,"campfire_upgraded":3,"win_rate":0.0,"timestamp":1608082056,"path_taken":["M","?","?","?","?","E","R","?","T","R","E","M","R","E","R","BOSS","M","$","M","?","M","E","?","E","T","?","M","E","R","$","R","BOSS","M","?","?","?","?","E","M","M","T","E","?","R","E","M","R","BOSS","R","$","E"],"items_purchased_type":["Relic","Card","Relic","Relic","Relic","Relic","Relic","Relic","Relic","Card","Card","Potion","Relic","Card","Relic","Card","Card","Potion","Relic","Relic","Relic","Card","Card","Card","Card","Card","Relic","Relic","Relic","Relic","Relic","Card","Card","Relic","Potion"],"build_version":"2020-12-13","purchased_purges":4,"victory":false,"max_hp_per_floor":[71,71,71,71,71,71,71,71,81,81,81,81,81,81,81,81,81,81,81,81,81,81,81,81,81,81,81,81,81,81,81,81,81,81,81,81,81,81,81,81,81,81,81,81,81,81,81,81,81,81,81,81,81,81,81],"relic_stats":{"Peace Pipe":4,"OrangePellets":[15],"Regal Pillow":15,"Nunchaku":[11],"Happy Flower":[95],"counters":[416,2099],"Medical Kit":[0],"obtain_stats":[{"Golden Egg":20,"Replay:Accelerometer":42,"Whetstone":44,"Ginger":0,"hubris:MysteriousPyramids":42,"Sling":53,"Boot":40,"Old Coin":5,"Ring of Searing":46,"Blood Vial":25,"Replay:Wanted Poster":38,"Replay:Ringing Soul":53,"hubris:HerbalPaste":53,"hubris:AstralHammer":44,"TheCursedMod:CrystalBall":7,"hubris:DeckOfHolding":40,"MealTicket":28,"Fusion Hammer":17,"HandDrill":57,"Kunai":29,"Replay:Wax Seal":0,"hubris:TinFlute":28,"Replay:Bottled Steam":36,"TheCursedMod:BlackMagic101":0,"MerchantsRug":19,"Pear":58,"Counterbalance":0,"hubris:SphereOfDissonance":40,"Eternal Feather":23,"Pen Nib":31,"Replay:Ancient Bell":17,"SlaversCollar":34,"Runic Dome":34,"Bird Faced Urn":14,"hubris:TenFootPole":0,"Kintsugi":17,"Unceasing Top":0,"Abe\u0027s Treasure":17,"TheCursedMod:SoulVessel":46,"hubris:Reverence":54,"TheCursedMod:FourLeafCloverCharm":17,"Lantern":53,"Regal Pillow":6,"Torii":0,"Blue Doll":27,"StoneCalendar":53,"GremlinMask":29,"Bag of Preparation":46,"Replay:Multitool":40,"hubris:EmptyBottle":0,"Cursed Key":17,"Ancient Tea Set":44,"Pet Ghost":10,"Replay:Rubber Ducky":0,"hubris:Backtick":17,"Ring of Peace":11,"Toolbox":3,"WingedGreaves":0,"hubris:CuriousFeather":0,"hubris:FunFungus":43,"Chemical X":0,"Ring of Panic":5,"Replay:Bottled Eggs":28,"InkBottle":40,"hubris:GlazedTorus":0,"Potion Belt":45,"Lee\u0027s Waffle":0,"Golden Idol":3,"hubris:64BitClover":28,"Thread and Needle":0,"PreservedInsect":26,"Ring of Greed":5,"hubris:Towel":37,"Frozen Egg 2":0,"MawBank":13,"Replay:Arrowhead":0,"hubris:Spice":0,"Ornamental Fan":0,"Bloody Idol":27,"Orrery":0,"Garlic":26,"Durian":9,"Bottled Lightning":54,"ReplayTheSpireMod:Lightbulb":54,"Toy Ornithopter":9,"hubris:BottledRain":9,"Ice Cream":39,"Mark of the Bloom":49,"Calipers":0,"hubris:CrystalStatue":34,"Gremlin Horn":20,"Nilry\u0027s Codex":19,"TheCursedMod:Tack":54,"hubris:VirtuousBlindfold":34,"Vajra":0,"hubris:TerracottaHorce":19,"Centennial Puzzle":8,"Lizard Tail":25,"HornCleat":0,"DollysMirror":28,"Strawberry":46,"Honey Jar":0,"Philosopher\u0027s Stone":17,"Iron Hammer":0,"Toxic Egg 2":0,"Girya":26,"hubris:Teleporter":13,"hubris:DuctTape":57,"Happy Flower":53,"Ring of Hypnosis":5,"ReplayTheSpireMod:CursedCoin":0,"Oddly Smooth Stone":0,"Replay:Kaleidoscope":47,"Letter Opener":53,"War Paint":0,"WarpedTongs":2,"hubris:Zylophone":0,"OrangePellets":0,"Replay:Baseball":21,"Bottled Flame":9,"ReplayTheSpireMod:Shallot":9,"Shuriken":9,"Bronze Scales":27,"hubris:PeanutButter":9,"Simple Rune":23,"Onion Ring":54,"Molten Egg 2":21,"Black Star":34,"ReplayTheSpireMod:TigerMarble":39,"hubris:ToyBattleship":26,"Grinning Jar":11,"Mirror":38,"Meat on the Bone":15,"ReplayFunnel":21,"Darkstone Periapt":30,"TheCursedMod:BloodyHarpoon":54,"ReplayTheSpireMod:Ring of Exchange":5,"Replay:PocketPolymizer":0,"Snecko Heart":24,"Mango":0,"Incense Burner":0,"hubris:SlimyHat":28,"Juzu Bracelet":42,"Empty Cage":34,"ClockworkSouvenir":22,"Frozen Eye":38,"Dream Catcher":6,"Replay:Bandana":7,"Nunchaku":53,"hubris:Icosahedron":9,"Chameleon Ring":11,"Mummified Hand":53,"Pantograph":22,"Gambling Chip":0,"Red Mask":21,"Replay:Bottled Snecko":28,"Gremlin Food":28,"hubris:DisguiseKit":14,"BargainBundle":0,"Replay:Towering Pillar of Hats":0,"Quantum Egg":0,"hubris:MedicalManual":42,"Replay:WaspNest":53,"TheCursedMod:MagicCandle":0,"Orichalcum":0,"Medical Kit":0,"White Beast Statue":0,"Mercury Hourglass":0,"Peace Pipe":12,"Strange Spoon":0,"Cauldron":53,"Pondfish Scales":14,"CaptainsWheel":19,"Anchor":10,"TheCursedMod:OminousMark":34,"ChewingGum":53,"hubris:BundleOfHerbs":0,"Snack Pack":54,"Bag of Marbles":31,"Coffee Dripper":17,"hubris:GrandSneckoEye":17,"Membership Card":0,"FossilizedHelix":6,"hubris:OldNail":0,"TungstenRod":44,"hubris:NiceRug":53,"ReplayTheSpireMod:ShopPack":45},{"Golden Egg":207,"Replay:Accelerometer":327,"Whetstone":20,"Ginger":86,"hubris:MysteriousPyramids":107,"Sling":221,"Boot":269,"Old Coin":279,"Ring of Searing":385,"Blood Vial":12,"Replay:Wanted Poster":75,"Replay:Ringing Soul":144,"hubris:HerbalPaste":144,"hubris:AstralHammer":50,"TheCursedMod:CrystalBall":90,"hubris:DeckOfHolding":106,"MealTicket":233,"Fusion Hammer":397,"HandDrill":84,"Kunai":70,"Replay:Wax Seal":25,"hubris:TinFlute":183,"Replay:Bottled Steam":324,"TheCursedMod:BlackMagic101":0,"MerchantsRug":398,"Pear":85,"Counterbalance":25,"hubris:SphereOfDissonance":19,"Eternal Feather":11,"Pen Nib":13,"Replay:Ancient Bell":343,"SlaversCollar":14,"Runic Dome":236,"Bird Faced Urn":342,"hubris:TenFootPole":334,"Kintsugi":229,"Unceasing Top":146,"Abe\u0027s Treasure":154,"TheCursedMod:SoulVessel":52,"hubris:Reverence":197,"TheCursedMod:FourLeafCloverCharm":122,"Lantern":196,"Regal Pillow":309,"Torii":198,"Blue Doll":127,"StoneCalendar":169,"GremlinMask":292,"Bag of Preparation":21,"Replay:Multitool":48,"hubris:EmptyBottle":25,"Cursed Key":35,"Ancient Tea Set":79,"Pet Ghost":61,"Replay:Rubber Ducky":25,"hubris:Backtick":370,"Ring of Peace":152,"Toolbox":1,"WingedGreaves":115,"hubris:CuriousFeather":171,"hubris:FunFungus":242,"Chemical X":25,"Ring of Panic":279,"Replay:Bottled Eggs":348,"InkBottle":326,"hubris:GlazedTorus":86,"Potion Belt":20,"Lee\u0027s Waffle":115,"Golden Idol":59,"hubris:64BitClover":129,"Thread and Needle":198,"PreservedInsect":41,"Ring of Greed":279,"hubris:Towel":47,"Frozen Egg 2":198,"MawBank":94,"Replay:Arrowhead":25,"hubris:Spice":25,"Ornamental Fan":171,"Bloody Idol":182,"Orrery":25,"Garlic":12,"Durian":175,"Bottled Lightning":389,"ReplayTheSpireMod:Lightbulb":222,"Toy Ornithopter":251,"hubris:BottledRain":200,"Ice Cream":105,"Mark of the Bloom":80,"Calipers":57,"hubris:CrystalStatue":73,"Gremlin Horn":37,"Nilry\u0027s Codex":180,"TheCursedMod:Tack":170,"hubris:VirtuousBlindfold":351,"Vajra":361,"hubris:TerracottaHorce":65,"Centennial Puzzle":30,"Lizard Tail":126,"HornCleat":115,"DollysMirror":12,"Strawberry":166,"Honey Jar":0,"Philosopher\u0027s Stone":7,"Iron Hammer":57,"Toxic Egg 2":86,"Girya":69,"hubris:Teleporter":33,"hubris:DuctTape":83,"Happy Flower":196,"Ring of Hypnosis":392,"ReplayTheSpireMod:CursedCoin":246,"Oddly Smooth Stone":25,"Replay:Kaleidoscope":141,"Letter Opener":275,"War Paint":25,"WarpedTongs":87,"hubris:Zylophone":25,"OrangePellets":25,"Replay:Baseball":9,"Bottled Flame":151,"ReplayTheSpireMod:Shallot":119,"Shuriken":30,"Bronze Scales":291,"hubris:PeanutButter":4,"Simple Rune":98,"Onion Ring":114,"Molten Egg 2":124,"Black Star":46,"ReplayTheSpireMod:TigerMarble":105,"hubris:ToyBattleship":232,"Grinning Jar":5,"Mirror":47,"Meat on the Bone":63,"ReplayFunnel":258,"Darkstone Periapt":264,"TheCursedMod:BloodyHarpoon":276,"ReplayTheSpireMod:Ring of Exchange":392,"Replay:PocketPolymizer":223,"Snecko Heart":401,"Mango":25,"Incense Burner":25,"hubris:SlimyHat":69,"Juzu Bracelet":270,"Empty Cage":213,"ClockworkSouvenir":180,"Frozen Eye":134,"Dream Catcher":3,"Replay:Bandana":119,"Nunchaku":169,"hubris:Icosahedron":60,"Chameleon Ring":366,"Mummified Hand":220,"Pantograph":97,"Gambling Chip":146,"Red Mask":97,"Replay:Bottled Snecko":129,"Gremlin Food":43,"hubris:DisguiseKit":94,"BargainBundle":361,"Replay:Towering Pillar of Hats":115,"Quantum Egg":223,"hubris:MedicalManual":138,"Replay:WaspNest":415,"TheCursedMod:MagicCandle":25,"Orichalcum":334,"Medical Kit":277,"White Beast Statue":25,"Mercury Hourglass":25,"Peace Pipe":62,"Strange Spoon":86,"Cauldron":196,"Pondfish Scales":63,"CaptainsWheel":123,"Anchor":176,"TheCursedMod:OminousMark":161,"ChewingGum":415,"hubris:BundleOfHerbs":86,"Snack Pack":24,"Bag of Marbles":45,"Coffee Dripper":95,"hubris:GrandSneckoEye":315,"Membership Card":25,"FossilizedHelix":29,"hubris:OldNail":57,"TungstenRod":243,"hubris:NiceRug":55,"ReplayTheSpireMod:ShopPack":243},{"Golden Egg":1076,"Replay:Accelerometer":1603,"Whetstone":102,"Ginger":455,"hubris:MysteriousPyramids":566,"Sling":1169,"Boot":1351,"Old Coin":1396,"Ring of Searing":1948,"Blood Vial":62,"Replay:Wanted Poster":406,"Replay:Ringing Soul":727,"hubris:HerbalPaste":727,"hubris:AstralHammer":280,"TheCursedMod:CrystalBall":470,"hubris:DeckOfHolding":562,"MealTicket":1209,"Fusion Hammer":2023,"HandDrill":443,"Kunai":384,"Replay:Wax Seal":130,"hubris:TinFlute":946,"Replay:Bottled Steam":1591,"TheCursedMod:BlackMagic101":0,"MerchantsRug":2026,"Pear":448,"Counterbalance":130,"hubris:SphereOfDissonance":95,"Eternal Feather":58,"Pen Nib":66,"Replay:Ancient Bell":1685,"SlaversCollar":79,"Runic Dome":1218,"Bird Faced Urn":1675,"hubris:TenFootPole":1640,"Kintsugi":1197,"Unceasing Top":738,"Abe\u0027s Treasure":773,"TheCursedMod:SoulVessel":289,"hubris:Reverence":1023,"TheCursedMod:FourLeafCloverCharm":637,"Lantern":1017,"Regal Pillow":1511,"Torii":1030,"Blue Doll":659,"StoneCalendar":853,"GremlinMask":1440,"Bag of Preparation":107,"Replay:Multitool":266,"hubris:EmptyBottle":130,"Cursed Key":180,"Ancient Tea Set":424,"Pet Ghost":338,"Replay:Rubber Ducky":130,"hubris:Backtick":1866,"Ring of Peace":758,"Toolbox":3,"WingedGreaves":616,"hubris:CuriousFeather":879,"hubris:FunFungus":1235,"Chemical X":130,"Ring of Panic":1396,"Replay:Bottled Eggs":1710,"InkBottle":1600,"hubris:GlazedTorus":455,"Potion Belt":102,"Lee\u0027s Waffle":616,"Golden Idol":330,"hubris:64BitClover":664,"Thread and Needle":1030,"PreservedInsect":213,"Ring of Greed":1396,"hubris:Towel":252,"Frozen Egg 2":1030,"MawBank":487,"Replay:Arrowhead":130,"hubris:Spice":130,"Ornamental Fan":879,"Bloody Idol":943,"Orrery":130,"Garlic":62,"Durian":896,"Bottled Lightning":1968,"ReplayTheSpireMod:Lightbulb":1173,"Toy Ornithopter":1275,"hubris:BottledRain":1037,"Ice Cream":557,"Mark of the Bloom":427,"Calipers":327,"hubris:CrystalStatue":397,"Gremlin Horn":188,"Nilry\u0027s Codex":930,"TheCursedMod:Tack":863,"hubris:VirtuousBlindfold":1732,"Vajra":1798,"hubris:TerracottaHorce":357,"Centennial Puzzle":151,"Lizard Tail":654,"HornCleat":616,"DollysMirror":62,"Strawberry":832,"Honey Jar":0,"Philosopher\u0027s Stone":32,"Iron Hammer":327,"Toxic Egg 2":455,"Girya":378,"hubris:Teleporter":163,"hubris:DuctTape":439,"Happy Flower":1017,"Ring of Hypnosis":1982,"ReplayTheSpireMod:CursedCoin":1253,"Oddly Smooth Stone":130,"Replay:Kaleidoscope":712,"Letter Opener":1379,"War Paint":130,"WarpedTongs":459,"hubris:Zylophone":130,"OrangePellets":130,"Replay:Baseball":45,"Bottled Flame":753,"ReplayTheSpireMod:Shallot":625,"Shuriken":151,"Bronze Scales":1437,"hubris:PeanutButter":14,"Simple Rune":510,"Onion Ring":607,"Molten Egg 2":644,"Black Star":245,"ReplayTheSpireMod:TigerMarble":557,"hubris:ToyBattleship":1206,"Grinning Jar":21,"Mirror":252,"Meat on the Bone":347,"ReplayFunnel":1308,"Darkstone Periapt":1332,"TheCursedMod:BloodyHarpoon":1384,"ReplayTheSpireMod:Ring of Exchange":1982,"Replay:PocketPolymizer":1179,"Snecko Heart":2037,"Mango":130,"Incense Burner":130,"hubris:SlimyHat":378,"Juzu Bracelet":1356,"Empty Cage":1127,"ClockworkSouvenir":930,"Frozen Eye":679,"Dream Catcher":13,"Replay:Bandana":625,"Nunchaku":853,"hubris:Icosahedron":331,"Chameleon Ring":1834,"Mummified Hand":1161,"Pantograph":507,"Gambling Chip":738,"Red Mask":507,"Replay:Bottled Snecko":664,"Gremlin Food":227,"hubris:DisguiseKit":487,"BargainBundle":1798,"Replay:Towering Pillar of Hats":616,"Quantum Egg":1179,"hubris:MedicalManual":700,"Replay:WaspNest":2096,"TheCursedMod:MagicCandle":130,"Orichalcum":1640,"Medical Kit":1392,"White Beast Statue":130,"Mercury Hourglass":130,"Peace Pipe":342,"Strange Spoon":455,"Cauldron":1017,"Pondfish Scales":347,"CaptainsWheel":643,"Anchor":902,"TheCursedMod:OminousMark":811,"ChewingGum":2096,"hubris:BundleOfHerbs":455,"Snack Pack":121,"Bag of Marbles":237,"Coffee Dripper":498,"hubris:GrandSneckoEye":1546,"Membership Card":130,"FossilizedHelix":143,"hubris:OldNail":327,"TungstenRod":1239,"hubris:NiceRug":311,"ReplayTheSpireMod:ShopPack":1239}],"Toy Ornithopter":10,"InkBottle":[82]},"card_choices":[{"not_picked":["TheCursedMod:RavingStaff","TheCursedMod:Stigma"],"picked":"TheCursedMod:RapidMovement","floor":1.0},{"not_picked":["TheCursedMod:CircleOfBlood","TheCursedMod:ReleasedStrength"],"picked":"TheCursedMod:SurpriseAttack","floor":3.0},{"not_picked":["TheCursedMod:FleshFromBone","TheCursedMod:CircleOfFlame"],"picked":"TheCursedMod:SmokeScreen","floor":6.0},{"not_picked":["TheCursedMod:Obscuration","TheCursedMod:ParallelWorld"],"picked":"TheCursedMod:VoidForm","floor":11.0},{"not_picked":["TheCursedMod:Torture","TheCursedMod:PrepareRite"],"picked":"TheCursedMod:RapidMovement","floor":12.0},{"not_picked":["TheCursedMod:Wield","TheCursedMod:HellfireBreathing"],"picked":"TheCursedMod:LuckyCharm","floor":14.0},{"not_picked":["TheCursedMod:DemonSword","TheCursedMod:DarkBarrier"],"picked":"TheCursedMod:NeowsMight","floor":16.0},{"not_picked":["TheCursedMod:CursedStaff+1","TheCursedMod:SoulReap"],"picked":"TheCursedMod:CursedBlade+1","floor":18.0},{"not_picked":["TheCursedMod:HellfireBreathing","TheCursedMod:FuryStrike","TheCursedMod:TacticalStrike"],"picked":"SKIP","floor":20.0},{"not_picked":["TheCursedMod:BloodBarrier","TheCursedMod:TacticalStrike","TheCursedMod:SurpriseAttack"],"picked":"SKIP","floor":22.0},{"not_picked":["TheCursedMod:VitalStrike","TheCursedMod:Hemoplague"],"picked":"TheCursedMod:SmokeScreen+1","floor":23.0},{"not_picked":["TheCursedMod:Stretching","TheCursedMod:VitalStrike","TheCursedMod:FleshFromBone"],"picked":"SKIP","floor":25.0},{"not_picked":["TheCursedMod:FuryStrike","TheCursedMod:CircleOfAmplification"],"picked":"TheCursedMod:SpitefulPlan","floor":28.0},{"not_picked":["TheCursedMod:CursedShiv","TheCursedMod:CircleOfAmplification"],"picked":"TheCursedMod:SpitefulPlan","floor":29.0},{"not_picked":["TheCursedMod:StunningStrike","TheCursedMod:DarkBarrier"],"picked":"TheCursedMod:NeowsMight","floor":33.0},{"not_picked":["TheCursedMod:Grudge","TheCursedMod:CursedStaff","TheCursedMod:FuryStrike"],"picked":"SKIP","floor":35.0},{"not_picked":["TheCursedMod:CircleOfWindfury","TheCursedMod:CursedAmulet+1"],"picked":"TheCursedMod:Wield","floor":38.0},{"not_picked":["TheCursedMod:FuryStrike+1","TheCursedMod:ManaBullet","TheCursedMod:SpitefulStrike"],"picked":"SKIP","floor":40.0},{"not_picked":["TheCursedMod:SoulReap+1","TheCursedMod:CursedAmulet","TheCursedMod:CircleOfCorruption"],"picked":"SKIP","floor":41.0},{"not_picked":["TheCursedMod:CursedAmulet","TheCursedMod:VitalStrike+1"],"picked":"TheCursedMod:RavingStaff","floor":42.0},{"not_picked":["TheCursedMod:CursedSpellbook","TheCursedMod:CircleOfFlame","TheCursedMod:VitalStrike+1"],"picked":"SKIP","floor":44.0},{"not_picked":["TheCursedMod:RavingStaff","TheCursedMod:ReleasedStrength","TheCursedMod:DarkBarrier"],"picked":"SKIP","floor":47.0},{"not_picked":["TheCursedMod:SpitefulStrike","TheCursedMod:SurpriseAttack","TheCursedMod:Stigma"],"picked":"SKIP","floor":48.0}],"player_experience":224215,"relics_obtained":[{"floor":2.0,"key":"hubris:TinFlute"},{"floor":5.0,"key":"ReplayTheSpireMod:Ring of Exchange"},{"floor":5.0,"key":"Ring of Hypnosis"},{"floor":6.0,"key":"Toy Ornithopter"},{"floor":9.0,"key":"Pear"},{"floor":11.0,"key":"InkBottle"},{"floor":14.0,"key":"hubris:GlazedTorus"},{"floor":23.0,"key":"Anchor"},{"floor":25.0,"key":"Replay:Accelerometer"},{"floor":29.0,"key":"Nunchaku"},{"floor":40.0,"key":"CaptainsWheel"},{"floor":43.0,"key":"Iron Hammer"},{"floor":44.0,"key":"hubris:ToyBattleship"}],"event_choices":[{"damage_healed":0.0,"max_hp_gain":0.0,"max_hp_loss":0.0,"gold_gain":100.0,"event_name":"The Joust","player_choice":"Bet on Murderer","floor":21.0,"gold_loss":50.0,"damage_taken":0.0},{"cards_removed":["TheCursedMod:RavingStaff"],"damage_healed":0.0,"max_hp_gain":0.0,"max_hp_loss":0.0,"gold_gain":0.0,"event_name":"Falling","player_choice":"Removed Attack","floor":36.0,"gold_loss":0.0,"damage_taken":0.0},{"cards_removed":["TheCursedMod:Strike_TheCursed"],"damage_healed":0.0,"max_hp_gain":0.0,"max_hp_loss":0.0,"gold_gain":0.0,"event_name":"Purifier","player_choice":"Purged","floor":37.0,"gold_loss":0.0,"damage_taken":0.0},{"damage_healed":0.0,"max_hp_gain":0.0,"max_hp_loss":0.0,"gold_gain":0.0,"event_name":"Tomb of Lord Red Mask","player_choice":"Ignored","floor":39.0,"gold_loss":0.0,"damage_taken":0.0}],"is_beta":false,"boss_relics":[{"not_picked":["Replay:Wanted Poster","ReplayTheSpireMod:ShopPack"],"picked":"Fusion Hammer"},{"not_picked":["Orrery","Guide Book"],"picked":"hubris:GrandSneckoEye"}],"items_purged_floors":[0,8,19,53],"is_endless":false,"potions_floor_spawned":[3,6,16,23,28,29,40,41,48],"killed_by":"Shield and Spear","ascension_level":18}}