{"host":"pqs17sqrgflf4eqa","time":1608086697,"event":{"mods":["AchievementEnabler","BaseMod","Bestiary","Better Altar","Colored Map","Colored Powertips","Emptier Cage","Googly Eyes","Highlight Path","Minty Spire (QoL Compilation)","Quick Restart","StSLib","SuperFastMode","Transform Curses","slay the spire mod where everything is the same but ironclad has a cowboy hat"],"gold_per_floor":[20,20,34,34,34,34,34,34],"floor_reached":7,"playtime":84,"items_purged":[],"score":47,"play_id":"9b675ee8-2cdd-401a-992b-007599be03df","local_time":"20201215214457","is_ascension_mode":true,"campfire_choices":[{"data":"Madness","floor":6,"key":"SMITH"}],"circlet_count":0,"master_deck":["Strike_P+1","Strike_P","Strike_P","Strike_P","Defend_P","Defend_P","Defend_P+1","Defend_P","Eruption","Vigilance","Consecrate","Pain","Conclude","Madness+1"],"relics":["PureWater","Ginger","WarpedTongs"],"acts_visited":["Exordium"],"potions_floor_usage":[7],"damage_taken":[{"damage":12,"enemies":"Cultist","floor":1,"turns":3},{"damage":25,"enemies":"Small Slimes","floor":3,"turns":3},{"damage":21,"enemies":"3 Sentries","floor":7,"turns":3}],"seed_played":"8291870956130829193","potions_obtained":[{"floor":1,"key":"SkillPotion"}],"is_trial":false,"path_per_floor":["M","?","M","?","?","R","E"],"character_chosen":"WATCHER","items_purchased":[],"campfire_rested":0,"item_purchase_floors":[],"current_hp_per_floor":[60,60,35,21,21,21,0,0],"gold":34,"neow_bonus":"ONE_RARE_RELIC","is_daily":false,"chose_seed":false,"campfire_upgraded":1,"win_rate":0.0,"timestamp":1608086697,"path_taken":["M","?","?","?","?","R","E"],"items_purchased_type":[],"build_version":"2020-12-13","purchased_purges":0,"victory":false,"max_hp_per_floor":[72,72,72,72,72,72,72,72],"card_choices":[{"not_picked":["TalkToTheHand","Wallop"],"picked":"Consecrate","floor":1},{"not_picked":["ThirdEye","CutThroughFate"],"picked":"Conclude","floor":3}],"player_experience":140432,"relics_obtained":[],"event_choices":[{"damage_healed":0,"gold_gain":0,"player_choice":"Rummage","damage_taken":0,"relics_obtained":["WarpedTongs"],"max_hp_gain":0,"max_hp_loss":0,"event_name":"Accursed Blacksmith","floor":2,"gold_loss":0,"cards_obtained":["Pain"]},{"damage_healed":0,"gold_gain":0,"player_choice":"Entered Light","damage_taken":14,"max_hp_gain":0,"max_hp_loss":0,"event_name":"Shining Light","floor":4,"gold_loss":0,"cards_upgraded":["Strike_P","Defend_P"]},{"damage_healed":0,"gold_gain":0,"player_choice":"1 cards matched","damage_taken":0,"max_hp_gain":0,"max_hp_loss":0,"event_name":"Match and Keep!","floor":5,"gold_loss":0,"cards_obtained":["Madness"]}],"is_beta":false,"boss_relics":[],"items_purged_floors":[],"is_endless":false,"potions_floor_spawned":[1],"killed_by":"3 Sentries","ascension_level":4}}