{"host":"bottb4jsqnc4aqf4","time":1608086192,"event":{"mods":["AchievementEnabler","BaseMod","Challenge The Spire","Colored Powertips","Minty Spire (QoL Compilation)","MostiFishMod","Quick Restart","Replay The Spire","Shop Mod","Spicy Shops","StSLib","SuperFastMode","TestMod","[IsaacMod]ÒÔÈö¼âËþ","óô»ðÖ¸ÄÏ"],"gold_per_floor":[115,33333,33347,33358,33372,32944,32957,32982,33008,33043,33054,33054,33081,32625,32114,32211,32211,32224,32239,31944,31958,31958,31983,31733,31758,31804,31486,31498,31511,31526,31555,31319,31422,31422,31441,31457,30892,30947,30512,29972,29972,30003,30003,30037,30050,30050,30081,30100,29608,29612,29612,29612,29612,29616,29725],"floor_reached":56,"playtime":1223,"items_purged":["Defend_R","Defend_R","Defend_R","Defend_R","MostiFishMod:WinterMarkForm","MostiFishMod:FrostNova","Pot Of Greed","Pot Of Greed","MostiFishMod:PerfectStrikeMKII","Strike_R","Strike_R","Strike_R","Cleave+1","Bash","Strike_R+1","Thunderclap","Thunderclap"],"score":2431,"play_id":"c603bdf2-37be-464b-9c9e-9953cd1e9866","local_time":"20201216103632","is_ascension_mode":true,"campfire_choices":[{"floor":46,"key":"RECALL"}],"circlet_count":0,"master_deck":["Cleave","Cleave","Thunderclap","Cleave+1","Cleave+1"],"relics":["Burning Blood","testmod-TestBox","DaveBox","HushsDoor","MoneyPower","xbg","testmod-Motorcycle","NeowsBlessing","Question Card","MerchantsRug","Pen Nib","SynthV:C4","Shuriken","Membership Card","testmod-Hope","testmod-LifeArmor","Snack Pack","Onion Ring","Simple Rune","Strange Spoon","testmod-TurbochargingSystem","ImportantClient","FrostBlade","Bag of Marbles","Dodecahedron","Grinning Jar","Replay:Arrowhead","Chameleon Ring","PreservedInsect","Self Forming Clay","HandDrill","SalivaCoin","Medical Kit","Juzu Bracelet","ExusiaiGun","Incubus","Garlic","Gremlin Horn","Bird Faced Urn","Pantograph","testmod-FatalChain","MealTicket","testmod-EqualTreatment","Replay:Bandana","Gremlin Food","Mercury Hourglass","ReplayTheSpireMod:Spearhead","Iron Hammer"],"acts_visited":["Exordium","TheCity","TheBeyond","TheEnding"],"potions_floor_usage":[],"damage_taken":[{"damage":0,"enemies":"Jaw Worm","floor":1,"turns":1},{"damage":0,"enemies":"Small Slimes","floor":2,"turns":1},{"damage":0,"enemies":"2 Louse","floor":3,"turns":1},{"damage":0,"enemies":"2 Fungi Beasts","floor":4,"turns":1},{"damage":0,"enemies":"Large Slime","floor":5,"turns":1},{"damage":0,"enemies":"3 Louse","floor":7,"turns":1},{"damage":0,"enemies":"Replay:BlueRogue","floor":8,"turns":1},{"damage":0,"enemies":"Gremlin Nob","floor":10,"turns":1},{"damage":0,"enemies":"2 Fungi Beasts","floor":11,"turns":1},{"damage":0,"enemies":"Lagavulin","floor":13,"turns":1},{"damage":0,"enemies":"Slime Boss","floor":16,"turns":1},{"damage":0,"enemies":"2 Thieves","floor":18,"turns":1},{"damage":0,"enemies":"3 Byrds","floor":19,"turns":1},{"damage":0,"enemies":"Centurion and Healer","floor":21,"turns":1},{"damage":0,"enemies":"Replay:Snechameleon","floor":23,"turns":1},{"damage":0,"enemies":"Gremlin Leader","floor":25,"turns":1},{"damage":0,"enemies":"Sentry and Sphere","floor":28,"turns":1},{"damage":0,"enemies":"Snecko","floor":29,"turns":1},{"damage":0,"enemies":"Centurion and Healer","floor":30,"turns":1},{"damage":0,"enemies":"Slavers","floor":31,"turns":1},{"damage":0,"enemies":"Pondfish","floor":33,"turns":3},{"damage":0,"enemies":"Orb Walker","floor":35,"turns":1},{"damage":0,"enemies":"3 Darklings","floor":36,"turns":1},{"damage":0,"enemies":"2 Orb Walkers","floor":38,"turns":1},{"damage":0,"enemies":"R_Hoarder","floor":42,"turns":1},{"damage":0,"enemies":"Reptomancer","floor":44,"turns":1},{"damage":0,"enemies":"Writhing Mass","floor":45,"turns":1},{"damage":0,"enemies":"Giant Head","floor":47,"turns":1},{"damage":0,"enemies":"Spire Growth","floor":48,"turns":1},{"damage":0,"enemies":"Time Eater","floor":50,"turns":1},{"damage":0,"enemies":"Shield and Spear","floor":54,"turns":1},{"damage":7,"enemies":"The Heart","floor":55,"turns":3}],"seed_played":"8713471046643489571","potions_obtained":[],"is_trial":false,"path_per_floor":["M","M","M","M","M","R","M","E","T","E","M","?","E","$","R","B",null,"M","M","$","M","?","E","R","E","T","R","M","M","M","E","R","B",null,"M","M","$","?","$","R","?","E","T","E","M","R","E","M","R","B",null,"R","$","E","B",null],"character_chosen":"IRONCLAD","items_purchased":["MerchantsRug","Cleave","Pen Nib","Membership Card","testmod-Hope","testmod-LifeArmor","Snack Pack","Onion Ring","Simple Rune","Strange Spoon","testmod-TurbochargingSystem","Bag of Marbles","Dodecahedron","Replay:Arrowhead","Self Forming Clay","HandDrill","Medical Kit","Juzu Bracelet","Incubus","Garlic","Gremlin Horn","Pantograph","testmod-FatalChain","MealTicket","ReplayTheSpireMod:Spearhead"],"campfire_rested":0,"item_purchase_floors":[6,6,6,14,14,14,15,15,15,15,15,20,20,24,27,27,32,32,34,37,37,40,40,40,49],"current_hp_per_floor":[80,80,80,80,80,80,80,80,80,80,80,80,80,80,80,80,75,75,75,75,75,75,75,75,75,75,75,75,75,75,75,75,75,48,48,48,48,48,48,48,48,48,48,48,48,48,48,48,48,48,48,48,48,48,48],"gold":29725,"neow_bonus":"THREE_ENEMY_KILL","is_daily":false,"chose_seed":false,"campfire_upgraded":0,"win_rate":0.0,"timestamp":1608086192,"path_taken":["M","M","M","M","M","R","M","E","T","E","M","?","E","$","R","BOSS","M","M","$","M","?","E","R","E","T","R","M","M","M","E","R","BOSS","M","M","$","?","$","R","?","E","T","E","M","R","E","M","R","BOSS","R","$","E","BOSS"],"items_purchased_type":["Relic","Card","Relic","Relic","Relic","Relic","Relic","Relic","Relic","Relic","Relic","Relic","Relic","Relic","Relic","Relic","Relic","Relic","Relic","Relic","Relic","Relic","Relic","Relic","Relic"],"build_version":"2020-12-13","purchased_purges":17,"victory":true,"max_hp_per_floor":[80,80,80,80,80,80,80,80,80,80,80,80,80,80,80,80,75,75,75,75,75,75,75,75,75,75,75,75,75,75,75,75,75,48,48,48,48,48,48,48,48,48,48,48,48,48,48,48,48,48,48,48,48,48,48],"card_choices":[{"not_picked":["ReplayTheSpireMod:Strike From Hell","Headbutt","Disarm"],"picked":"SKIP","floor":1},{"not_picked":["Abandon","Replay:Undeath\u0027s Touch","Pommel Strike","Combust"],"picked":"SKIP","floor":2},{"not_picked":["Bomb","Burning Pact","Rampage","Entrench"],"picked":"SKIP","floor":3},{"not_picked":["Evolve","Clothesline","Pummel","Shrug It Off"],"picked":"SKIP","floor":4},{"not_picked":["MostiFishMod:ChineseTea","ReplayTheSpireMod:Corrosion Curse","Heavy Blade"],"picked":"Cleave","floor":5},{"not_picked":["Bomb","Headbutt","Offering","Sever Soul"],"picked":"SKIP","floor":7},{"not_picked":["Twin Strike","Berserk","Headbutt","Heavy Blade"],"picked":"SKIP","floor":8},{"not_picked":["Fiend Fire","Replay:Undeath\u0027s Touch","Shrug It Off"],"picked":"Thunderclap","floor":10},{"not_picked":["Perfected Strike","Feel No Pain","Second Wind"],"picked":"Thunderclap","floor":11},{"not_picked":["MostiFishMod:BrandingRite","Bloodletting","ReplayTheSpireMod:Strike From Hell","Body Slam"],"picked":"SKIP","floor":13},{"not_picked":["Warcry+1","Sword Boomerang","ReplayTheSpireMod:LeadingStrike"],"picked":"Cleave+1","floor":18},{"not_picked":["Pommel Strike","Body Slam","Sword Boomerang"],"picked":"Cleave+1","floor":19},{"not_picked":["Body Slam+1","Heavy Blade","ReplayTheSpireMod:Muscle Training"],"picked":"Cleave+1","floor":21},{"not_picked":["Clash+1","Sword Boomerang+1","Carnage+1","ReplayTheSpireMod:Corrosion Curse+1"],"picked":"SKIP","floor":23},{"not_picked":["Carnage","Shrug It Off","Corruption","MostiFishMod:CullingBlade"],"picked":"SKIP","floor":25},{"not_picked":["Spot Weakness","Heavy Blade+1","ReplayTheSpireMod:Strike From Hell","Twin Strike+1"],"picked":"SKIP","floor":28},{"not_picked":["Headbutt","Thunderclap","Perfected Strike","True Grit"],"picked":"SKIP","floor":29},{"not_picked":["Clash","Life Link","Burning Pact","Fire Breathing+1"],"picked":"SKIP","floor":30},{"not_picked":["Feel No Pain","Headbutt","Twin Strike"],"picked":"Thunderclap","floor":31},{"not_picked":["Evolve","Spot Weakness+1","Clothesline","ReplayTheSpireMod:Corrosion Curse+1"],"picked":"SKIP","floor":35},{"not_picked":["Wild Strike+1","Second Wind+1","Shrug It Off","Perfected Strike"],"picked":"SKIP","floor":36},{"not_picked":["ReplayTheSpireMod:Corrosion Curse+1","Searing Blow+1","Massacre","Flex"],"picked":"SKIP","floor":42},{"not_picked":["Clothesline+1","Reckless Charge+1","Barricade","Abandon"],"picked":"SKIP","floor":44},{"not_picked":["Body Slam","Intimidate","Clothesline","Perfected Strike+1"],"picked":"SKIP","floor":45},{"not_picked":["Headbutt+1","Flex","Abandon+1","Disarm"],"picked":"SKIP","floor":47},{"not_picked":["Dark Embrace","MostiFishMod:BrandingRite","Sword Boomerang","ReplayTheSpireMod:Muscle Training"],"picked":"SKIP","floor":48},{"not_picked":["Warcry","Wild Strike","Life Link+1","ReplayReversal+1"],"picked":"SKIP","floor":54}],"player_experience":18641,"relics_obtained":[{"floor":1,"key":"Question Card"},{"floor":10,"key":"SynthV:C4"},{"floor":13,"key":"Shuriken"},{"floor":16,"key":"ImportantClient"},{"floor":23,"key":"Grinning Jar"},{"floor":25,"key":"Chameleon Ring"},{"floor":26,"key":"PreservedInsect"},{"floor":31,"key":"SalivaCoin"},{"floor":38,"key":"Bird Faced Urn"},{"floor":42,"key":"testmod-EqualTreatment"},{"floor":43,"key":"Replay:Bandana"},{"floor":44,"key":"Gremlin Food"},{"floor":47,"key":"Mercury Hourglass"},{"floor":54,"key":"Iron Hammer"}],"event_choices":[{"damage_healed":0,"gold_gain":0,"player_choice":"Ignored","damage_taken":0,"max_hp_gain":0,"max_hp_loss":0,"event_name":"Liars Game","floor":12,"gold_loss":0},{"damage_healed":0,"gold_gain":0,"player_choice":"Read","damage_taken":0,"max_hp_gain":0,"max_hp_loss":0,"event_name":"The Library","floor":22,"gold_loss":0,"cards_obtained":["MostiFishMod:PerfectStrikeMKII"]},{"damage_healed":0,"gold_gain":0,"player_choice":"Fight","damage_taken":0,"max_hp_gain":0,"max_hp_loss":0,"event_name":"Mysterious Sphere","floor":38,"gold_loss":0},{"cards_removed":["Strike_R"],"damage_healed":0,"gold_gain":0,"player_choice":"Removed Attack","damage_taken":0,"max_hp_gain":0,"max_hp_loss":0,"event_name":"Falling","floor":41,"gold_loss":0}],"is_beta":false,"boss_relics":[{"not_picked":["BirthdayGift-Icosahedron","testmod-BloodSacrificeSpiritualization"],"picked":"FrostBlade"},{"not_picked":[]},{"not_picked":["Mark of Pain","Tiny House"],"picked":"ExusiaiGun"},{"not_picked":[]}],"items_purged_floors":[6,14,15,17,20,20,24,27,32,34,37,37,39,39,40,49,49],"is_endless":false,"potions_floor_spawned":[1,2,7,8,11,13,18,23,25,30,38,47,48],"ascension_level":3}}