{"host":"p245q48pmopyklqs","time":1608098934,"event":{"mods":["AchievementEnabler","BaseMod","Better Third Choice","DeckTracker","Minty Spire (QoL Compilation)","Relic Stats","StSLib","SuperFastMode"],"gold_per_floor":[361,286,299,316,334,334,362,379,452,477,504,560,485,485,485,564,564,574,586,233,283,309,309,339,339,339,351,351,351,13,39,39,39,39],"floor_reached":33,"playtime":2561,"items_purged":["Strike_R","Bludgeon","Bash"],"score":582,"play_id":"236992ac-0bb3-4126-9a39-da68981f456a","local_time":"20201216150854","is_ascension_mode":true,"campfire_choices":[{"data":"Carnage","floor":6.0,"key":"SMITH"},{"data":"Fire Breathing","floor":15.0,"key":"SMITH"},{"floor":23.0,"key":"REST"},{"floor":29.0,"key":"REST"},{"data":"Body Slam","floor":32,"key":"SMITH"}],"circlet_count":0,"master_deck":["AscendersBane","Defend_R","Defend_R","Defend_R","Defend_R","Carnage+1","Reckless Charge","Fire Breathing+1","Power Through","Immolate","Seeing Red+1","Flame Barrier+1","Entrench+1","Second Wind+1","Shrug It Off","Sentinel","Feel No Pain+1","Body Slam+1","Seeing Red+1","Feel No Pain+1","Master of Strategy","Shrug It Off"],"relics":["Burning Blood","HornCleat","Frozen Egg 2","Shovel","Odd Mushroom","Nunchaku","Astrolabe","Orrery","Red Mask","FossilizedHelix","Mummified Hand","Happy Flower"],"acts_visited":["Exordium","TheCity"],"potions_floor_usage":[33],"damage_taken":[{"damage":7.0,"enemies":"Cultist","floor":1.0,"turns":4.0},{"damage":9.0,"enemies":"Jaw Worm","floor":3.0,"turns":4.0},{"damage":7.0,"enemies":"Small Slimes","floor":4.0,"turns":3.0},{"damage":17.0,"enemies":"Looter","floor":5.0,"turns":3.0},{"damage":8.0,"enemies":"Gremlin Nob","floor":7.0,"turns":3.0},{"damage":14.0,"enemies":"Exordium Wildlife","floor":8.0,"turns":4.0},{"damage":10.0,"enemies":"3 Sentries","floor":10.0,"turns":5.0},{"damage":18.0,"enemies":"The Mushroom Lair","floor":11.0,"turns":3.0},{"damage":20.0,"enemies":"Lagavulin Event","floor":12.0,"turns":5.0},{"damage":4.0,"enemies":"Slime Boss","floor":16.0,"turns":6.0},{"damage":1.0,"enemies":"2 Thieves","floor":18.0,"turns":2.0},{"damage":17.0,"enemies":"3 Byrds","floor":19.0,"turns":5.0},{"damage":44.0,"enemies":"Masked Bandits","floor":22.0,"turns":5.0},{"damage":29.0,"enemies":"Book of Stabbing","floor":24.0,"turns":6.0},{"damage":3.0,"enemies":"Cultist and Chosen","floor":27.0,"turns":4.0},{"damage":11,"enemies":"Gremlin Leader","floor":31,"turns":8},{"damage":33,"enemies":"Collector","floor":33,"turns":6}],"seed_played":"-7284989838442552661","potions_obtained":[{"floor":1.0,"key":"HeartOfIron"},{"floor":3.0,"key":"Ancient Potion"},{"floor":11.0,"key":"Fire Potion"},{"floor":16.0,"key":"SteroidPotion"},{"floor":18.0,"key":"AttackPotion"},{"floor":24.0,"key":"SkillPotion"},{"floor":27.0,"key":"Energy Potion"}],"is_trial":false,"path_per_floor":["M","$","M","M","M","R","E","M","T","E","?","?","?","T","R","B",null,"M","M","$","?","?","R","E","?","T","M","?","R","$","E","R","B"],"character_chosen":"IRONCLAD","items_purchased":["Orrery","Feel No Pain+1","Master of Strategy"],"campfire_rested":2,"item_purchase_floors":[20,20,30],"current_hp_per_floor":[67,67,64,63,52,52,50,42,42,38,26,12,12,12,12,14,55,60,49,49,49,11,31,8,8,8,11,11,31,31,26,26,0,0],"gold":39,"neow_bonus":"TWO_FIFTY_GOLD","is_daily":false,"chose_seed":false,"campfire_upgraded":3,"win_rate":0.0,"timestamp":1608098934,"path_taken":["M","$","M","M","M","R","E","?","T","E","?","?","?","?","R","BOSS","M","M","$","?","?","R","E","?","T","?","?","R","$","E","R","BOSS"],"items_purchased_type":["Relic","Card","Card"],"build_version":"2020-12-13","purchased_purges":3,"victory":false,"max_hp_per_floor":[68,68,68,68,68,68,68,68,68,68,68,68,68,68,68,68,68,68,68,68,68,68,68,68,68,68,68,68,68,68,68,68,68,68],"relic_stats":{"Nunchaku":[5],"Shovel":0,"Happy Flower":[2],"counters":[17,76],"Mummified Hand":[8],"Astrolabe":["Seeing Red","Flame Barrier","Entrench"],"obtain_stats":[{"Nunchaku":12,"HornCleat":7,"Shovel":10,"Happy Flower":31,"Mummified Hand":26,"Astrolabe":17,"Orrery":20,"Red Mask":22,"Frozen Egg 2":9,"Odd Mushroom":11,"Burning Blood":0,"FossilizedHelix":24},{"Nunchaku":8,"HornCleat":5,"Shovel":7,"Happy Flower":16,"Mummified Hand":14,"Astrolabe":10,"Orrery":12,"Red Mask":13,"Frozen Egg 2":6,"Odd Mushroom":8,"Burning Blood":0,"FossilizedHelix":14},{"Nunchaku":29,"HornCleat":17,"Shovel":26,"Happy Flower":70,"Mummified Hand":58,"Astrolabe":40,"Orrery":47,"Red Mask":52,"Frozen Egg 2":21,"Odd Mushroom":29,"Burning Blood":0,"FossilizedHelix":58}],"Burning Blood":96},"card_choices":[{"not_picked":["Anger","Armaments"],"picked":"Carnage","floor":1.0},{"not_picked":["Thunderclap","Heavy Blade"],"picked":"Reckless Charge","floor":3.0},{"not_picked":["Anger","Flex","Intimidate"],"picked":"SKIP","floor":4.0},{"not_picked":["Rampage","Clothesline","Reckless Charge"],"picked":"SKIP","floor":5.0},{"not_picked":["Heavy Blade","Sever Soul"],"picked":"Fire Breathing","floor":7.0},{"not_picked":["Thunderclap","Sever Soul","Clothesline"],"picked":"SKIP","floor":8.0},{"not_picked":["Thunderclap","Combust+1"],"picked":"Bludgeon","floor":10.0},{"not_picked":["Body Slam","Second Wind"],"picked":"Power Through","floor":11.0},{"not_picked":["Fiend Fire","Demon Form+1"],"picked":"Immolate","floor":16.0},{"not_picked":["Dark Embrace+1","Headbutt","Heavy Blade"],"picked":"SKIP","floor":18.0},{"not_picked":["Wild Strike","Anger","Metallicize+1"],"picked":"SKIP","floor":19.0},{"not_picked":["Rupture+1","Sword Boomerang"],"picked":"Second Wind+1","floor":20.0},{"not_picked":["Dual Wield","Clothesline"],"picked":"Shrug It Off","floor":20.0},{"not_picked":["Demon Form+1","Cleave"],"picked":"Sentinel","floor":20.0},{"not_picked":["Reckless Charge","Heavy Blade+1","Searing Blow"],"picked":"SKIP","floor":24.0},{"not_picked":["Bloodletting","True Grit+1"],"picked":"Seeing Red+1","floor":27.0},{"not_picked":["Clash","Wild Strike+1"],"picked":"Shrug It Off","floor":31}],"player_experience":2282482,"relics_obtained":[{"floor":7.0,"key":"HornCleat"},{"floor":9.0,"key":"Frozen Egg 2"},{"floor":10.0,"key":"Shovel"},{"floor":11.0,"key":"Odd Mushroom"},{"floor":22.0,"key":"Red Mask"},{"floor":24.0,"key":"FossilizedHelix"},{"floor":26.0,"key":"Mummified Hand"},{"floor":31,"key":"Happy Flower"}],"event_choices":[{"damage_healed":0.0,"max_hp_gain":0.0,"max_hp_loss":0.0,"gold_gain":0.0,"event_name":"Mushrooms","player_choice":"Fought Mushrooms","floor":11.0,"gold_loss":0.0,"damage_taken":0.0},{"damage_healed":0.0,"max_hp_gain":0.0,"max_hp_loss":0.0,"gold_gain":0.0,"event_name":"Dead Adventurer","player_choice":"Searched \u00272\u0027 times","floor":12.0,"gold_loss":0.0,"damage_taken":0.0,"relics_obtained":["Nunchaku"]},{"cards_removed":["Strike_R"],"damage_healed":0.0,"max_hp_gain":0.0,"max_hp_loss":0.0,"gold_gain":0.0,"event_name":"The Cleric","player_choice":"Card Removal","floor":13.0,"gold_loss":75.0,"damage_taken":0.0},{"damage_healed":0.0,"max_hp_gain":0.0,"max_hp_loss":0.0,"gold_gain":50.0,"event_name":"betterThird:BetterNest","player_choice":"Steal","floor":21.0,"gold_loss":0.0,"damage_taken":0.0},{"damage_healed":0.0,"max_hp_gain":0.0,"max_hp_loss":0.0,"gold_gain":0.0,"event_name":"Masked Bandits","player_choice":"Fought Bandits","floor":22.0,"gold_loss":0.0,"damage_taken":0.0},{"damage_healed":0.0,"max_hp_gain":0.0,"max_hp_loss":0.0,"gold_gain":0.0,"event_name":"The Library","player_choice":"Read","floor":25.0,"gold_loss":0.0,"damage_taken":0.0,"cards_obtained":["Body Slam"]},{"damage_healed":0.0,"max_hp_gain":0.0,"max_hp_loss":0.0,"gold_gain":0.0,"event_name":"Duplicator","player_choice":"Copied","floor":28.0,"gold_loss":0.0,"damage_taken":0.0,"cards_obtained":["Feel No Pain"]}],"is_beta":false,"boss_relics":[{"not_picked":["Empty Cage","SacredBark"],"picked":"Astrolabe"}],"items_purged_floors":[2,20,30],"is_endless":false,"potions_floor_spawned":[1,3,11,16,18,24,27],"killed_by":"Collector","ascension_level":20}}