{"host":"9jbduwjxg0e72hbg","time":1608088614,"event":{"mods":["AchievementEnabler","Act Like it!","Aspiration","BaseMod","Better Match","Better Skull","Better Third Choice","BetterRewards","Conspire","Downfall","Elementarium","Energized Spire","Gensokyo","GifTheSpireLib","Gold Saver","GungeonMod","Hallownest","Hubris","Infinite Spire","Jedi Mod","Marisa????????","Menagerie","Minty Spire (QoL Compilation)","Pale of the Ancients","Replay The Spire","SCP261 Mod","Shop Mod","Spicy Shops","StSLib","Stuff the Spire","The Animator","The Blue Laboratory","The Gatherer","Wandering Minibosses","vexMod"],"gold_per_floor":[6600,6600,6610,6610,6635,6831,7080,7325,7325,7325,6125,6354,6414,6559,6559,6701,7367,7380,7399,6471,5890,5890,6070,6239,6451,6531,6541,6874,6874,7014,7114,7114,7270,7270,7315,7331,5729,5485,5485,5653,5898,5943,5943],"floor_reached":42,"playtime":6043,"items_purged":["hexamod:Strike","hexamod:Strike","hexamod:GhostShield","hexamod:Defend","hexamod:Defend","hexamod:Defend","hexamod:Strike","hexamod:Defend","hexamod:Strike","hexamod:ShieldOfDarkness","Replay:SS_forest_2","hexamod:HeatMetal","hexamod:Firestarter","Replay:SS_forest_6"],"score":1366,"play_id":"4127cafa-c18e-4de7-9935-8fdc248d1223","local_time":"20201215191654","is_ascension_mode":true,"campfire_choices":[{"data":"hexamod:TimeOfNeed","floor":32,"key":"SMITH"}],"circlet_count":0,"master_deck":["animator:Boros+1","hexamod:Sear","hexamod:Float+1","hexamod:FirstSeal","hexamod:DynamicBlow","hexamod:SecondSeal","hexamod:RadiantFlame","hexamod:ThermalTransfer","hexamod:SpectralSpark","hexamod:PhantomFireball+1","ReplayTheSpireMod:Brewmster","hexamod:GhostOfSpireFuture","ReplayTheSpireMod:Private Reserves+1","hexamod:ChargedBarrage","hexamod:Firestarter+1","hexamod:ExtraCrispy","hexamod:Toasty","hexamod:PhantomFireball","hexamod:HeatShield+1","hexamod:FourthSeal","hexamod:ExtraCrispy","hexamod:ThirdSeal","hexamod:TimeOfNeed+1","hexamod:SoulSteal","hexamod:GhostOfSpirePast","hexamod:SecondSeal","hexamod:WildfireWeapon","hexamod:FifthSeal","hexamod:HexaLevel","hexamod:FifthSeal","hexamod:RainOfEmbers","hexamod:GhostflameBarrier","hexamod:RadiantFlame","hexamod:RadiantFlame","hexamod:TimeOfNeed","hexamod:EmpoweringStance","hexamod:SearingWound","hexamod:Rewind","infinitespire:NeuralNetwork","hexamod:ExtraCrispy"],"relics":["hexamod:SpiritBrand","conspire:Dentures","StuffTheSpire:BottledEssence","aspiration:ChemicalBlood","Tiny Chest","DemoMod:SerJunkan","hubris:MobiusCoin","hubris:EmptyBottle","DemoMod:PartiallyEatenCheese","infinitespire:ShieldingShard","DemoMod:MeatBun","hubris:CrystalStatue","conspire:TreasureMap","Replay:Baseball","Replay:Rubber Ducky","vexMod:Cooldron","DemoMod:LamentConfigurum","StuffTheSpire:TintedRock","StuffTheSpire:Wildfire","Ring of Chaos","ReplayTheSpireMod:Ring of Challenge","ReplayTheSpireMod:Ring of Collecting","Chemical X","conspire:Flyswatter","Gensokyo:PortableGap","DemoMod:Junk","infinitespire:WardingShard","Replay:Wax Seal","MerchantsRug","infinitespire:Bottled Soul","DemoMod:NanoMachines","Art of War","vexMod:RockOfEvil","vexMod:Spyglass","aspiration:TomeofQuesting","Juzu Bracelet","Chameleon Ring","jedi:paperlyon","DemoMod:WeirdEgg","hubris:SlimyHat","hubris:TinFlute","DemoMod:PinkGuonStone","Bag of Marbles","Dream Catcher","jedi:arcanewood","ReplayTheSpireMod:Shallot","Elementarium:ElementariumTrophy","aspiration:RunicSpoon","wanderingMiniBosses:Inkheart","Potion Belt","hubris:FunFungus","Toxic Egg 2","DemoMod:Bottle"],"acts_visited":["Exordium","Exordium","TheBeyond"],"potions_floor_usage":[14,14,14,14,14,14,14,14,14,21,21,21,21,21,21,21,21,24,24,24,24,24,24,24,24,24,24,24,24,24,24,24,24,24,27,28,28,28,28,28,28,28,28,28,28,28,28,28,28,28,28,28,28,30,30,30,30,30,30,30,30,30,31,31,31,31,31,31,31,31,31,31,31,31,33,33,33,33,33,33,33,33,33,33,33,33,33,35,35,35,35,35,35,35,35,35,35,35,35,35,35,35,35,35,35,35,35,35,35,40,40,40,40,40,40,40,40,40,40,40,40,41,41,41,41,41,41,41,41,41,41,41,41,41,41,41,41,41,41,41,41,41,41,41,42,42,42,42,42,42,42,42,42,42,42,42,42],"damage_taken":[{"damage":0.0,"enemies":"conspire:RoseBush","floor":1.0,"turns":1.0},{"damage":0.0,"enemies":"Cultist","floor":3.0,"turns":2.0},{"damage":0.0,"enemies":"3 Sentries","floor":6.0,"turns":5.0},{"damage":0.0,"enemies":"Gremlin Nob","floor":7.0,"turns":4.0},{"damage":0.0,"enemies":"Lagavulin","floor":8.0,"turns":3.0},{"damage":0.0,"enemies":"Replay:BlueRogue","floor":12.0,"turns":2.0},{"damage":0.0,"enemies":"Jaw Worm","floor":13.0,"turns":2.0},{"damage":0,"enemies":"Lagavulin","floor":14,"turns":3},{"damage":0,"enemies":"Slime Boss","floor":16,"turns":3},{"damage":0,"enemies":"Elementarium:Cyclone","floor":18,"turns":2},{"damage":0,"enemies":"Elementarium:VoidCorruption","floor":19,"turns":2},{"damage":0,"enemies":"Elementarium:FIRE_NOBILITY","floor":23,"turns":3},{"damage":0,"enemies":"Elementarium:WarGolem","floor":24,"turns":1},{"damage":0,"enemies":"Elementarium:ElementalPortal","floor":25,"turns":5},{"damage":0,"enemies":"Elementarium:STONE_GOLEMS","floor":27,"turns":2},{"damage":28,"enemies":"Nightmare","floor":28,"turns":7},{"damage":0,"enemies":"Elementarium:FIRE_NOBILITY","floor":30,"turns":3},{"damage":0,"enemies":"Elementarium:CYCLONE_AND_LIVING_STORMCLOUD","floor":31,"turns":2},{"damage":0,"enemies":"Elementarium:PHOENIXES","floor":33,"turns":2},{"damage":0,"enemies":"Orb Walker","floor":35,"turns":5},{"damage":0,"enemies":"3 Shapes","floor":36,"turns":2},{"damage":0,"enemies":"R_Hoarder","floor":40,"turns":3},{"damage":0,"enemies":"Reptomancer","floor":41,"turns":1},{"damage":82,"enemies":"Nemesis","floor":42,"turns":2}],"seed_played":"-4000652833597734035","potions_obtained":[{"floor":1.0,"key":"EntropicBrew"},{"floor":8.0,"key":"Regen Potion"},{"floor":12.0,"key":"Fire Potion"},{"floor":13.0,"key":"EntropicBrew"},{"floor":16,"key":"DuplicationPotion"},{"floor":16,"key":"blueLaboratory:CorrosionFlask"},{"floor":19,"key":"EntropicBrew"},{"floor":25,"key":"blueLaboratory:HummingbirdPotion"},{"floor":28,"key":"EntropicBrew"},{"floor":28,"key":"EntropicBrew"},{"floor":30,"key":"EntropicBrew"},{"floor":31,"key":"EntropicBrew"},{"floor":33,"key":"EntropicBrew"},{"floor":35,"key":"SCP261:BlastolaColaPotion"},{"floor":40,"key":"Guardian:BlockOnCardUsePotion"}],"is_trial":false,"path_per_floor":["M","?","M","T","T","E","E","E","T","?","$","E","M","E","R","B",null,"M","M","$","$","AVR","E","E","E","T","M","NM","?","E","M","R","B",null,"M","M","$","$","?","E","E","E"],"character_chosen":"THE_SPIRIT","items_purchased":["conspire:Dentures","hexamod:GhostShield","hexamod:FirstSeal","StuffTheSpire:BottledEssence","hexamod:DynamicBlow","hexamod:HeatMetal","hexamod:SecondSeal","aspiration:ChemicalBlood","Tiny Chest","hexamod:ShieldOfDarkness","DemoMod:SerJunkan","hexamod:RadiantFlame","hexamod:ThermalTransfer","hexamod:SpectralSpark","hubris:MobiusCoin","blueLaboratory:Moonshine","hubris:EmptyBottle","DemoMod:PartiallyEatenCheese","infinitespire:ShieldingShard","hexamod:PhantomFireball","ReplayTheSpireMod:Brewmster","DemoMod:MeatBun","hubris:CrystalStatue","conspire:TreasureMap","Replay:Baseball","hexamod:GhostOfSpireFuture","ReplayTheSpireMod:Private Reserves","hexamod:ChargedBarrage","hexamod:Firestarter+1","Replay:SS_forest_2","Replay:Rubber Ducky","vexMod:Cooldron","blueLaboratory:FruitPunch","DemoMod:LamentConfigurum","StuffTheSpire:TintedRock","EntropicBrew","StuffTheSpire:Wildfire","hexamod:ExtraCrispy","Chemical X","conspire:Flyswatter","hexamod:Toasty","hexamod:Firestarter","Replay:SS_forest_6","hexamod:ThirdSeal","hexamod:TimeOfNeed","MerchantsRug","infinitespire:Bottled Soul","vexMod:Spyglass","aspiration:TomeofQuesting","hexamod:GhostflameBarrier","Juzu Bracelet","Chameleon Ring","hexamod:RadiantFlame","EntropicBrew","EntropicBrew","EntropicBrew","EntropicBrew","hexamod:EmpoweringStance","Potion Belt","EntropicBrew","EntropicBrew","hexamod:SearingWound","hexamod:Rewind"],"campfire_rested":0,"item_purchase_floors":[0,0,0,0,0,0,0,0,0,0,0,0,0,0,0,0,0,0,0,0,0,0,0,0,0,0,0,0,0,0,0,0,0,0,0,0,0,0,0,0,0,0,0,11,11,11,11,20,20,20,20,21,21,21,21,21,21,37,37,37,37,38,38],"current_hp_per_floor":[74,67,67,67,65,66,63,63,63,63,63,64,64,68,68,68,68,68,68,65,62,59,56,53,53,60,57,43,12,12,18,18,25,60,60,60,60,60,45,52,66,0,0],"gold":5943,"neow_bonus":"","is_daily":false,"chose_seed":false,"campfire_upgraded":1,"win_rate":0.0,"timestamp":1608088614,"path_taken":["M","?","?","?","?","E","E","E","T","?","$","E","?","E","R","BOSS","M","M","$","?","AVR","E","E","E","T","?","NM","?","E","M","R","BOSS","M","M","$","?","?","E","E","E"],"items_purchased_type":["Relic","Card","Card","Relic","Card","Card","Card","Relic","Relic","Card","Relic","Card","Card","Card","Relic","Potion","Relic","Relic","Relic","Card","Card","Relic","Relic","Relic","Relic","Card","Card","Card","Card","Card","Relic","Relic","Potion","Relic","Relic","Potion","Relic","Card","Relic","Relic","Card","Card","Card","Card","Card","Relic","Relic","Relic","Relic","Card","Relic","Relic","Card","Potion","Potion","Potion","Potion","Card","Relic","Potion","Potion","Card","Card"],"build_version":"2020-12-13","purchased_purges":14,"victory":false,"max_hp_per_floor":[74,71,71,68,65,66,63,63,63,63,63,64,64,68,68,68,68,68,68,65,62,59,56,53,53,60,57,57,54,54,60,60,60,60,60,60,60,60,60,57,66,66,66],"card_choices":[{"not_picked":["hexamod:Again","hexamod:ChargedBarrage"],"picked":"hexamod:PhantomFireball","floor":1.0},{"not_picked":["hexamod:Hexaguard","hexamod:ThermalTransfer"],"picked":"hexamod:HeatShield","floor":3.0},{"not_picked":["hexamod:FastForward","hexamod:BacktrackSmack","hexamod:ThermalTransfer"],"picked":"SKIP","floor":6.0},{"not_picked":["hexamod:HauntingEcho","hexamod:Firestarter"],"picked":"hexamod:FourthSeal","floor":7.0},{"not_picked":["hexamod:GhostShield","hexamod:BacktrackSmack"],"picked":"hexamod:ExtraCrispy","floor":8.0},{"not_picked":["hexamod:ShieldOfDarkness","hexamod:HauntingEcho"],"picked":"hexamod:SoulSteal","floor":12.0},{"not_picked":["hexamod:HeatMetal","hexamod:NightmareStrike"],"picked":"hexamod:GhostOfSpirePast","floor":13.0},{"not_picked":["hexamod:Rewind","hexamod:FlamesFromBeyond"],"picked":"hexamod:SecondSeal","floor":14},{"not_picked":["hexamod:FlamesFromBeyond","hexamod:GiftsFromTheDead","hexamod:InspiringFlames"],"picked":"SKIP","floor":14},{"not_picked":["hexamod:HauntingEcho","hexamod:UnleashSpirits","hexamod:AdvancingGuard"],"picked":"SKIP","floor":14},{"not_picked":["hexamod:TimeWarp","hexamod:Toasty"],"picked":"hexamod:WildfireWeapon","floor":16},{"not_picked":["hexamod:GhostflameInferno","hexamod:SixthSeal"],"picked":"hexamod:FifthSeal","floor":16},{"not_picked":["hexamod:TurnItUp","hexamod:EmpoweringStance"],"picked":"hexamod:HexaLevel","floor":16},{"not_picked":["hexamod:FirstSeal","hexamod:SecondSeal"],"picked":"hexamod:FifthSeal","floor":18},{"not_picked":["hexamod:FirstSeal","hexamod:InspiringFlames+1"],"picked":"hexamod:RainOfEmbers","floor":18},{"not_picked":["hexamod:BacktrackSmack","hexamod:GhostOfSpireFuture","hexamod:SwordOfDarkness+1"],"picked":"SKIP","floor":19},{"not_picked":["hexamod:SecondSeal","hexamod:FifthSeal","hexamod:ThirdSeal"],"picked":"SKIP","floor":23},{"not_picked":["hexamod:FifthSeal","hexamod:FourthSeal","hexamod:SecondSeal"],"picked":"SKIP","floor":23},{"not_picked":["hexamod:ThirdSeal","hexamod:FirstSeal","hexamod:SecondSeal"],"picked":"SKIP","floor":23},{"not_picked":["hexamod:FifthSeal","hexamod:FourthSeal","hexamod:ThirdSeal"],"picked":"SKIP","floor":23},{"not_picked":["hexamod:CatchUp+1","hexamod:RainOfEmbers","hexamod:ShieldOfDarkness"],"picked":"SKIP","floor":23},{"not_picked":["hexamod:ParanormalForm","hexamod:GhostOfSpireFuture+1","hexamod:TimeWarp"],"picked":"SKIP","floor":23},{"not_picked":["hexamod:ThermalTransfer","hexamod:ShieldOfDarkness+1","hexamod:GhostShield+1"],"picked":"SKIP","floor":23},{"not_picked":["hexamod:StepThrough","hexamod:SpectersWail","hexamod:HauntingEcho"],"picked":"SKIP","floor":24},{"not_picked":["hexamod:FourthSeal","hexamod:FifthSeal","hexamod:FirstSeal"],"picked":"SKIP","floor":25},{"not_picked":["hexamod:FourthSeal","hexamod:ThirdSeal","hexamod:SecondSeal"],"picked":"SKIP","floor":25},{"not_picked":["hexamod:BurningTouch+1","hexamod:GhostOfSpirePast","hexamod:StepThrough"],"picked":"SKIP","floor":25},{"not_picked":["hexamod:SpectralSpark","hexamod:SpectersWail","hexamod:FastForward"],"picked":"SKIP","floor":25},{"not_picked":["hexamod:GhostLash","hexamod:PhantomCloak","hexamod:SuperheatedStrike"],"picked":"SKIP","floor":25},{"not_picked":["hexamod:FifthSeal","hexamod:SecondSeal","hexamod:ThirdSeal"],"picked":"SKIP","floor":27},{"not_picked":["hexamod:SecondSeal","hexamod:TimeWarp","hexamod:HauntingEcho+1"],"picked":"SKIP","floor":27},{"not_picked":["hexamod:AdvancingGuard","hexamod:GhostLash","hexamod:PowerFromBeyond+1"],"picked":"SKIP","floor":27},{"not_picked":["hexamod:ShieldOfDarkness+1","hexamod:DynamicBlow+1"],"picked":"hexamod:RadiantFlame","floor":28},{"not_picked":["hexamod:SecondSeal","hexamod:FirstSeal","hexamod:ThirdSeal"],"picked":"SKIP","floor":28},{"not_picked":["hexamod:SecondSeal","hexamod:FifthSeal","hexamod:FirstSeal"],"picked":"SKIP","floor":28},{"not_picked":["hexamod:GhostLash+1","hexamod:SwordOfDarkness+1","hexamod:Hexaguard"],"picked":"SKIP","floor":30},{"not_picked":["hexamod:AdvancingGuard","hexamod:FastForward","hexamod:NightmareStrike"],"picked":"SKIP","floor":31},{"not_picked":["hexamod:HexaLevel","hexamod:UnleashSpirits"],"picked":"hexamod:TimeOfNeed","floor":33},{"not_picked":["hexamod:FourthSeal","hexamod:ThirdSeal","hexamod:FifthSeal"],"picked":"SKIP","floor":35},{"not_picked":["hexamod:HauntingEcho+1","hexamod:FastForward+1","hexamod:SoulSteal+1"],"picked":"SKIP","floor":35},{"not_picked":["hexamod:FastForward+1","hexamod:NecessarySacrifice","hexamod:SwordOfDarkness"],"picked":"SKIP","floor":35},{"not_picked":["hexamod:SecondSeal","hexamod:FirstSeal","hexamod:FourthSeal"],"picked":"SKIP","floor":36},{"not_picked":["hexamod:Hexaguard","hexamod:AdvancingGuard+1","hexamod:ShieldOfDarkness"],"picked":"SKIP","floor":36},{"not_picked":["infinitespire:SealOfDarkness+","infinitespire:TheBestDefense"],"picked":"infinitespire:NeuralNetwork","floor":39},{"not_picked":["hexamod:BurningTouch+1","hexamod:InspiringFlames"],"picked":"hexamod:ExtraCrispy","floor":40},{"not_picked":["hexamod:FourthSeal","hexamod:SecondSeal","hexamod:ThirdSeal"],"picked":"SKIP","floor":41},{"not_picked":["hexamod:StepThrough+1","hexamod:AdvancingGuard+1","hexamod:Firestarter+1"],"picked":"SKIP","floor":41}],"player_experience":861181,"relics_obtained":[{"floor":4.0,"key":"DemoMod:Junk"},{"floor":5.0,"key":"DemoMod:Junk"},{"floor":5.0,"key":"DemoMod:Junk"},{"floor":6.0,"key":"DemoMod:Junk"},{"floor":7.0,"key":"DemoMod:Junk"},{"floor":8.0,"key":"Replay:Wax Seal"},{"floor":9.0,"key":"DemoMod:Junk"},{"floor":9.0,"key":"DemoMod:Junk"},{"floor":12.0,"key":"DemoMod:Junk"},{"floor":13.0,"key":"DemoMod:Junk"},{"floor":14,"key":"Art of War"},{"floor":23,"key":"DemoMod:WeirdEgg"},{"floor":24,"key":"hubris:SlimyHat"},{"floor":25,"key":"hubris:TinFlute"},{"floor":26,"key":"DemoMod:Junk"},{"floor":26,"key":"DemoMod:PinkGuonStone"},{"floor":28,"key":"Bag of Marbles"},{"floor":28,"key":"Dream Catcher"},{"floor":30,"key":"jedi:arcanewood"},{"floor":35,"key":"wanderingMiniBosses:Inkheart"},{"floor":40,"key":"hubris:FunFungus"},{"floor":41,"key":"Toxic Egg 2"},{"floor":41,"key":"DemoMod:Bottle"}],"event_choices":[{"damage_healed":0.0,"max_hp_gain":0.0,"max_hp_loss":0.0,"gold_gain":0.0,"event_name":"Wheel of Change","player_choice":"Damaged","floor":2.0,"gold_loss":0.0,"damage_taken":7.0},{"damage_healed":0.0,"max_hp_gain":0.0,"max_hp_loss":0.0,"gold_gain":0.0,"event_name":"Accursed Blacksmith","player_choice":"Forge","floor":10.0,"gold_loss":0.0,"damage_taken":0.0,"cards_upgraded":["ReplayTheSpireMod:Private Reserves"]},{"damage_healed":0,"gold_gain":0,"player_choice":"UP UP UP ","damage_taken":37,"relics_obtained":[],"max_hp_gain":0,"max_hp_loss":0,"event_name":"betterSkull:BetterSkull","floor":29,"gold_loss":0,"cards_upgraded":["hexamod:Float","hexamod:PhantomFireball","hexamod:HeatShield"]}],"is_beta":false,"boss_relics":[{"not_picked":["aspiration:SecretTechniqueScroll","ReplayTheSpireMod:SealedPack"],"picked":"vexMod:RockOfEvil"},{"not_picked":["hubris:ScarierMask","Replay:Bronze Core"],"picked":"aspiration:RunicSpoon"}],"items_purged_floors":[0,0,0,0,0,0,0,0,0,11,11,20,37,37],"is_endless":false,"potions_floor_spawned":[1,13,19,30,31,33,36],"killed_by":"Nemesis","ascension_level":1}}