{"host":"9ndbo4kgsfoemf7y","time":1608113537,"event":{"mods":["AchievementEnabler","BaseMod","Colored Map","DeckTracker","Keyboard Shortcuts","Minty Spire (QoL Compilation)","Permanent Neow","Quick Restart","Relic Stats","StSLib","SuperFastMode"],"gold_per_floor":[111,123,123,4,4,4,21,21,21,171,191,209,209,6,6,82,82,92,109,109,119,34,34,34],"floor_reached":23,"playtime":903,"items_purged":["Defend_G","Doubt"],"score":322,"play_id":"2681993e-0db2-4f58-8c05-5bb07fcc3e4d","local_time":"20201216191217","is_ascension_mode":true,"campfire_choices":[{"data":"Prepared","floor":6.0,"key":"SMITH"},{"data":"Cloak And Dagger","floor":8.0,"key":"SMITH"},{"floor":15.0,"key":"REST"}],"circlet_count":0,"master_deck":["AscendersBane","Strike_G+1","Strike_G+1","Defend_G+1","Defend_G+1","Defend_G+1","Survivor","Neutralize","Cloak And Dagger+1","Prepared+1","Blur","Flying Knee+1","Escape Plan","Cloak And Dagger","Heel Hook","Bandage Up","Die Die Die","Accuracy","Backstab","Escape Plan+1"],"relics":["Ring of the Snake","Ice Cream","Odd Mushroom","Runic Pyramid","CeramicFish"],"acts_visited":["Exordium","TheCity"],"potions_floor_usage":[19,23],"damage_taken":[{"damage":4.0,"enemies":"Small Slimes","floor":1.0,"turns":6.0},{"damage":3.0,"enemies":"Jaw Worm","floor":2.0,"turns":4.0},{"damage":1.0,"enemies":"2 Louse","floor":7.0,"turns":3.0},{"damage":11.0,"enemies":"The Mushroom Lair","floor":11.0,"turns":6.0},{"damage":0.0,"enemies":"Blue Slaver","floor":12.0,"turns":5.0},{"damage":32.0,"enemies":"Slime Boss","floor":16.0,"turns":21.0},{"damage":4,"enemies":"Shell Parasite","floor":18,"turns":6},{"damage":18,"enemies":"2 Thieves","floor":19,"turns":4},{"damage":4,"enemies":"Centurion and Healer","floor":21,"turns":7},{"damage":33,"enemies":"Slavers","floor":23,"turns":2}],"seed_played":"-2227341170518130611","potions_obtained":[{"floor":12.0,"key":"EntropicBrew"},{"floor":16.0,"key":"LiquidMemories"}],"is_trial":false,"path_per_floor":["M","M","?","$","?","R","M","R","T","?","?","M","?","$","R","B",null,"M","M","?","M","?","E"],"character_chosen":"THE_SILENT","items_purchased":["Blur","Bandage Up"],"campfire_rested":1,"item_purchase_floors":[4,14],"current_hp_per_floor":[55,52,45,45,45,45,44,44,44,44,33,33,15,15,33,5,46,46,32,32,32,32,0,0],"gold":34,"neow_bonus":"REMOVE_TWO","is_daily":false,"chose_seed":false,"campfire_upgraded":2,"win_rate":0.0,"timestamp":1608113537,"path_taken":["M","M","?","$","?","R","M","R","T","?","?","?","?","$","R","BOSS","M","M","?","M","?","E"],"items_purchased_type":["Card","Card"],"build_version":"2020-12-13","purchased_purges":2,"victory":false,"max_hp_per_floor":[60,60,60,60,60,60,60,60,60,60,60,60,60,60,60,60,60,60,60,60,60,60,60,60],"relic_stats":{"counters":[10,64],"CeramicFish":0,"obtain_stats":[{"Ice Cream":9,"CeramicFish":22,"Odd Mushroom":11,"Ring of the Snake":0,"Runic Pyramid":17},{"Ice Cream":3,"CeramicFish":9,"Odd Mushroom":4,"Ring of the Snake":0,"Runic Pyramid":6},{"Ice Cream":13,"CeramicFish":62,"Odd Mushroom":19,"Ring of the Snake":0,"Runic Pyramid":45}],"Ring of the Snake":[20]},"card_choices":[{"not_picked":["Terror","Underhanded Strike"],"picked":"Cloak And Dagger","floor":1.0},{"not_picked":["Quick Slash","Flying Knee"],"picked":"Prepared","floor":2.0},{"not_picked":["Slice","Deadly Poison"],"picked":"Escape Plan","floor":7.0},{"not_picked":["Bane","Dagger Throw"],"picked":"Cloak And Dagger","floor":11.0},{"not_picked":["Slice","Dagger Throw"],"picked":"Heel Hook","floor":12.0},{"not_picked":["Night Terror","Doppelganger"],"picked":"Die Die Die","floor":16.0},{"not_picked":["Cloak And Dagger","Skewer"],"picked":"Accuracy","floor":18},{"not_picked":["Acrobatics","Blur"],"picked":"Backstab","floor":19},{"not_picked":["Outmaneuver+1","Dagger Throw"],"picked":"Escape Plan+1","floor":21}],"player_experience":681415,"relics_obtained":[{"floor":9.0,"key":"Ice Cream"},{"floor":11.0,"key":"Odd Mushroom"}],"event_choices":[{"cards_removed":["Strike_G"],"damage_healed":0.0,"max_hp_gain":0.0,"max_hp_loss":0.0,"gold_gain":0.0,"event_name":"Golden Wing","player_choice":"Card Removal","floor":3.0,"gold_loss":0.0,"damage_taken":7.0},{"damage_healed":0.0,"max_hp_gain":0.0,"max_hp_loss":0.0,"gold_gain":0.0,"cards_transformed":["Strike_G"],"event_name":"Living Wall","player_choice":"Change","floor":5.0,"gold_loss":0.0,"damage_taken":0.0,"cards_obtained":["Flying Knee"]},{"damage_healed":0.0,"max_hp_gain":0.0,"max_hp_loss":0.0,"gold_gain":150.0,"event_name":"Liars Game","player_choice":"AGREE","floor":10.0,"gold_loss":0.0,"damage_taken":0.0,"cards_obtained":["Doubt"]},{"damage_healed":0.0,"max_hp_gain":0.0,"max_hp_loss":0.0,"gold_gain":0.0,"event_name":"Mushrooms","player_choice":"Fought Mushrooms","floor":11.0,"gold_loss":0.0,"damage_taken":0.0},{"damage_healed":0.0,"max_hp_gain":0.0,"max_hp_loss":0.0,"gold_gain":0.0,"event_name":"Shining Light","player_choice":"Entered Light","floor":13.0,"gold_loss":0.0,"damage_taken":18.0,"cards_upgraded":["Flying Knee","Strike_G"]},{"damage_healed":0,"gold_gain":0,"player_choice":"Simplicity","damage_taken":0,"max_hp_gain":0,"max_hp_loss":0,"event_name":"Back to Basics","floor":20,"gold_loss":0,"cards_upgraded":["Strike_G","Defend_G","Defend_G","Defend_G"]},{"damage_healed":0,"gold_gain":0,"player_choice":"Obtained Relic","damage_taken":0,"relics_obtained":["CeramicFish"],"max_hp_gain":0,"max_hp_loss":0,"event_name":"Addict","floor":22,"gold_loss":85}],"is_beta":false,"boss_relics":[{"not_picked":["Coffee Dripper","Fusion Hammer"],"picked":"Runic Pyramid"}],"items_purged_floors":[4,14],"is_endless":false,"potions_floor_spawned":[12,16],"killed_by":"Slavers","ascension_level":16}}