{"host":"agga6lej02o7kt08","time":1608113140,"event":{"mods":["Aspiration","BaseMod","Better Third Choice","BetterRewards","Colored Map","Colored Powertips","Hubris","Minty Spire (QoL Compilation)","Replay The Spire","Spicy Shops","StSLib","¡¼?Úª?ø«¡½REMEMod"],"gold_per_floor":[117,135,135,135,135,135,165,165,165,40,40,75,89,119,119,222,322,341,368,387,397,411,446,446,478,478,153,166,183,217,237,237,332,332,342,353,353,85,85,120,137,137,191,191,219,219,441,469,469,469,469,469,55,87,87,87],"floor_reached":55,"playtime":3271,"items_purged":["Parasite","Strike_G","Strike_G","Defend_G","Strike_G","Strike_G","Defend_G"],"score":1446,"play_id":"a8c01114-fb66-4e24-bb5f-14f11da9f737","local_time":"20201216190540","is_ascension_mode":true,"campfire_choices":[{"data":"Blade Dance","floor":6.0,"key":"SMITH"},{"floor":11,"key":"REST"},{"data":"Cloak And Dagger","floor":15,"key":"SMITH"},{"data":"Accuracy","floor":24,"key":"SMITH"},{"data":"A Thousand Cuts","floor":32,"key":"SMITH"},{"data":"Doubt","floor":42,"key":"PURGE"},{"floor":49,"key":"RECALL"},{"data":"Defend_G","floor":52,"key":"PURGE"}],"circlet_count":0,"master_deck":["Strike_G","Survivor+1","Dagger Spray","Blade Dance+1","Footwork","Cloak And Dagger+1","Adrenaline","Infinite Blades","Blade Dance+1","Cloak And Dagger+1","Accuracy+1","A Thousand Cuts+1","A Thousand Cuts+1","Apotheosis","Infinite Blades","Cloak And Dagger"],"relics":["Ring of the Snake","REME_ComplimentaryCards","hubris:Potato","Juzu Bracelet","Matryoshka","Medical Kit","Peace Pipe","Prayer Wheel","REME_LimitBreaker","hubris:Towel","Iron Hammer","Eternal Feather","Kunai","ReplayFunnel","Replay:Wanted Poster","Red Mask","hubris:MedicalManual","Akabeko","War Paint","Replay:Baseball","REME_LowDesire","Lantern","hubris:ToyBattleship","Ring of Peace","Vajra","Pet Ghost","Bronze Scales","hubris:DeckOfHolding","hubris:SlimyHat","Torii"],"acts_visited":["Exordium","TheCity","TheBeyond","TheEnding"],"potions_floor_usage":[50,50,55],"damage_taken":[{"damage":0.0,"enemies":"Jaw Worm","floor":1.0,"turns":6.0},{"damage":4.0,"enemies":"Cultist","floor":2.0,"turns":4.0},{"damage":8.0,"enemies":"Gremlin Nob","floor":7.0,"turns":3.0},{"damage":0,"enemies":"Lagavulin","floor":12,"turns":6},{"damage":0,"enemies":"2 Louse","floor":13,"turns":2},{"damage":9,"enemies":"3 Sentries","floor":14,"turns":8},{"damage":0,"enemies":"The Guardian","floor":16,"turns":11},{"damage":4,"enemies":"2 Thieves","floor":18,"turns":4},{"damage":0,"enemies":"Masked Bandits","floor":19,"turns":5},{"damage":0,"enemies":"Chosen","floor":20,"turns":3},{"damage":9,"enemies":"Snake Plant","floor":21,"turns":7},{"damage":1,"enemies":"Shelled Parasite and Fungi","floor":22,"turns":3},{"damage":7,"enemies":"Slavers","floor":23,"turns":4},{"damage":0,"enemies":"Gremlin Leader","floor":25,"turns":4},{"damage":0,"enemies":"Chosen and Byrds","floor":28,"turns":3},{"damage":4,"enemies":"Snake Plant","floor":29,"turns":3},{"damage":5,"enemies":"Book of Stabbing","floor":30,"turns":4},{"damage":0,"enemies":"Centurion and Healer","floor":31,"turns":2},{"damage":0,"enemies":"Champ","floor":33,"turns":6},{"damage":0,"enemies":"Orb Walker","floor":35,"turns":3},{"damage":0,"enemies":"3 Darklings","floor":36,"turns":3},{"damage":0,"enemies":"Nemesis","floor":40,"turns":5},{"damage":7,"enemies":"Spire Growth","floor":41,"turns":4},{"damage":0,"enemies":"Giant Head","floor":45,"turns":5},{"damage":0,"enemies":"R_Hoarder","floor":48,"turns":5},{"damage":0,"enemies":"Donu and Deca","floor":50,"turns":4},{"damage":45,"enemies":"Shield and Spear","floor":54,"turns":4},{"damage":64,"enemies":"The Heart","floor":55,"turns":3}],"seed_played":"-3455479865047780607","potions_obtained":[{"floor":1.0,"key":"Energy Potion"},{"floor":7.0,"key":"Energy Potion"},{"floor":13,"key":"PowerPotion"},{"floor":19,"key":"FairyPotion"},{"floor":54,"key":"Elixir"}],"is_trial":false,"path_per_floor":["M","M","?","?","?","R","E","?","T","$","R","E","M","E","R","B",null,"M","?","M","M","M","E","R","E","T","$","M","M","E","M","R","B",null,"M","M","?","$","?","E","M","R","T","?","E","$","?","E","R","B",null,"R","$","E","B"],"character_chosen":"THE_SILENT","items_purchased":["Juzu Bracelet","Matryoshka","Medical Kit","Dagger Spray","Infinite Blades","hubris:SlimyHat","Elixir"],"campfire_rested":1,"item_purchase_floors":[0,0,0,0,38,53,53],"current_hp_per_floor":[31,27,27,20,20,20,12,12,12,12,38,38,38,29,35,35,67,63,63,63,54,53,46,55,55,55,55,55,51,46,46,55,55,67,67,67,67,67,67,67,60,67,67,67,67,67,67,67,67,67,67,67,67,22,0,0],"gold":87,"neow_bonus":"","is_daily":false,"chose_seed":false,"campfire_upgraded":4,"win_rate":0.0,"timestamp":1608113140,"path_taken":["M","M","?","?","?","R","E","?","T","$","R","E","M","E","R","BOSS","M","?","M","M","M","E","R","E","T","$","M","M","E","M","R","BOSS","M","M","?","$","?","E","M","R","T","?","E","?","?","E","R","BOSS","R","$","E","BOSS"],"items_purchased_type":["Relic","Relic","Relic","Card","Card","Relic","Potion"],"build_version":"2020-12-13","purchased_purges":7,"victory":false,"max_hp_per_floor":[67,67,67,67,67,67,67,67,67,67,67,67,67,67,67,67,67,67,67,67,67,67,67,67,67,67,67,67,67,67,67,67,67,67,67,67,67,67,67,67,67,67,67,67,67,67,67,67,67,67,67,67,67,67,67,67],"card_choices":[{"not_picked":["Draining Mist","Quick Slash"],"picked":"Blade Dance","floor":1.0},{"not_picked":["ReplayTheSpireMod:Speed Training","Die Die Die"],"picked":"Footwork","floor":2.0},{"not_picked":["Well Laid Plans","Dodge and Roll","Deadly Poison"],"picked":"SKIP","floor":2.0},{"not_picked":["Leg Sweep","Deadly Poison","REME_CopyPotion"],"picked":"SKIP","floor":7.0},{"not_picked":["ReplayTheSpireMod:Necrosis","Flying Knee","Tactician"],"picked":"SKIP","floor":12},{"not_picked":["Flying Knee","Poison Darts","Underhanded Strike"],"picked":"SKIP","floor":13},{"not_picked":["ReplayTheSpireMod:Shiv Toss","Skewer","Underhanded Strike"],"picked":"SKIP","floor":13},{"not_picked":["ReplayTheSpireMod:Exploit Weakness","Hidden Blade"],"picked":"Cloak And Dagger","floor":14},{"not_picked":["Replay:Bag of Tricks","Tools of the Trade"],"picked":"Adrenaline","floor":16},{"not_picked":["Caltrops","Choke+1"],"picked":"Infinite Blades","floor":18},{"not_picked":["PiercingWail","Underhanded Strike+1"],"picked":"Blade Dance","floor":18},{"not_picked":["Blade Dance","Distraction"],"picked":"Cloak And Dagger+1","floor":20},{"not_picked":["hubris:TrickCloak+1","Crippling Poison","Footwork"],"picked":"SKIP","floor":20},{"not_picked":["REME_GreenPollution","Slice+1"],"picked":"Accuracy","floor":21},{"not_picked":["Venomology","Prepared","Endless Agony+1"],"picked":"SKIP","floor":21},{"not_picked":["Prepared","PiercingWail","Deflect+1"],"picked":"SKIP","floor":22},{"not_picked":["Deadly Poison+1","Crippling Poison","Reflex"],"picked":"SKIP","floor":22},{"not_picked":["Hidden Blade+1","Riddle With Holes","Dagger Throw"],"picked":"SKIP","floor":23},{"not_picked":["Bane","Slice"],"picked":"A Thousand Cuts","floor":25},{"not_picked":["Flying Knee","Poisoned Stab","Blur"],"picked":"SKIP","floor":28},{"not_picked":["Predator","Dodge and Roll","Blade Dance"],"picked":"SKIP","floor":28},{"not_picked":["Bane+1","Leg Sweep","Well Laid Plans"],"picked":"SKIP","floor":29},{"not_picked":["Poisoned Stab","Dagger Spray","Blade Dance"],"picked":"SKIP","floor":29},{"not_picked":["Tactician","Dagger Throw","PiercingWail"],"picked":"SKIP","floor":30},{"not_picked":["Flechettes","Escape Plan+1","PiercingWail+1"],"picked":"SKIP","floor":31},{"not_picked":["Dash","Predator+1","Storm of Steel"],"picked":"SKIP","floor":31},{"not_picked":["Doppelganger","Glass Knife"],"picked":"A Thousand Cuts","floor":33},{"not_picked":["Outmaneuver+1","Prepared+1","Dagger Throw+1"],"picked":"Apotheosis","floor":35},{"not_picked":["Underhanded Strike+1","Toxin Wave","Deadly Poison+1","Flash of Steel"],"picked":"SKIP","floor":35},{"not_picked":["Underhanded Strike","Sneak Up","Dodge and Roll","Secret Weapon"],"picked":"SKIP","floor":36},{"not_picked":["Underhanded Strike+1","Outmaneuver","Fluid Movement+1","Dark Shackles"],"picked":"SKIP","floor":36},{"not_picked":["Sucker Punch","REME_ShadowStrike+1","REME_AllRoundStrike"],"picked":"Cloak And Dagger","floor":40},{"not_picked":["Blade Dance","Prepared+1","Calculated Gamble","Forethought"],"picked":"SKIP","floor":41},{"not_picked":["Prepared+1","Blade Dance","hubris:Sniper+1","ReplayTheSpireMod:Brewmster"],"picked":"SKIP","floor":41},{"not_picked":["Dash","Fluid Movement+1","Catalyst+1","PanicButton+1"],"picked":"SKIP","floor":45},{"not_picked":["Distraction","Replay:Poison Smokescreen","Noxious Fumes+1","Secret Weapon"],"picked":"SKIP","floor":48},{"not_picked":["Blade Dance+1","Dagger Spray","Catalyst","Swift Strike+1"],"picked":"SKIP","floor":54}],"player_experience":700017,"relics_obtained":[{"floor":7.0,"key":"REME_LimitBreaker"},{"floor":9.0,"key":"Iron Hammer"},{"floor":9.0,"key":"Eternal Feather"},{"floor":12,"key":"Kunai"},{"floor":14,"key":"ReplayFunnel"},{"floor":19,"key":"Red Mask"},{"floor":23,"key":"hubris:MedicalManual"},{"floor":25,"key":"Akabeko"},{"floor":26,"key":"War Paint"},{"floor":30,"key":"Replay:Baseball"},{"floor":34,"key":"Lantern"},{"floor":34,"key":"hubris:ToyBattleship"},{"floor":39,"key":"Ring of Peace"},{"floor":40,"key":"Vajra"},{"floor":43,"key":"Pet Ghost"},{"floor":45,"key":"Bronze Scales"},{"floor":48,"key":"hubris:DeckOfHolding"},{"floor":54,"key":"Torii"}],"event_choices":[{"damage_healed":0.0,"max_hp_gain":0.0,"max_hp_loss":0.0,"gold_gain":0.0,"cards_transformed":["Defend_G"],"event_name":"Transmorgrifier","player_choice":"Transformed","floor":3.0,"gold_loss":0.0,"damage_taken":0.0,"cards_obtained":["Deadly Poison"]},{"cards_removed":["Deadly Poison"],"damage_healed":0.0,"max_hp_gain":0.0,"max_hp_loss":0.0,"gold_gain":0.0,"event_name":"Golden Wing","player_choice":"Card Removal","floor":4.0,"gold_loss":0.0,"damage_taken":7.0},{"damage_healed":0,"gold_gain":0,"player_choice":"Fought Bandits","damage_taken":0,"max_hp_gain":0,"max_hp_loss":0,"event_name":"Masked Bandits","floor":19,"gold_loss":0},{"cards_removed":["Neutralize"],"damage_healed":0,"gold_gain":0,"player_choice":"Removed Attack","damage_taken":0,"max_hp_gain":0,"max_hp_loss":0,"event_name":"Falling","floor":44,"gold_loss":0},{"damage_healed":0,"gold_gain":222,"player_choice":"Wore Mask","damage_taken":0,"max_hp_gain":0,"max_hp_loss":0,"event_name":"Tomb of Lord Red Mask","floor":47,"gold_loss":0}],"is_beta":false,"boss_relics":[{"not_picked":["Snecko Scales","Fusion Hammer"],"picked":"Replay:Wanted Poster"},{"not_picked":["Snecko Eye","aspiration:RunicSpoon"],"picked":"REME_LowDesire"}],"items_purged_floors":[0,0,10,27,27,38,53],"is_endless":false,"potions_floor_spawned":[1,7,13,19,20,21,23,28,35,36,48,54],"killed_by":"The Heart","ascension_level":1}}