{"host":"4pmzrw6j7p9u06vv","time":1608153034,"event":{"mods":["BaseMod","BetterRewards","Downfall","Hermit","MarisaÅiñ∂âJÅ@ñÇóùçπÅj","Minty Spire (QoL Compilation)","Replay The Spire","StSLib","The Jungle"],"gold_per_floor":[113,132,132,82,95,95,120,120,172,16,50,125,142,171,171,269,269,284,284,301,313,330,330,330,330,353,378,378,397,413,447,447,447,447,546,546,565,580,592,607,666,666,666,105,105,105,121,221,234,264,264,264,264,264,24,24,24],"floor_reached":56,"playtime":2669,"items_purged":["Doubt","Defend_G"],"score":787,"play_id":"c10418ca-f331-4d77-a242-02e330fc3ff6","local_time":"20201216181034","is_ascension_mode":false,"campfire_choices":[{"floor":6,"key":"RECALL"},{"floor":8,"key":"REST"},{"floor":15,"key":"REST"},{"data":"1","floor":23,"key":"LIFT"},{"data":"2","floor":25,"key":"LIFT"},{"data":"Replay:Bag of Tricks","floor":28,"key":"SMITH"},{"data":"3","floor":34,"key":"LIFT"},{"floor":46,"key":"REST"},{"floor":51,"key":"DIG"},{"data":"Catalyst","floor":54,"key":"SMITH"}],"circlet_count":0,"master_deck":["Strike_G","Strike_G","Strike_G","Strike_G","Defend_G+1","Defend_G","Defend_G","Defend_G+1","Survivor","Neutralize","Poisoned Stab","Noxious Fumes","Replay:Bag of Tricks+1","Dagger Spray+1","Catalyst","Catalyst+1"],"relics":["Ring of the Snake","Girya","Bag of Preparation","Replay:Wax Seal","Lee\u0027s Waffle","Iron Hammer","ReplayTheSpireMod:CursedCoin","ReplayFunnel","Black Star","Vampiric Spirits","Toy Ornithopter","Lantern","Happy Flower","War Paint","WristBlade","Pen Nib","ReplayTheSpireMod:Lightbulb","Replay:Accelerometer","Bag of Marbles","The Specimen","Divine Protection","StoneCalendar","Paper Crane"],"acts_visited":["Exordium","TheCity","TheBeyond","TheEnding"],"potions_floor_usage":[11,16,27,27,31,35,52,52,52],"damage_taken":[{"damage":0,"enemies":"Cultist","floor":1,"turns":4},{"damage":3,"enemies":"Jaw Worm","floor":2,"turns":5},{"damage":0,"enemies":"Small Slimes","floor":5,"turns":3},{"damage":20,"enemies":"Gremlin Nob","floor":7,"turns":5},{"damage":31,"enemies":"3 Sentries","floor":11,"turns":9},{"damage":5,"enemies":"Exordium Thugs","floor":13,"turns":5},{"damage":21,"enemies":"Lagavulin","floor":14,"turns":5},{"damage":24,"enemies":"Fading Forest","floor":16,"turns":11},{"damage":0,"enemies":"Chosen","floor":18,"turns":5},{"damage":0,"enemies":"3 Byrds","floor":20,"turns":5},{"damage":16,"enemies":"Snake Plant","floor":21,"turns":6},{"damage":5,"enemies":"Centurion and Healer","floor":22,"turns":7},{"damage":2,"enemies":"Replay:Snechameleon","floor":27,"turns":8},{"damage":5,"enemies":"Snecko","floor":29,"turns":5},{"damage":0,"enemies":"Snake Plant","floor":30,"turns":4},{"damage":4,"enemies":"Book of Stabbing","floor":31,"turns":6},{"damage":39,"enemies":"Champ","floor":35,"turns":6},{"damage":1,"enemies":"3 Shapes","floor":37,"turns":5},{"damage":7,"enemies":"3 Darklings","floor":38,"turns":3},{"damage":17,"enemies":"Sphere and 2 Shapes","floor":39,"turns":5},{"damage":4,"enemies":"Jaw Worm Horde","floor":40,"turns":3},{"damage":9,"enemies":"Maw","floor":47,"turns":6},{"damage":0,"enemies":"3 Darklings","floor":49,"turns":2},{"damage":0,"enemies":"R_Hoarder","floor":50,"turns":4},{"damage":69,"enemies":"Awakened One","floor":52,"turns":11},{"damage":78,"enemies":"Shield and Spear","floor":56,"turns":6}],"seed_played":"3032144786880107581","potions_obtained":[{"floor":5,"key":"Strength Potion"},{"floor":7,"key":"Elixir"},{"floor":14,"key":"sneckomod:MuddlingPotion"},{"floor":16,"key":"Venom Potion"},{"floor":21,"key":"Cursed Concoction"},{"floor":22,"key":"SneckoOil"},{"floor":30,"key":"BlessingOfTheForge"},{"floor":37,"key":"champ:CounterPotion"},{"floor":39,"key":"DuplicationPotion"},{"floor":40,"key":"LifebloodPotion"}],"is_trial":false,"path_per_floor":["M","M","?","?","M","R","E","R","T","$","E","$","M","E","R","B",null,"M","?","M","M","M","R","T","R","T","E","R","M","M","E","PTL","PTL","R","B",null,"M","M","M","M","?","?","?","$","T","R","M","?","M","E","R","B",null,"R","$","E"],"character_chosen":"THE_SILENT","items_purchased":["Lee\u0027s Waffle","ReplayTheSpireMod:CursedCoin","ReplayTheSpireMod:Lightbulb","Replay:Accelerometer","Paper Crane"],"campfire_rested":3,"item_purchase_floors":[10,12,44,44,55],"current_hp_per_floor":[49,46,46,46,46,46,26,47,47,77,46,46,41,20,43,29,77,77,77,77,61,56,56,56,56,56,58,58,61,63,71,71,71,71,38,77,76,70,60,57,38,38,38,38,38,61,68,68,77,77,77,8,77,77,77,0,0],"gold":24,"neow_bonus":"ONE_RARE_RELIC","is_daily":false,"chose_seed":false,"campfire_upgraded":2,"win_rate":0.0,"timestamp":1608153034,"path_taken":["M","M","?","?","M","R","E","R","T","$","E","?","M","E","R","BOSS","M","?","M","?","M","R","?","R","T","E","R","M","M","E","PTL","PTL","R","BOSS","M","M","M","M","?","?","?","$","T","R","?","?","M","E","R","BOSS","R","$","E"],"items_purchased_type":["Relic","Relic","Relic","Relic","Relic"],"build_version":"2020-12-13","purchased_purges":2,"victory":false,"max_hp_per_floor":[70,70,70,70,70,70,70,70,70,77,77,77,77,77,77,77,77,77,77,77,77,77,77,77,77,77,77,77,77,77,77,77,77,77,77,77,77,77,77,77,77,77,77,77,77,77,77,77,77,77,77,77,77,77,77,77,77],"card_choices":[{"not_picked":["Slice","Calculated Gamble","Bane"],"picked":"SKIP","floor":1},{"not_picked":["Acrobatics","Flying Knee"],"picked":"Poisoned Stab","floor":2},{"not_picked":["Dagger Throw","Dodge and Roll","Tactician"],"picked":"SKIP","floor":5},{"not_picked":["Calculated Gamble","Slice"],"picked":"ReplayTheSpireMod:Scrap Shanks","floor":7},{"not_picked":["Acrobatics","Deadly Poison"],"picked":"Noxious Fumes","floor":11},{"not_picked":["Deadly Poison","Deflect"],"picked":"Replay:Bag of Tricks","floor":13},{"not_picked":["Dagger Throw","Heel Hook","Blade Dance"],"picked":"SKIP","floor":14},{"not_picked":["Underhanded Strike","Slice+1","Leg Sweep"],"picked":"SKIP","floor":18},{"not_picked":["Poisoned Stab+1","Prepared","Bane+1"],"picked":"SKIP","floor":20},{"not_picked":["Replay:Poison Smokescreen+1","Outmaneuver","Reflex"],"picked":"SKIP","floor":21},{"not_picked":["PiercingWail","Leg Sweep"],"picked":"Dagger Spray+1","floor":22},{"not_picked":["Footwork","Blade Dance","PiercingWail"],"picked":"SKIP","floor":27},{"not_picked":["Heel Hook","ReplayTheSpireMod:Speed Training+1","Well Laid Plans"],"picked":"SKIP","floor":29},{"not_picked":["Toxin Wave","Bouncing Flask"],"picked":"Catalyst","floor":30},{"not_picked":["Sucker Punch","PiercingWail+1"],"picked":"Catalyst","floor":31},{"not_picked":["Masterful Stab+1","Finisher+1","All Out Attack"],"picked":"SKIP","floor":37},{"not_picked":["Quick Slash","Dagger Throw","Dagger Spray"],"picked":"SKIP","floor":38},{"not_picked":["Choke+1","Dodge and Roll+1","Eviscerate"],"picked":"SKIP","floor":39},{"not_picked":["Dagger Spray","Deadly Poison+1","Deflect+1"],"picked":"SKIP","floor":40},{"not_picked":["Sneak Up","Footwork+1","Sucker Punch+1"],"picked":"SKIP","floor":47},{"not_picked":["Finisher+1","Acrobatics+1","ReplayTheSpireMod:The Works+1"],"picked":"SKIP","floor":49},{"not_picked":["Bouncing Flask+1","Sucker Punch+1","Sneak Up+1"],"picked":"SKIP","floor":50}],"player_experience":36087,"relics_obtained":[{"floor":7,"key":"Bag of Preparation"},{"floor":9,"key":"Replay:Wax Seal"},{"floor":11,"key":"Iron Hammer"},{"floor":14,"key":"ReplayFunnel"},{"floor":24,"key":"Vampiric Spirits"},{"floor":27,"key":"Toy Ornithopter"},{"floor":27,"key":"Lantern"},{"floor":31,"key":"Happy Flower"},{"floor":31,"key":"War Paint"},{"floor":41,"key":"Pen Nib"},{"floor":45,"key":"Bag of Marbles"},{"floor":50,"key":"The Specimen"},{"floor":50,"key":"Divine Protection"},{"floor":51,"key":"StoneCalendar"}],"event_choices":[{"damage_healed":0,"gold_gain":0,"player_choice":"Ignored","damage_taken":0,"max_hp_gain":0,"max_hp_loss":0,"event_name":"Liars Game","floor":3,"gold_loss":0},{"cards_removed":["Strike_G"],"damage_healed":0,"gold_gain":0,"player_choice":"Card Removal","damage_taken":0,"max_hp_gain":0,"max_hp_loss":0,"event_name":"The Cleric","floor":4,"gold_loss":50},{"cards_removed":["ReplayTheSpireMod:Scrap Shanks"],"damage_healed":0,"gold_gain":0,"player_choice":"Offered Uncommon","damage_taken":0,"max_hp_gain":0,"max_hp_loss":0,"event_name":"Bonfire Elementals","floor":19,"gold_loss":0},{"damage_healed":0,"gold_gain":0,"player_choice":"Ignored","damage_taken":0,"max_hp_gain":0,"max_hp_loss":0,"event_name":"Mysterious Sphere","floor":42,"gold_loss":0},{"damage_healed":0,"gold_gain":0,"player_choice":"Ignored","damage_taken":0,"max_hp_gain":0,"max_hp_loss":0,"event_name":"NoteForYourself","floor":43,"gold_loss":0},{"damage_healed":0,"gold_gain":100,"player_choice":"Pray","damage_taken":0,"max_hp_gain":0,"max_hp_loss":0,"event_name":"Golden Shrine","floor":48,"gold_loss":0}],"is_beta":false,"boss_relics":[{"not_picked":["Abe\u0027s Treasure","Ring of Chaos"],"picked":"Black Star"},{"not_picked":["Runic Pyramid","Replay:Grab Bag"],"picked":"WristBlade"}],"items_purged_floors":[12,44],"is_endless":false,"potions_floor_spawned":[5,7,14,16,21,22,30,37,39,40],"killed_by":"Shield and Spear","ascension_level":0}}