{"host":"sav7uxregyirlf69","time":1608136368,"event":{"mods":["AchievementEnabler","BaseMod","Colored Map","DeckTracker","Keyboard Shortcuts","Minty Spire (QoL Compilation)","READ ME - Guardian Mod","StSLib","SuperFastMode"],"gold_per_floor":[117,129,3,3,90,102,114,161,173,185,223,235,266,36,36,36,36],"floor_reached":16,"playtime":169,"items_purged":["Parasite","Strike_G"],"score":192,"play_id":"20bca808-113e-41b7-ba87-d68974d1b1f2","local_time":"20201217013248","is_ascension_mode":true,"campfire_choices":[{"floor":6,"key":"REST"},{"floor":10,"key":"REST"},{"floor":12,"key":"REST"},{"data":"Neutralize","floor":15,"key":"SMITH"}],"circlet_count":0,"master_deck":["AscendersBane","Strike_G","Strike_G","Strike_G","Strike_G+1","Defend_G","Defend_G","Defend_G","Defend_G","Defend_G","Survivor","Neutralize+1","Flechettes","Bouncing Flask","Dagger Throw","Heel Hook+1","Crippling Poison","Heel Hook+1","Dagger Spray+1"],"relics":["Ring of the Snake","Ginger","MawBank","Potion Belt","Molten Egg 2","Whetstone"],"acts_visited":["Exordium"],"potions_floor_usage":[],"damage_taken":[{"damage":3,"enemies":"Cultist","floor":1,"turns":4},{"damage":0,"enemies":"Small Slimes","floor":2,"turns":4},{"damage":24,"enemies":"Lagavulin","floor":8,"turns":8},{"damage":2,"enemies":"Jaw Worm","floor":13,"turns":4},{"damage":0,"enemies":"Slime Boss","floor":16,"turns":4}],"seed_played":"4974862692973085657","potions_obtained":[{"floor":13,"key":"Poison Potion"}],"is_trial":false,"path_per_floor":["M","M","$","?","?","R","?","E","T","R","T","R","M","$","R","B"],"character_chosen":"THE_SILENT","items_purchased":["Dagger Throw","Heel Hook+1","Dagger Spray+1"],"campfire_rested":3,"item_purchase_floors":[3,14,14],"current_hp_per_floor":[56,56,56,21,10,28,28,4,4,22,22,40,38,38,38,38,38],"gold":36,"neow_bonus":"ONE_RARE_RELIC","is_daily":false,"chose_seed":false,"campfire_upgraded":1,"win_rate":0.0,"timestamp":1608136368,"path_taken":["M","M","$","?","?","R","?","E","T","R","?","R","M","?","R","BOSS"],"items_purchased_type":["Card","Card","Card"],"build_version":"2020-12-13","purchased_purges":2,"victory":false,"max_hp_per_floor":[66,66,63,63,63,63,63,63,63,63,63,63,63,63,63,63,63],"card_choices":[{"not_picked":["Outmaneuver","Skewer"],"picked":"Flechettes","floor":1},{"not_picked":["Setup","Endless Agony"],"picked":"Bouncing Flask","floor":2},{"not_picked":["Sucker Punch","Accuracy"],"picked":"Heel Hook","floor":8},{"not_picked":["Caltrops","Backflip"],"picked":"Crippling Poison","floor":13}],"player_experience":924553,"relics_obtained":[{"floor":8,"key":"Potion Belt"},{"floor":9,"key":"Molten Egg 2"},{"floor":11,"key":"Whetstone"}],"event_choices":[{"damage_healed":0,"gold_gain":0,"player_choice":"Success","damage_taken":35,"relics_obtained":["MawBank"],"max_hp_gain":0,"max_hp_loss":0,"event_name":"Scrap Ooze","floor":4,"gold_loss":0},{"damage_healed":0,"gold_gain":75,"player_choice":"Gather Gold","damage_taken":11,"max_hp_gain":0,"max_hp_loss":0,"event_name":"World of Goop","floor":5,"gold_loss":0},{"damage_healed":0,"gold_gain":0,"player_choice":"Searched \u00270\u0027 times","damage_taken":0,"max_hp_gain":0,"max_hp_loss":0,"event_name":"Dead Adventurer","floor":7,"gold_loss":0}],"is_beta":false,"boss_relics":[],"items_purged_floors":[3,14],"is_endless":false,"potions_floor_spawned":[13],"killed_by":"Slime Boss","ascension_level":20}}