{"host":"mvw7i28zi3kj0eu9","time":1608105941,"event":{"mods":["AchievementEnabler","BaseMod","Better Third Choice","BetterRewards","Block Reminder","Conspire","Custom Start","Downfall","Energized Spire","Halation","Hermit","Hubris","Infinite Spire","Jorbs\u0027s Wanderer Trilogy","Minty Spire (QoL Compilation)","Replay The Spire","Shop Mod","Small Relic Pack","Spikes Relics","StSLib","The Blue Laboratory","The Necromancer","The Servant 0.9.4","Virulent Crown"],"gold_per_floor":[124,109,133,160,184,223,223,251,251,251,251,279,279,328,328,439,439,466,497,497,497,546,546,594,637,662,688,712,712,712,737,737,849,849,880,880,906,940,974,1015,1052,1094,1094,1094,1094,1128,1128,1156,1156,1172,1172],"floor_reached":50,"playtime":1484,"items_purged":["Strike_R","Strike_R","Defend_R","Strike_R"],"score":988,"play_id":"98ac6d53-4c8d-4bb0-affa-d9461e4e2bab","local_time":"20201216090541","is_ascension_mode":false,"campfire_choices":[{"data":"Body Slam","floor":7,"key":"SMITH"},{"data":"Defend_R","floor":13,"key":"SMITH"},{"data":"Defend_R+1","floor":15,"key":"SMITH"},{"data":"Defend_R+2","floor":23,"key":"SMITH"},{"data":"Defend_R+2","floor":29,"key":"SMITH"},{"data":"Defend_R+3","floor":32,"key":"SMITH"},{"data":"Defend_R+4","floor":44,"key":"SMITH"},{"data":"Defend_R+4","floor":49,"key":"SMITH"}],"circlet_count":0,"master_deck":["Strike_R+1","Strike_R","Defend_R","Defend_R+5","Defend_R+5","Bash","Body Slam+1","Body Slam+1","Entrench+1"],"relics":["Burning Blood","Orichalcum","Singing Bowl","Simple Rune","Akabeko","conspire:TreasureMap","Toxic Egg 2","Replay:Wax Seal","CeramicFish","Replay:Bandana","conspire:DeflatedDodgeball","Lantern","hubris:SlimyHat","Bag of Marbles","hubris:CuriousFeather","Calipers","Happy Flower","PreservedInsect","energizedSpire:OgreHead","halation:PrussianBluePaint","Shuriken","Smiling Mask","conspire:RunicOctahedron","Pantograph","Art of War","Quantum Egg","Black Star","conspire:TopHat"],"acts_visited":["Exordium","TheCity","TheBeyond"],"potions_floor_usage":[6,6,25,33,42,50,50],"damage_taken":[{"damage":1,"enemies":"Cultist","floor":1,"turns":3},{"damage":6,"enemies":"Jaw Worm","floor":4,"turns":2},{"damage":0,"enemies":"2 Louse","floor":5,"turns":4},{"damage":0,"enemies":"3 Sentries","floor":6,"turns":8},{"damage":0,"enemies":"Large Slime","floor":8,"turns":5},{"damage":0,"enemies":"Lots of Slimes","floor":12,"turns":5},{"damage":8,"enemies":"Gremlin Nob","floor":14,"turns":3},{"damage":15,"enemies":"The Guardian","floor":16,"turns":8},{"damage":0,"enemies":"Chosen","floor":18,"turns":2},{"damage":0,"enemies":"2 Thieves","floor":19,"turns":3},{"damage":2,"enemies":"Centurion and Healer","floor":22,"turns":6},{"damage":0,"enemies":"conspire:Head Lice","floor":24,"turns":4},{"damage":0,"enemies":"Chosen and Byrds","floor":25,"turns":3},{"damage":11,"enemies":"Snake Plant","floor":27,"turns":2},{"damage":0,"enemies":"Centurion and Healer","floor":28,"turns":3},{"damage":0,"enemies":"3 Cultists","floor":31,"turns":3},{"damage":0,"enemies":"Automaton","floor":33,"turns":5},{"damage":0,"enemies":"3 Darklings","floor":35,"turns":2},{"damage":0,"enemies":"3 Shapes","floor":37,"turns":3},{"damage":0,"enemies":"Jaw Worm Horde","floor":38,"turns":3},{"damage":0,"enemies":"4 Shapes","floor":39,"turns":4},{"damage":0,"enemies":"Nightmare","floor":40,"turns":2},{"damage":0,"enemies":"3 Darklings","floor":41,"turns":4},{"damage":0,"enemies":"R_Hoarder","floor":42,"turns":1},{"damage":0,"enemies":"Sphere and 2 Shapes","floor":46,"turns":3},{"damage":0,"enemies":"Jaw Worm Horde","floor":48,"turns":4},{"damage":164,"enemies":"hubris:GrandSnecko","floor":50,"turns":15}],"seed_played":"-1753773977222806971","potions_obtained":[{"floor":1,"key":"Weak Potion"},{"floor":3,"key":"EssenceOfSteel"},{"floor":3,"key":"blueLaboratory:ExaltedPotion"},{"floor":24,"key":"AttackPotion"},{"floor":25,"key":"SpeedPotion"},{"floor":27,"key":"BloodPotion"},{"floor":31,"key":"blueLaboratory:AbyssPotion"},{"floor":37,"key":"Adrenaline Potion"},{"floor":42,"key":"champ:CounterPotion"}],"is_trial":false,"path_per_floor":["M","$","?","M","M","E","R","M","T","?","?","M","R","E","R","B",null,"M","M","AVR","?","M","R","E","M","T","M","M","R","T","M","R","B",null,"M","?","M","M","M","NM","M","E","T","R","AVR","M","?","M","R","B"],"character_chosen":"IRONCLAD","items_purchased":["Orichalcum","Singing Bowl","Simple Rune","Akabeko","Body Slam","conspire:TreasureMap","Toxic Egg 2","Replay:Wax Seal","CeramicFish","Replay:Bandana","conspire:DeflatedDodgeball","Lantern","hubris:SlimyHat","Bag of Marbles","Body Slam"],"campfire_rested":0,"item_purchase_floors":[0,0,0,0,0,0,0,0,0,0,0,0,0,0,2],"current_hp_per_floor":[82,82,64,66,74,82,82,90,90,90,90,94,94,94,94,87,98,100,102,102,102,102,102,104,106,106,103,110,110,110,112,112,114,114,116,116,118,120,122,124,126,128,128,128,128,130,130,132,132,0,0],"gold":1172,"neow_bonus":"","is_daily":false,"chose_seed":false,"campfire_upgraded":8,"win_rate":0.0,"timestamp":1608105941,"path_taken":["M","?","?","M","M","E","R","M","T","?","?","M","R","E","R","BOSS","M","?","AVR","?","M","R","E","M","T","M","M","R","?","M","R","BOSS","M","?","M","?","M","NM","M","E","T","R","AVR","M","?","M","R","BOSS"],"items_purchased_type":["Relic","Relic","Relic","Relic","Card","Relic","Relic","Relic","Relic","Relic","Relic","Relic","Relic","Relic","Card"],"build_version":"2020-12-13","purchased_purges":4,"victory":false,"max_hp_per_floor":[82,82,84,86,88,90,90,92,92,92,92,94,94,96,96,98,98,100,102,102,102,102,102,104,106,106,108,110,110,110,112,112,114,114,116,116,118,120,122,124,126,128,128,128,128,130,130,132,132,132,132],"card_choices":[{"not_picked":["Perfected Strike","ReplayTheSpireMod:Strike From Hell","Rampage"],"picked":"Singing Bowl","floor":1},{"not_picked":["ReplayTheSpireMod:Corrosion Curse+1","Disarm+1","Blood for Blood"],"picked":"Singing Bowl","floor":3},{"not_picked":["Armaments+1","Iron Wave","Feed"],"picked":"Singing Bowl","floor":4},{"not_picked":["Armaments+1","Inflame","ReplayTheSpireMod:Strike From Hell"],"picked":"Singing Bowl","floor":5},{"not_picked":["Run Through","True Grit+1","infinitespire:OneForAll"],"picked":"Singing Bowl","floor":6},{"not_picked":["hubris:ReadiedAction+1","Warcry+1","conspire:HitWhereItHurts"],"picked":"Singing Bowl","floor":8},{"not_picked":["Life Link","ReplayTheSpireMod:Muscle Training+1","Burning Pact+1"],"picked":"Singing Bowl","floor":12},{"not_picked":["Searing Blow","Hemokinesis","Anger"],"picked":"Singing Bowl","floor":14},{"not_picked":["Limit Break+1","Immolate","Feed"],"picked":"Singing Bowl","floor":16},{"not_picked":["Replay:Undeath\u0027s Touch","Seeing Red+1","BarbarianYell+1"],"picked":"Singing Bowl","floor":18},{"not_picked":["Uppercut+1","Sword Boomerang+1","Seeing Red+1"],"picked":"Singing Bowl","floor":19},{"not_picked":["Seeing Red+1","ReplayTheSpireMod:Strike From Hell+1"],"picked":"Entrench+1","floor":22},{"not_picked":["Headbutt","Feel No Pain","True Grit+1"],"picked":"Singing Bowl","floor":24},{"not_picked":["conspire:Charge","Cleave+1","hubris:SharpeningStone+1"],"picked":"Singing Bowl","floor":25},{"not_picked":["Clash","Feel No Pain","Power Through+1"],"picked":"Singing Bowl","floor":27},{"not_picked":["Headbutt+1","Clothesline","Sword Boomerang"],"picked":"Singing Bowl","floor":28},{"not_picked":["ReplayTheSpireMod:Strike From Hell","Pommel Strike+1","Flex+1"],"picked":"Singing Bowl","floor":31},{"not_picked":["Berserk","Double Tap+1","Immolate"],"picked":"Singing Bowl","floor":33},{"not_picked":["Clothesline","Iron Wave","True Grit+1"],"picked":"Singing Bowl","floor":35},{"not_picked":["Intimidate+1","True Grit+1","Combust"],"picked":"Singing Bowl","floor":37},{"not_picked":["Heavy Blade+1","Body Slam+1","Perfected Strike+1"],"picked":"Singing Bowl","floor":38},{"not_picked":["Battle Trance+1","Sword Boomerang+1","Run Through"],"picked":"Singing Bowl","floor":39},{"not_picked":["Fiend Fire","Iron Wave+1","Replay:Undeath\u0027s Touch"],"picked":"Singing Bowl","floor":40},{"not_picked":["Body Slam+1","Havoc+1","Cleave"],"picked":"Singing Bowl","floor":41},{"not_picked":["Warcry+1","Dual Wield+1","Fiend Fire"],"picked":"Singing Bowl","floor":42},{"not_picked":["Rupture","Shockwave+1","Anger"],"picked":"Singing Bowl","floor":46},{"not_picked":["ReplayTheSpireMod:LeadingStrike+1","Pummel","BarbarianYell+1"],"picked":"Singing Bowl","floor":48}],"player_experience":868143,"relics_obtained":[{"floor":6,"key":"hubris:CuriousFeather"},{"floor":9,"key":"Calipers"},{"floor":14,"key":"PreservedInsect"},{"floor":24,"key":"Shuriken"},{"floor":26,"key":"Smiling Mask"},{"floor":40,"key":"Pantograph"},{"floor":42,"key":"Art of War"},{"floor":43,"key":"Quantum Egg"}],"event_choices":[{"damage_healed":0,"gold_gain":0,"player_choice":"Gave Potion","damage_taken":0,"relics_obtained":["Happy Flower"],"max_hp_gain":0,"max_hp_loss":0,"event_name":"WeMeetAgain","floor":11,"gold_loss":0},{"damage_healed":0,"gold_gain":0,"player_choice":"Forge","damage_taken":0,"max_hp_gain":0,"max_hp_loss":0,"event_name":"Accursed Blacksmith","floor":36,"gold_loss":0,"cards_upgraded":["Defend_R"]},{"damage_healed":0,"gold_gain":0,"player_choice":"Ignored","damage_taken":0,"max_hp_gain":0,"max_hp_loss":0,"event_name":"betterThird:BetterPortal","floor":47,"gold_loss":0}],"is_beta":false,"boss_relics":[{"not_picked":["Honey Jar","Ring of Chaos"],"picked":"energizedSpire:OgreHead"},{"not_picked":["HailfireSword","hubris:BlackHole"],"picked":"conspire:RunicOctahedron"}],"items_purged_floors":[0,0,20,45],"is_endless":true,"potions_floor_spawned":[1,4,16,24,25,27,31,37,39,40,42,48],"killed_by":"hubris:GrandSnecko","ascension_level":0}}