{"host":"4pmzrw6j7p9u06vv","time":1608091370,"event":{"mods":["BaseMod","BetterRewards","Downfall","MarisaÅiñ∂âJÅ@ñÇóùçπÅj","Minty Spire (QoL Compilation)","Replay The Spire","StSLib","The Disciple","The Jungle"],"gold_per_floor":[118,293,293,313,288,322,333,333,333,345,345,345,379,398,398,398,398],"floor_reached":16,"playtime":556,"items_purged":[],"score":160,"play_id":"cf881eb9-a1fa-4dc2-81ab-5e1bcde9cc74","local_time":"20201216010250","is_ascension_mode":false,"campfire_choices":[{"floor":8,"key":"REST"},{"data":"Defend_B+1","floor":11,"key":"SMITH"},{"floor":15,"key":"REST"}],"circlet_count":0,"master_deck":["Strike_B+1","Strike_B","Strike_B","Strike_B","Defend_B","Defend_B+2","Defend_B","Defend_B","Zap+1","Dualcast","FIFO Queue","Doubt","Chill"],"relics":["Cracked Core","Simple Rune","HornCleat","CultistMask","Quantum Egg","Snack Pack","Toy Ornithopter"],"acts_visited":["Exordium"],"potions_floor_usage":[6,16,16],"damage_taken":[{"damage":0,"enemies":"Jaw Worm","floor":1,"turns":4},{"damage":7,"enemies":"Small Slimes","floor":4,"turns":4},{"damage":30,"enemies":"3 Sentries","floor":6,"turns":8},{"damage":0,"enemies":"Cultist","floor":7,"turns":4},{"damage":0,"enemies":"Looter","floor":10,"turns":4},{"damage":29,"enemies":"Lagavulin","floor":13,"turns":8},{"damage":5,"enemies":"2 Fungi Beasts","floor":14,"turns":4},{"damage":53,"enemies":"Slime Boss","floor":16,"turns":7}],"seed_played":"8727040329806705037","potions_obtained":[{"floor":1,"key":"Reflective Coating"},{"floor":13,"key":"Venom Potion"},{"floor":14,"key":"champ:CounterPotion"}],"is_trial":false,"path_per_floor":["M","?","?","M","?","E","M","R","T","M","R","?","E","M","R","B"],"character_chosen":"DEFECT","items_purchased":["Simple Rune","HornCleat"],"campfire_rested":2,"item_purchase_floors":[0,0],"current_hp_per_floor":[62,62,62,55,55,25,25,47,47,47,47,47,18,13,35,0,0],"gold":398,"neow_bonus":"","is_daily":false,"chose_seed":false,"campfire_upgraded":1,"win_rate":0.0,"timestamp":1608091370,"path_taken":["M","?","?","?","?","E","M","R","T","M","R","?","E","M","R","BOSS"],"items_purchased_type":["Relic","Relic"],"build_version":"2020-12-13","purchased_purges":0,"victory":false,"max_hp_per_floor":[75,75,75,75,75,75,75,75,75,75,75,75,75,75,75,75,75],"card_choices":[{"not_picked":["Panic Button","Stack"],"picked":"FIFO Queue","floor":1},{"not_picked":["Compile Driver","Leap","Conserve Battery"],"picked":"SKIP","floor":4},{"not_picked":["Reprogram","Auto Shields","Hologram"],"picked":"SKIP","floor":6},{"not_picked":["Ball Lightning","Reprogram","Redo"],"picked":"SKIP","floor":7},{"not_picked":["Lockon","Barrage","Storm"],"picked":"SKIP","floor":10},{"not_picked":["Stack","ReplayTheSpireMod:GoodbyeWorld"],"picked":"Chill","floor":13},{"not_picked":["Aggregate","Beam Cell","Streamline"],"picked":"SKIP","floor":14}],"player_experience":31264,"relics_obtained":[{"floor":6,"key":"Quantum Egg"},{"floor":9,"key":"Snack Pack"},{"floor":13,"key":"Toy Ornithopter"}],"event_choices":[{"damage_healed":0,"gold_gain":175,"player_choice":"AGREE","damage_taken":0,"max_hp_gain":0,"max_hp_loss":0,"event_name":"Liars Game","floor":2,"gold_loss":0,"cards_obtained":["Doubt"]},{"damage_healed":0,"gold_gain":0,"player_choice":"Trade","damage_taken":0,"relics_obtained":["CultistMask"],"max_hp_gain":0,"max_hp_loss":0,"event_name":"FaceTrader","floor":3,"gold_loss":0},{"damage_healed":0,"gold_gain":0,"player_choice":"Left Gold","damage_taken":0,"max_hp_gain":0,"max_hp_loss":0,"event_name":"World of Goop","floor":5,"gold_loss":25}],"is_beta":false,"boss_relics":[],"items_purged_floors":[],"is_endless":false,"potions_floor_spawned":[1,13,14],"killed_by":"Slime Boss","ascension_level":0}}