{"host":"vi6th7e8dilnaeg0","time":1608148346,"event":{"mods":["BaseMod","Minty Spire (QoL Compilation)","Relic Stats","StSLib"],"gold_per_floor":[115,115,128,147,147,178,178,191,269,269,286,305,315,328,328,433,433,452,297,297,297,297,297,313,346,371,396,405,405,474,503,503,615,615,642,642,666,192,208,208,208,248,273,273,28,28,53,88,100,112],"floor_reached":51,"playtime":3828,"items_purged":["Strike_B","Decay"],"score":913,"play_id":"e66e76ce-314d-4e88-9d21-de7219f82359","local_time":"20201216205226","is_ascension_mode":true,"campfire_choices":[{"data":"Defragment","floor":7.0,"key":"SMITH"},{"data":"Zap","floor":10.0,"key":"SMITH"},{"floor":15.0,"key":"REST"},{"data":"Seek","floor":23.0,"key":"SMITH"},{"floor":29.0,"key":"REST"},{"floor":32.0,"key":"REST"},{"floor":40,"key":"REST"},{"data":"Deep Breath","floor":44,"key":"SMITH"},{"data":"Hologram","floor":46,"key":"SMITH"},{"data":"Dualcast","floor":49,"key":"SMITH"}],"circlet_count":0,"master_deck":["Defend_B","Defend_B","Defend_B","Zap+1","Dualcast+1","Scrape","Beam Cell","Defragment+1","Core Surge","Gash","Ball Lightning","Leap","Streamline","Seek+1","Cold Snap+1","Skim","Conserve Battery","Go for the Eyes","Gash","Beam Cell+1","Hologram+1","Streamline+1","Buffer+1","Go for the Eyes","Sweeping Beam","Deep Breath+1","Chill+1","Defragment+1"],"relics":["Cracked Core","NeowsBlessing","FossilizedHelix","Symbiotic Virus","Empty Cage","Tiny Chest","CeramicFish","Frozen Egg 2","Runic Pyramid","Regal Pillow","Sling","Mummified Hand","Boot","Strawberry","Ornamental Fan","MawBank"],"acts_visited":["Exordium","TheCity","TheBeyond"],"potions_floor_usage":[42,50,50,50],"damage_taken":[{"damage":0.0,"enemies":"Small Slimes","floor":1.0,"turns":1.0},{"damage":0.0,"enemies":"Cultist","floor":3.0,"turns":1.0},{"damage":0.0,"enemies":"2 Louse","floor":4.0,"turns":1.0},{"damage":33.0,"enemies":"Lagavulin","floor":6.0,"turns":8.0},{"damage":0.0,"enemies":"2 Fungi Beasts","floor":8.0,"turns":2.0},{"damage":7.0,"enemies":"Large Slime","floor":11.0,"turns":4.0},{"damage":0.0,"enemies":"3 Louse","floor":12.0,"turns":1.0},{"damage":0.0,"enemies":"Looter","floor":13.0,"turns":3.0},{"damage":0.0,"enemies":"2 Fungi Beasts","floor":14.0,"turns":3.0},{"damage":28.0,"enemies":"The Guardian","floor":16.0,"turns":7.0},{"damage":0.0,"enemies":"Chosen","floor":18.0,"turns":3.0},{"damage":12.0,"enemies":"3 Byrds","floor":24.0,"turns":5.0},{"damage":33.0,"enemies":"Gremlin Leader","floor":25.0,"turns":7.0},{"damage":12.0,"enemies":"Snake Plant","floor":27.0,"turns":4.0},{"damage":0.0,"enemies":"Chosen and Byrds","floor":31.0,"turns":5.0},{"damage":41.0,"enemies":"Champ","floor":33.0,"turns":10.0},{"damage":13.0,"enemies":"3 Shapes","floor":35.0,"turns":5.0},{"damage":21.0,"enemies":"3 Darklings","floor":37.0,"turns":5.0},{"damage":0,"enemies":"Sphere and 2 Shapes","floor":39,"turns":3},{"damage":22,"enemies":"Reptomancer","floor":42,"turns":7},{"damage":0,"enemies":"Nemesis","floor":47,"turns":5},{"damage":0,"enemies":"Maw","floor":48,"turns":7},{"damage":34,"enemies":"Donu and Deca","floor":50,"turns":10}],"seed_played":"-1644109587320265926","potions_obtained":[{"floor":1.0,"key":"SmokeBomb"},{"floor":6.0,"key":"Strength Potion"},{"floor":8.0,"key":"Explosive Potion"},{"floor":13.0,"key":"PowerPotion"},{"floor":16.0,"key":"Block Potion"},{"floor":27.0,"key":"FearPotion"},{"floor":33.0,"key":"FearPotion"},{"floor":35.0,"key":"SpeedPotion"},{"floor":39,"key":"AttackPotion"},{"floor":42,"key":"GamblersBrew"}],"is_trial":false,"path_per_floor":["M","?","M","M","?","E","R","M","T","R","M","M","M","M","R","B",null,"M","$","?","?","?","R","M","E","T","M","?","R","T","M","R","B",null,"M","?","M","$","M","R","T","E","T","R","$","R","E","M","R","B",null],"character_chosen":"DEFECT","items_purchased":["Skim","Regal Pillow","Sling","Deep Breath","Ornamental Fan"],"campfire_rested":4,"item_purchase_floors":[19,38,38,38,45],"current_hp_per_floor":[68,61,61,61,66,33,33,33,33,33,26,26,26,26,50,22,66,66,66,66,66,66,66,54,21,21,9,9,33,33,33,57,16,64,51,51,30,30,30,69,69,47,54,54,54,54,54,54,54,20],"gold":124,"neow_bonus":"THREE_ENEMY_KILL","is_daily":false,"chose_seed":false,"campfire_upgraded":6,"win_rate":0.0,"timestamp":1608148346,"path_taken":["M","?","?","M","?","E","R","M","T","R","M","M","M","M","R","BOSS","M","$","?","?","?","R","M","E","T","M","?","R","?","M","R","BOSS","M","?","M","$","M","R","?","E","T","R","$","R","E","M","R","BOSS"],"items_purchased_type":["Card","Relic","Relic","Card","Relic"],"build_version":"2020-12-13","purchased_purges":2,"victory":true,"max_hp_per_floor":[75,75,75,75,80,80,80,80,80,80,80,80,80,80,80,80,80,80,80,80,80,80,80,80,80,80,80,80,80,80,80,80,80,80,80,80,80,80,80,80,80,80,87,87,87,87,87,87,87,87],"relic_stats":{"Regal Pillow":15,"counters":[23,107],"Mummified Hand":[10],"Ornamental Fan":[60],"CeramicFish":81,"Tiny Chest":1,"Boot":[15],"MawBank":48,"obtain_stats":[{"Regal Pillow":38,"NeowsBlessing":0,"CeramicFish":26,"Frozen Egg 2":30,"Empty Cage":17,"Sling":38,"Boot":42,"MawBank":47,"Mummified Hand":41,"Ornamental Fan":45,"Strawberry":43,"Tiny Chest":25,"Cracked Core":0,"Symbiotic Virus":9,"FossilizedHelix":6,"Runic Pyramid":34},{"Regal Pillow":18,"NeowsBlessing":0,"CeramicFish":13,"Frozen Egg 2":14,"Empty Cage":10,"Sling":18,"Boot":20,"MawBank":21,"Mummified Hand":19,"Ornamental Fan":20,"Strawberry":20,"Tiny Chest":13,"Cracked Core":0,"Symbiotic Virus":5,"FossilizedHelix":4,"Runic Pyramid":16},{"Regal Pillow":75,"NeowsBlessing":0,"CeramicFish":46,"Frozen Egg 2":50,"Empty Cage":31,"Sling":75,"Boot":85,"MawBank":90,"Mummified Hand":78,"Ornamental Fan":85,"Strawberry":85,"Tiny Chest":46,"Cracked Core":0,"Symbiotic Virus":13,"FossilizedHelix":11,"Runic Pyramid":65}]},"card_choices":[{"not_picked":["Double Energy","Static Discharge"],"picked":"Scrape","floor":1.0},{"not_picked":["Tempest","Sweeping Beam"],"picked":"Beam Cell","floor":3.0},{"not_picked":["Tempest","Stack"],"picked":"Defragment","floor":4.0},{"not_picked":["Barrage","Coolheaded"],"picked":"Core Surge","floor":6.0},{"not_picked":["Sweeping Beam","Rebound"],"picked":"Gash","floor":8.0},{"not_picked":["Rebound","Redo"],"picked":"Ball Lightning","floor":11.0},{"not_picked":["Sweeping Beam","Scrape"],"picked":"Leap","floor":12.0},{"not_picked":["Turbo","Ball Lightning"],"picked":"Streamline","floor":13.0},{"not_picked":["Genetic Algorithm","Recycle","Doom and Gloom"],"picked":"SKIP","floor":14.0},{"not_picked":["Creative AI","Thunder Strike"],"picked":"Seek","floor":16.0},{"not_picked":["Rebound+1","White Noise"],"picked":"Cold Snap+1","floor":18.0},{"not_picked":["Stack","Heatsinks"],"picked":"Gash","floor":24.0},{"not_picked":["Barrage","Melter"],"picked":"Beam Cell+1","floor":25.0},{"not_picked":["Coolheaded","Turbo+1"],"picked":"Hologram","floor":27.0},{"not_picked":["Cold Snap","Electrodynamics+1"],"picked":"Streamline+1","floor":31.0},{"not_picked":["Thunder Strike","Creative AI+1"],"picked":"Buffer+1","floor":33.0},{"not_picked":["Conserve Battery+1","Compile Driver+1"],"picked":"Go for the Eyes","floor":35.0},{"not_picked":["Compile Driver+1","Reprogram+1"],"picked":"Sweeping Beam","floor":37.0},{"not_picked":["Cold Snap+1","Barrage","Beam Cell+1"],"picked":"SKIP","floor":39},{"not_picked":["Darkness+1","Rip and Tear+1"],"picked":"Chill+1","floor":42},{"not_picked":["Storm+1","Doom and Gloom+1","Streamline"],"picked":"SKIP","floor":47},{"not_picked":["Auto Shields","Static Discharge+1"],"picked":"Defragment+1","floor":48}],"player_experience":607648,"relics_obtained":[{"floor":6.0,"key":"FossilizedHelix"},{"floor":9.0,"key":"Symbiotic Virus"},{"floor":25.0,"key":"Tiny Chest"},{"floor":26.0,"key":"CeramicFish"},{"floor":30.0,"key":"Frozen Egg 2"},{"floor":41,"key":"Mummified Hand"},{"floor":42,"key":"Boot"},{"floor":43,"key":"Strawberry"},{"floor":47,"key":"MawBank"}],"event_choices":[{"damage_healed":0.0,"max_hp_gain":0.0,"max_hp_loss":0.0,"gold_gain":0.0,"event_name":"Wheel of Change","player_choice":"Damaged","floor":2.0,"gold_loss":0.0,"damage_taken":7.0},{"damage_healed":0.0,"max_hp_gain":5.0,"max_hp_loss":0.0,"gold_gain":0.0,"event_name":"Big Fish","player_choice":"Donut","floor":5.0,"gold_loss":0.0,"damage_taken":0.0},{"damage_healed":0.0,"max_hp_gain":0.0,"max_hp_loss":0.0,"gold_gain":0.0,"cards_transformed":["Strike_B","Defend_B"],"event_name":"Drug Dealer","player_choice":"Became Test Subject","floor":20.0,"gold_loss":0.0,"damage_taken":0.0,"cards_obtained":["Static Discharge","Conserve Battery"]},{"damage_healed":0.0,"max_hp_gain":0.0,"max_hp_loss":0.0,"gold_gain":0.0,"event_name":"The Library","player_choice":"Read","floor":21.0,"gold_loss":0.0,"damage_taken":0.0,"cards_obtained":["Go for the Eyes"]},{"damage_healed":0.0,"max_hp_gain":0.0,"max_hp_loss":0.0,"gold_gain":0.0,"event_name":"Vampires","player_choice":"Ignored","floor":22.0,"gold_loss":0.0,"damage_taken":0.0},{"damage_healed":0.0,"max_hp_gain":0.0,"max_hp_loss":0.0,"gold_gain":0.0,"event_name":"Forgotten Altar","player_choice":"Smashed Altar","floor":28.0,"gold_loss":0.0,"damage_taken":0.0,"cards_obtained":["Decay"]},{"cards_removed":["Static Discharge"],"damage_healed":0.0,"max_hp_gain":0.0,"max_hp_loss":0.0,"gold_gain":0.0,"event_name":"Falling","player_choice":"Removed Power","floor":36.0,"gold_loss":0.0,"damage_taken":0.0}],"is_beta":false,"boss_relics":[{"not_picked":["Coffee Dripper","Tiny House"],"picked":"Empty Cage"},{"not_picked":["Inserter","Fusion Hammer"],"picked":"Runic Pyramid"}],"items_purged_floors":[19,38],"is_endless":false,"potions_floor_spawned":[1,6,8,13,16,18,27,33,35,39,42],"ascension_level":6}}