{"host":"4qkvkh7pd9qr2mca","time":1608157895,"event":{"mods":["AchievementEnabler","BaseMod","Colored Map","Colored Powertips","Highlight Path","Minty Spire (QoL Compilation)","Permanent Neow","Quick Restart","StSLib","SuperFastMode"],"gold_per_floor":[115,115,126,144,144,144,170,170,218,228,244,276,276,125,125,196,196,216,216,233,75,75,75,104,104,104,104,122,81,96,110,110,187,187,204,222,240,254,254,288,288,288,288,319,194,208,225,31,31,31,31],"floor_reached":52,"playtime":2383,"items_purged":["Strike_R","Strike_R","Strike_R"],"score":1959,"play_id":"7da9afac-09a1-4fe4-b5ca-11d0c4943a5e","local_time":"20201216233135","is_ascension_mode":true,"campfire_choices":[{"data":"Feed","floor":6.0,"key":"SMITH"},{"floor":8.0,"key":"REST"},{"data":"Armaments","floor":13.0,"key":"SMITH"},{"floor":15.0,"key":"REST"},{"data":"Rupture","floor":23.0,"key":"SMITH"},{"data":"True Grit","floor":25.0,"key":"SMITH"},{"data":"Dual Wield","floor":27.0,"key":"SMITH"},{"data":"Uppercut","floor":32.0,"key":"SMITH"},{"data":"Brutality","floor":42.0,"key":"SMITH"},{"data":"Heavy Blade","floor":49,"key":"SMITH"}],"circlet_count":0,"master_deck":["AscendersBane","Strike_R","Strike_R","Defend_R","Defend_R","Defend_R","Defend_R","Bash","Feed+1","Thunderclap","Dual Wield+1","Feel No Pain","Wild Strike","Armaments+1","Hemokinesis","Impervious","Rupture+1","Reaper","Rage","J.A.X.","Spot Weakness","True Grit+1","Shame","Headbutt+1","Inflame+1","Uppercut+1","Flame Barrier","Battle Trance","Brutality+1","True Grit+1","Battle Trance+1","Parasite","Combust","Fiend Fire","Discovery","Heavy Blade+1","Shrug It Off","Sword Boomerang","Juggernaut"],"relics":["Burning Blood","Bronze Scales","Magic Flower","Pen Nib","Ornamental Fan","Coffee Dripper","MealTicket","Lantern","Paper Frog","SlaversCollar","Blue Candle","Thread and Needle","PreservedInsect","Gremlin Horn"],"acts_visited":["Exordium","TheCity","TheBeyond"],"potions_floor_usage":[50,51,51,51],"damage_taken":[{"damage":9.0,"enemies":"Small Slimes","floor":1.0,"turns":4.0},{"damage":10.0,"enemies":"2 Louse","floor":3.0,"turns":3.0},{"damage":7.0,"enemies":"Cultist","floor":4.0,"turns":4.0},{"damage":14.0,"enemies":"3 Sentries","floor":7.0,"turns":10.0},{"damage":29.0,"enemies":"Exordium Thugs","floor":10.0,"turns":5.0},{"damage":5.0,"enemies":"Red Slaver","floor":11.0,"turns":3.0},{"damage":33.0,"enemies":"Gremlin Nob","floor":12.0,"turns":4.0},{"damage":39.0,"enemies":"The Guardian","floor":16.0,"turns":9.0},{"damage":23.0,"enemies":"Spheric Guardian","floor":18.0,"turns":4.0},{"damage":7.0,"enemies":"3 Byrds","floor":20.0,"turns":4.0},{"damage":53.0,"enemies":"Gremlin Leader","floor":24.0,"turns":7.0},{"damage":24.0,"enemies":"Shelled Parasite and Fungi","floor":28.0,"turns":5.0},{"damage":9.0,"enemies":"Snake Plant","floor":30.0,"turns":1.0},{"damage":25.0,"enemies":"Cultist and Chosen","floor":31.0,"turns":5.0},{"damage":90.0,"enemies":"Collector","floor":33.0,"turns":8.0},{"damage":5.0,"enemies":"Orb Walker","floor":35.0,"turns":2.0},{"damage":84.0,"enemies":"3 Darklings","floor":36.0,"turns":6.0},{"damage":77.0,"enemies":"Jaw Worm Horde","floor":37.0,"turns":6.0},{"damage":35.0,"enemies":"Writhing Mass","floor":38.0,"turns":6.0},{"damage":47.0,"enemies":"Reptomancer","floor":40.0,"turns":5.0},{"damage":40,"enemies":"Giant Head","floor":44,"turns":6},{"damage":71,"enemies":"4 Shapes","floor":46,"turns":7},{"damage":63,"enemies":"Spire Growth","floor":47,"turns":6},{"damage":123,"enemies":"Awakened One","floor":50,"turns":9},{"damage":81,"enemies":"Donu and Deca","floor":51,"turns":7}],"seed_played":"4845112308372590146","potions_obtained":[{"floor":3.0,"key":"CultistPotion"},{"floor":4.0,"key":"Fruit Juice"},{"floor":5.0,"key":"BlessingOfTheForge"},{"floor":10.0,"key":"BlessingOfTheForge"},{"floor":18.0,"key":"Weak Potion"},{"floor":20.0,"key":"Regen Potion"},{"floor":24.0,"key":"PowerPotion"},{"floor":36.0,"key":"ElixirPotion"}],"is_trial":false,"path_per_floor":["M","?","M","M","?","R","E","R","T","M","M","E","R","$","R","B",null,"M","?","M","$","?","R","E","R","T","R","M","$","M","M","R","B",null,"M","M","M","M","T","E","?","R","T","E","$","M","M","$","R","B","B",null],"character_chosen":"IRONCLAD","items_purchased":["Rupture","True Grit","Uppercut","Juggernaut","EntropicBrew"],"campfire_rested":2,"item_purchase_floors":[14,21,29,48,48],"current_hp_per_floor":[50,32,31,35,35,35,31,58,58,38,48,30,30,30,59,29,81,67,67,81,81,81,81,97,97,97,97,100,110,110,100,100,93,112,122,98,81,99,99,105,105,105,105,127,134,134,119,134,134,122,103],"gold":31,"neow_bonus":"THREE_RARE_CARDS","is_daily":false,"chose_seed":false,"campfire_upgraded":8,"win_rate":0.0,"timestamp":1608157895,"path_taken":["M","?","M","M","?","R","E","R","T","?","M","E","R","?","R","BOSS","M","?","M","$","?","R","E","R","T","R","M","?","M","M","R","BOSS","M","M","M","M","?","E","?","R","T","E","$","M","M","$","R","BOSS","BOSS"],"items_purchased_type":["Card","Card","Card","Card","Potion"],"build_version":"2020-12-13","purchased_purges":3,"victory":true,"max_hp_per_floor":[78,78,81,86,86,86,90,90,90,90,94,98,98,98,98,98,98,98,98,102,102,102,102,106,106,106,106,110,110,110,114,114,118,118,122,126,130,130,130,134,134,134,134,134,134,134,134,134,134,134,134],"card_choices":[{"not_picked":["Limit Break","Reaper"],"picked":"Feed","floor":0.0},{"not_picked":["True Grit","Clothesline"],"picked":"Thunderclap","floor":1.0},{"not_picked":["Shrug It Off","Thunderclap"],"picked":"Dual Wield","floor":3.0},{"not_picked":["Dropkick","Cleave"],"picked":"Feel No Pain","floor":4.0},{"not_picked":["Clash","Entrench"],"picked":"Wild Strike","floor":7.0},{"not_picked":["Anger","Twin Strike"],"picked":"Armaments","floor":10.0},{"not_picked":["Headbutt","Fire Breathing"],"picked":"Hemokinesis","floor":11.0},{"not_picked":["Flex","Rage"],"picked":"Impervious","floor":12.0},{"not_picked":["Corruption","Limit Break"],"picked":"Reaper","floor":16.0},{"not_picked":["Havoc","Thunderclap"],"picked":"Rage","floor":18.0},{"not_picked":["Sever Soul+1","Body Slam"],"picked":"Spot Weakness","floor":20.0},{"not_picked":["Carnage","Wild Strike"],"picked":"Headbutt+1","floor":24.0},{"not_picked":["Cleave","Clash"],"picked":"Inflame+1","floor":28.0},{"not_picked":["Cleave","Body Slam+1"],"picked":"Flame Barrier","floor":30.0},{"not_picked":["Seeing Red","Warcry"],"picked":"Battle Trance","floor":31.0},{"not_picked":["Berserk","Fiend Fire"],"picked":"Brutality","floor":33.0},{"not_picked":["Clash","Warcry"],"picked":"True Grit+1","floor":35.0},{"not_picked":["Entrench","Havoc","Clothesline+1"],"picked":"SKIP","floor":36.0},{"not_picked":["True Grit","Shrug It Off"],"picked":"Battle Trance+1","floor":37.0},{"not_picked":["Shrug It Off+1","Blood for Blood+1"],"picked":"Combust","floor":38.0},{"not_picked":["Bloodletting","Ghostly Armor"],"picked":"Fiend Fire","floor":40.0},{"not_picked":["Finesse","Dramatic Entrance"],"picked":"Discovery","floor":41.0},{"not_picked":["Thunderclap+1","Sword Boomerang"],"picked":"Heavy Blade","floor":44},{"not_picked":["Armaments","Twin Strike+1"],"picked":"Shrug It Off","floor":46},{"not_picked":["Spot Weakness+1","Hemokinesis"],"picked":"Sword Boomerang","floor":47}],"player_experience":431909,"relics_obtained":[{"floor":7.0,"key":"Magic Flower"},{"floor":9.0,"key":"Pen Nib"},{"floor":12.0,"key":"Ornamental Fan"},{"floor":24.0,"key":"Lantern"},{"floor":26.0,"key":"Paper Frog"},{"floor":39.0,"key":"Blue Candle"},{"floor":40.0,"key":"Thread and Needle"},{"floor":43.0,"key":"PreservedInsect"},{"floor":44,"key":"Gremlin Horn"}],"event_choices":[{"damage_healed":0.0,"max_hp_gain":0.0,"max_hp_loss":0.0,"gold_gain":0.0,"event_name":"Scrap Ooze","player_choice":"Success","floor":2.0,"gold_loss":0.0,"damage_taken":18.0,"relics_obtained":["Bronze Scales"]},{"damage_healed":0.0,"max_hp_gain":0.0,"max_hp_loss":0.0,"gold_gain":0.0,"event_name":"Lab","player_choice":"Got Potions","floor":5.0,"gold_loss":0.0,"damage_taken":0.0},{"damage_healed":0.0,"max_hp_gain":0.0,"max_hp_loss":0.0,"gold_gain":0.0,"event_name":"Drug Dealer","player_choice":"Obtain J.A.X.","floor":19.0,"gold_loss":0.0,"damage_taken":0.0,"cards_obtained":["J.A.X."]},{"damage_healed":0.0,"max_hp_gain":0.0,"max_hp_loss":0.0,"gold_gain":0.0,"event_name":"Addict","player_choice":"Stole Relic","floor":22.0,"gold_loss":0.0,"damage_taken":0.0,"relics_obtained":["MealTicket"],"cards_obtained":["Shame"]},{"damage_healed":0.0,"max_hp_gain":0.0,"max_hp_loss":0.0,"gold_gain":0.0,"event_name":"SensoryStone","player_choice":"Memory 1","floor":41.0,"gold_loss":0.0,"damage_taken":0.0}],"is_beta":false,"boss_relics":[{"not_picked":["Calling Bell","Astrolabe"],"picked":"Coffee Dripper"},{"not_picked":["Fusion Hammer","Empty Cage"],"picked":"SlaversCollar"}],"items_purged_floors":[14,21,45],"is_endless":false,"potions_floor_spawned":[3,4,10,18,20,24,28,36,46],"ascension_level":20}}