{"host":"msfr2axb1w9025n0","time":1608128466,"event":{"mods":["BaseMod","Colored Map","DeckTracker","Minty Spire (QoL Compilation)"],"gold_per_floor":[13,30,30,40,40,40,75,93,163,196,213,233,259,276,276,376,376,391,22,22,38,54,54,54,84,84,95,128,139,139,155,155,250,250,264,284,39,56,73,98,98,98,98,116,144,23,23,41,41,41],"floor_reached":51,"playtime":2319,"items_purged":["Strike_B"],"score":1285,"play_id":"b3f2ad20-4380-4769-85f1-0301c533d590","local_time":"20201216212106","is_ascension_mode":true,"campfire_choices":[{"data":"Zap","floor":6.0,"key":"SMITH"},{"data":"Zap","floor":15.0,"key":"SMITH"},{"data":"Biased Cognition","floor":23.0,"key":"SMITH"},{"data":"Buffer","floor":30.0,"key":"SMITH"},{"floor":32.0,"key":"REST"},{"data":"Capacitor","floor":42.0,"key":"SMITH"},{"data":"White Noise","floor":47,"key":"SMITH"},{"data":"Reinforced Body","floor":49,"key":"SMITH"}],"circlet_count":0,"master_deck":["AscendersBane","Strike_B","Defend_B","Defend_B","Defend_B","Zap+1","Dualcast","Streamline","Ball Lightning","Zap+1","All For One","Conserve Battery","Reinforced Body+1","FTL","Sweeping Beam","Capacitor+1","Go for the Eyes","Biased Cognition+1","Capacitor","Chill","J.A.X.","Hologram+1","Chill","Buffer+1","Skim+1","Self Repair+1","Electrodynamics","Loop","White Noise+1","Blizzard+1","Streamline+1","Cold Snap+1"],"relics":["Cracked Core","FossilizedHelix","StoneCalendar","Cables","Anchor","Blue Candle","Philosopher\u0027s Stone","OrangePellets","Molten Egg 2","HornCleat","The Courier","Empty Cage","Membership Card","Kunai","Blood Vial","CaptainsWheel","Question Card","Runic Capacitor","Oddly Smooth Stone"],"acts_visited":["Exordium","TheCity","TheBeyond"],"potions_floor_usage":[50,50,50,50,50],"damage_taken":[{"damage":0.0,"enemies":"Jaw Worm","floor":1.0,"turns":3.0},{"damage":0.0,"enemies":"Cultist","floor":2.0,"turns":4.0},{"damage":0.0,"enemies":"Small Slimes","floor":4.0,"turns":2.0},{"damage":13.0,"enemies":"Lagavulin","floor":7.0,"turns":5.0},{"damage":9.0,"enemies":"3 Louse","floor":8.0,"turns":3.0},{"damage":13.0,"enemies":"3 Sentries","floor":10.0,"turns":6.0},{"damage":0.0,"enemies":"Gremlin Gang","floor":11.0,"turns":3.0},{"damage":0.0,"enemies":"Red Slaver","floor":12.0,"turns":2.0},{"damage":14.0,"enemies":"Gremlin Nob","floor":13.0,"turns":4.0},{"damage":0.0,"enemies":"Blue Slaver","floor":14.0,"turns":3.0},{"damage":0.0,"enemies":"Slime Boss","floor":16.0,"turns":6.0},{"damage":0.0,"enemies":"Spheric Guardian","floor":18.0,"turns":3.0},{"damage":12.0,"enemies":"Shell Parasite","floor":21.0,"turns":4.0},{"damage":0.0,"enemies":"Cultist and Chosen","floor":22.0,"turns":7.0},{"damage":37.0,"enemies":"Slavers","floor":25.0,"turns":4.0},{"damage":6.0,"enemies":"Shelled Parasite and Fungi","floor":27.0,"turns":4.0},{"damage":0.0,"enemies":"Book of Stabbing","floor":28.0,"turns":4.0},{"damage":0.0,"enemies":"Sentry and Sphere","floor":29.0,"turns":5.0},{"damage":0.0,"enemies":"Cultist and Chosen","floor":31.0,"turns":6.0},{"damage":16.0,"enemies":"Collector","floor":33.0,"turns":9.0},{"damage":0.0,"enemies":"Orb Walker","floor":35.0,"turns":5.0},{"damage":0.0,"enemies":"3 Shapes","floor":36.0,"turns":5.0},{"damage":3.0,"enemies":"3 Darklings","floor":38.0,"turns":6.0},{"damage":0.0,"enemies":"Sphere and 2 Shapes","floor":39.0,"turns":5.0},{"damage":29.0,"enemies":"Giant Head","floor":40.0,"turns":9.0},{"damage":3.0,"enemies":"Jaw Worm Horde","floor":44.0,"turns":4.0},{"damage":0.0,"enemies":"Reptomancer","floor":45.0,"turns":6.0},{"damage":0,"enemies":"Spire Growth","floor":48,"turns":5},{"damage":14,"enemies":"Time Eater","floor":50,"turns":12}],"seed_played":"1020564751487068711","potions_obtained":[{"floor":1.0,"key":"GamblersBrew"},{"floor":2.0,"key":"DistilledChaos"},{"floor":4.0,"key":"Strength Potion"},{"floor":12.0,"key":"Dexterity Potion"},{"floor":16.0,"key":"Fruit Juice"},{"floor":22.0,"key":"DistilledChaos"},{"floor":27.0,"key":"Block Potion"},{"floor":28.0,"key":"SteroidPotion"},{"floor":29.0,"key":"EntropicBrew"},{"floor":33.0,"key":"Ancient Potion"}],"is_trial":false,"path_per_floor":["M","M","?","M","$","R","E","M","T","E","M","M","E","M","R","B",null,"M","$","?","M","M","R","?","E","T","M","E","M","R","M","R","B",null,"M","M","$","M","M","E","?","R","T","M","E","$","R","M","R","B",null],"character_chosen":"DEFECT","items_purchased":["OrangePellets","Capacitor","Chill","Membership Card","Loop","Kunai","Runic Capacitor","Oddly Smooth Stone"],"campfire_rested":1,"item_purchase_floors":[19,19,19,37,37,37,46,46],"current_hp_per_floor":[68,68,68,68,68,68,55,46,46,33,33,33,19,19,19,24,66,66,66,66,54,54,54,54,17,17,11,11,11,11,21,45,39,70,80,80,80,80,80,61,61,61,61,70,80,80,80,80,80,80],"gold":41,"neow_bonus":"ONE_RARE_RELIC","is_daily":false,"chose_seed":false,"campfire_upgraded":7,"win_rate":0.0,"timestamp":1608128466,"path_taken":["M","M","?","M","?","R","E","M","T","E","M","?","E","M","R","BOSS","M","$","?","M","M","R","?","E","T","M","E","M","R","M","R","BOSS","M","M","$","M","M","E","?","R","T","M","E","$","R","M","R","BOSS"],"items_purchased_type":["Relic","Card","Card","Relic","Card","Relic","Relic","Relic"],"build_version":"2020-12-13","purchased_purges":1,"victory":true,"max_hp_per_floor":[75,75,75,75,75,75,75,75,75,75,75,75,75,75,75,80,80,80,80,80,80,80,80,80,80,80,80,80,80,80,80,80,80,80,80,80,80,80,80,80,80,80,80,80,80,80,80,80,80,80],"card_choices":[{"not_picked":["Barrage","Compile Driver"],"picked":"Streamline","floor":1.0},{"not_picked":["Leap","Loop"],"picked":"Ball Lightning","floor":2.0},{"not_picked":["Compile Driver","Ball Lightning"],"picked":"Conserve Battery","floor":4.0},{"not_picked":["Conserve Battery","Cold Snap","Ball Lightning"],"picked":"SKIP","floor":7.0},{"not_picked":["Tempest","Ball Lightning"],"picked":"Reinforced Body","floor":8.0},{"not_picked":["Conserve Battery","All For One"],"picked":"FTL","floor":10.0},{"not_picked":["Auto Shields","Hologram"],"picked":"Sweeping Beam","floor":11.0},{"not_picked":["Steam","Scrape"],"picked":"Capacitor","floor":12.0},{"not_picked":["Static Discharge","Stack","Barrage"],"picked":"SKIP","floor":13.0},{"not_picked":["Turbo","Streamline"],"picked":"Go for the Eyes","floor":14.0},{"not_picked":["Multi-Cast","Amplify"],"picked":"Biased Cognition","floor":16.0},{"not_picked":["Stack","Steam+1","Doom and Gloom+1"],"picked":"SKIP","floor":18.0},{"not_picked":["Genetic Algorithm+1","Hello World+1","Leap"],"picked":"SKIP","floor":21.0},{"not_picked":["Heatsinks+1","Blizzard"],"picked":"Hologram+1","floor":22.0},{"not_picked":["Rebound+1","Capacitor"],"picked":"Chill","floor":25.0},{"not_picked":["Double Energy+1","BootSequence"],"picked":"Buffer","floor":27.0},{"not_picked":["Beam Cell+1","Chill"],"picked":"Skim+1","floor":28.0},{"not_picked":["Ball Lightning+1","Recycle+1"],"picked":"Self Repair+1","floor":29.0},{"not_picked":["Hologram","Steam","Chill"],"picked":"SKIP","floor":31.0},{"not_picked":["Machine Learning","Hyperbeam+1"],"picked":"Electrodynamics","floor":33.0},{"not_picked":["Go for the Eyes+1","Sweeping Beam+1","Capacitor"],"picked":"SKIP","floor":35.0},{"not_picked":["Scrape+1","Cold Snap+1","Leap"],"picked":"SKIP","floor":36.0},{"not_picked":["Auto Shields","Reboot"],"picked":"White Noise","floor":38.0},{"not_picked":["Heatsinks+1","Compile Driver+1","Steam+1"],"picked":"SKIP","floor":39.0},{"not_picked":["Streamline+1","Coolheaded"],"picked":"Blizzard+1","floor":40.0},{"not_picked":["Turbo+1","Leap+1","Cold Snap+1"],"picked":"SKIP","floor":44.0},{"not_picked":["Turbo+1","Leap+1"],"picked":"Cold Snap+1","floor":44.0},{"not_picked":["Turbo+1","Cold Snap+1","BootSequence"],"picked":"SKIP","floor":45.0},{"not_picked":["Streamline+1","Reboot","Cold Snap+1","Recycle"],"picked":"SKIP","floor":48}],"player_experience":246392,"relics_obtained":[{"floor":7.0,"key":"StoneCalendar"},{"floor":9.0,"key":"Cables"},{"floor":10.0,"key":"Anchor"},{"floor":13.0,"key":"Blue Candle"},{"floor":25.0,"key":"Molten Egg 2"},{"floor":26.0,"key":"HornCleat"},{"floor":28.0,"key":"The Courier"},{"floor":40.0,"key":"Blood Vial"},{"floor":43.0,"key":"CaptainsWheel"},{"floor":45.0,"key":"Question Card"}],"event_choices":[{"damage_healed":0.0,"max_hp_gain":0.0,"max_hp_loss":0.0,"gold_gain":0.0,"event_name":"Match and Keep!","player_choice":"2 cards matched","floor":3.0,"gold_loss":0.0,"damage_taken":0.0,"cards_obtained":["Zap","All For One"]},{"damage_healed":0.0,"max_hp_gain":0.0,"max_hp_loss":0.0,"gold_gain":0.0,"event_name":"Drug Dealer","player_choice":"Obtain J.A.X.","floor":20.0,"gold_loss":0.0,"damage_taken":0.0,"cards_obtained":["J.A.X."]},{"damage_healed":0.0,"max_hp_gain":0.0,"max_hp_loss":0.0,"gold_gain":0.0,"event_name":"Ghosts","player_choice":"Ignored","floor":24.0,"gold_loss":0.0,"damage_taken":0.0},{"damage_healed":0.0,"max_hp_gain":0.0,"max_hp_loss":0.0,"gold_gain":0.0,"cards_transformed":["Defend_B"],"event_name":"Transmorgrifier","player_choice":"Transformed","floor":41.0,"gold_loss":0.0,"damage_taken":0.0,"cards_obtained":["Streamline"]}],"is_beta":false,"boss_relics":[{"not_picked":["Snecko Eye","Busted Crown"],"picked":"Philosopher\u0027s Stone"},{"not_picked":["Runic Dome","Fusion Hammer"],"picked":"Empty Cage"}],"items_purged_floors":[19],"is_endless":false,"potions_floor_spawned":[1,2,4,12,16,22,27,28,29,33,36,44,45],"ascension_level":10}}