{"host":"6qo42zgaknezulyg","time":1608078572,"event":{"mods":["2.2 Compatiblity","BaseMod","Keyboard Shortcuts","Minty Spire (QoL Compilation)","Permanent Neow","Quick Restart","StSLib","SuperFastMode","The Bug Knight"],"gold_per_floor":[115,40,40,55,70,70,70,87,87,87,121,135,35,68,68,167,167,180,194,207,218,218,250,250,107,132,132,142,115,115,131,131,232,232,248,296,308,322,38,38,71,19,19,38,38,88,39,54,54,54],"floor_reached":51,"playtime":3578,"items_purged":["HollowMod:NailStrikeStart","HollowMod:NailStrikeStart"],"score":757,"play_id":"83c2cbd0-aa43-4142-a2ad-a05f4e21a68e","local_time":"20201216092932","is_ascension_mode":false,"campfire_choices":[{"data":"HollowMod:GreatSlash","floor":6.0,"key":"SMITH"},{"data":"HollowMod:QuirrelsAssistance","floor":10.0,"key":"SMITH"},{"data":"HollowMod:FocusHealStart","floor":15.0,"key":"SMITH"},{"data":"HollowMod:HeavyBlow","floor":27.0,"key":"SMITH"},{"data":"HollowMod:NewGlowingWomb","floor":30.0,"key":"SMITH"},{"data":"HollowMod:CloakDash","floor":32.0,"key":"SMITH"},{"floor":40,"key":"REST"},{"data":"HollowMod:Weaversong","floor":49,"key":"SMITH"}],"circlet_count":0,"master_deck":["HollowMod:FocusHealStart+1","HollowMod:PogoStrike","HollowMod:GreatSlash+1","HollowMod:CloakDash+1","HollowMod:QuirrelsAssistance+1","HollowMod:HuntersJournal+1","HollowMod:DoubleDash+1","HollowMod:VoidDash+1","HollowMod:HeavyBlow+1","HollowMod:DoubleDash+1","HollowMod:NewInfectedGuardian+1","HollowMod:PureNailStrike","HollowMod:DungDefenderAura+1","HollowMod:MawleksShell+1","HollowMod:GoodIntentions+1","HollowMod:InfectedCysts+1","HollowMod:DoubleDash+1","HollowMod:GoodIntentions+1","HollowMod:NewGlowingWomb+1","HollowMod:TaintedHusks+1","HollowMod:LifebloodCore+1","HollowMod:DoubleDash+1","HollowMod:GoodIntentions+1","HollowMod:NewGlowingWomb+1","HollowMod:LifebloodCore+1","HollowMod:Weaversong+1","Injury","HollowMod:QuirrelsAssistance+1","HollowMod:DungDefenderAura+1"],"relics":["HollowMod:VesselMask","Bag of Marbles","Toxic Egg 2","Pen Nib","Thread and Needle","Pandora\u0027s Box","Enchiridion","Meat on the Bone","Matryoshka","HandDrill","Lantern","Vajra","Cursed Key","Unceasing Top","Art of War","Bottled Flame","HollowMod:KingsBrand","Molten Egg 2","Calipers"],"acts_visited":["TheBeyond"],"potions_floor_usage":[36,50,50,50],"damage_taken":[{"damage":1.0,"enemies":"Cultist","floor":1.0,"turns":3.0},{"damage":2.0,"enemies":"Small Slimes","floor":4.0,"turns":4.0},{"damage":1.0,"enemies":"Jaw Worm","floor":5.0,"turns":4.0},{"damage":0.0,"enemies":"3 Louse","floor":8.0,"turns":1.0},{"damage":0.0,"enemies":"HollowMod:MossKnight","floor":11.0,"turns":8.0},{"damage":0.0,"enemies":"Exordium Thugs","floor":12.0,"turns":2.0},{"damage":8.0,"enemies":"Lagavulin","floor":14.0,"turns":3.0},{"damage":2.0,"enemies":"The Guardian","floor":16.0,"turns":12.0},{"damage":0.0,"enemies":"Chosen","floor":18.0,"turns":4.0},{"damage":4.0,"enemies":"Spheric Guardian","floor":19.0,"turns":6.0},{"damage":3.0,"enemies":"Snecko","floor":20.0,"turns":6.0},{"damage":16.0,"enemies":"Shelled Parasite and Fungi","floor":21.0,"turns":5.0},{"damage":6.0,"enemies":"Book of Stabbing","floor":23.0,"turns":6.0},{"damage":0.0,"enemies":"Centurion and Healer","floor":28.0,"turns":12.0},{"damage":0.0,"enemies":"Sentry and Sphere","floor":31.0,"turns":3.0},{"damage":69.0,"enemies":"Automaton","floor":33.0,"turns":12.0},{"damage":0.0,"enemies":"Orb Walker","floor":35.0,"turns":5.0},{"damage":25,"enemies":"2 Orb Walkers","floor":36,"turns":4},{"damage":0,"enemies":"3 Darklings","floor":37,"turns":4},{"damage":0,"enemies":"Maw","floor":38,"turns":7},{"damage":0,"enemies":"HollowMod:StalkingDevout","floor":41,"turns":10},{"damage":19,"enemies":"HollowMod:SlobberingHusk","floor":44,"turns":8},{"damage":0,"enemies":"Mind Bloom Boss Battle","floor":46,"turns":7},{"damage":0,"enemies":"Transient","floor":48,"turns":5},{"damage":30,"enemies":"Time Eater","floor":50,"turns":16}],"seed_played":"3315367598205563640","potions_obtained":[{"floor":5.0,"key":"Ancient Potion"},{"floor":12.0,"key":"Fire Potion"},{"floor":14.0,"key":"Dexterity Potion"},{"floor":21.0,"key":"AttackPotion"},{"floor":23.0,"key":"DistilledChaos"},{"floor":33.0,"key":"Energy Potion"},{"floor":37,"key":"Regen Potion"}],"is_trial":false,"path_per_floor":["M","$","?","M","M","R","?","M","T","R","E","M","$","E","R","B",null,"M","M","M","M","?","E","T","$","T","R","M","$","R","M","R","B",null,"M","?","M","M","$","R","E","$","T","M","$","?","$","M","R","B",null],"character_chosen":"THE_BUGKNIGHT","items_purchased":["HandDrill","HollowMod:TaintedHusks+1","Art of War","HollowMod:LifebloodCore+1","PowerPotion","Strength Potion"],"campfire_rested":1,"item_purchase_floors":[25,29,39,39,42,47],"current_hp_per_floor":[81,81,81,82,81,81,69,69,69,69,75,75,75,67,67,71,82,82,82,79,69,53,53,53,53,53,53,59,59,59,65,65,20,82,82,57,57,63,63,82,82,82,82,68,68,78,78,82,82,62],"gold":54,"neow_bonus":"TEN_PERCENT_HP_BONUS","is_daily":false,"chose_seed":false,"campfire_upgraded":7,"win_rate":0.0,"timestamp":1608078572,"path_taken":["M","$","?","M","M","R","?","M","T","R","E","M","?","E","R","BOSS","M","M","M","M","?","E","?","$","T","R","M","?","R","?","R","BOSS","M","?","M","M","$","R","E","?","T","M","$","?","?","?","R","BOSS"],"items_purchased_type":["Relic","Card","Relic","Card","Potion","Potion"],"build_version":"2020-12-13","purchased_purges":2,"victory":true,"max_hp_per_floor":[82,82,82,82,82,82,82,82,82,82,82,82,82,82,82,82,82,82,82,82,82,82,82,82,82,82,82,82,82,82,82,82,82,82,82,82,82,82,82,82,82,82,82,82,82,82,82,82,82,82],"card_choices":[{"not_picked":["HollowMod:ChannelNail","HollowMod:DescendingDark"],"picked":"HollowMod:GreatSlash","floor":1.0},{"not_picked":["HollowMod:SoulStrike","HollowMod:DashSlash","HollowMod:SoulShaman"],"picked":"SKIP","floor":4.0},{"not_picked":["HollowMod:WraithStrike","HollowMod:NewJinnsSoul"],"picked":"HollowMod:CloakDash","floor":5.0},{"not_picked":["HollowMod:BaldurShell","HollowMod:GreatSlash"],"picked":"HollowMod:QuirrelsAssistance","floor":8.0},{"not_picked":["HollowMod:DreamGate+1","HollowMod:SoulMaster"],"picked":"HollowMod:HuntersJournal+1","floor":11.0},{"not_picked":["HollowMod:LifebloodCocoon+1","HollowMod:InfectedAttack"],"picked":"HollowMod:DoubleDash+1","floor":12.0},{"not_picked":["HollowMod:LifebloodCocoon+1","HollowMod:InfectedAttack","HollowMod:ChannelNail+1"],"picked":"SKIP","floor":14.0},{"not_picked":["HollowMod:NewInfectedGuardian+1","HollowMod:AwokenDreamNail"],"picked":"HollowMod:VoidDash+1","floor":16.0},{"not_picked":["HollowMod:DescendingDark+1","HollowMod:CornifersMapStart+1","HollowMod:VengefulVoid"],"picked":"SKIP","floor":18.0},{"not_picked":["HollowMod:NewJinnsSoul+1","HollowMod:HeavyBlow"],"picked":"HollowMod:GoodIntentions+1","floor":19.0},{"not_picked":["HollowMod:VengefulSpirit","HollowMod:InfectedAttack"],"picked":"HollowMod:InfectedCysts+1","floor":20.0},{"not_picked":["HollowMod:SoulMaster","HollowMod:WraithStrike"],"picked":"HollowMod:DoubleDash+1","floor":21.0},{"not_picked":["HollowMod:InfectedCysts+1","HollowMod:HeavyBlow"],"picked":"HollowMod:GoodIntentions+1","floor":23.0},{"not_picked":["HollowMod:CornifersMapStart+1","HollowMod:ShapeofUnn"],"picked":"HollowMod:NewGlowingWomb","floor":28.0},{"not_picked":["HollowMod:DashSlash","HollowMod:LifebloodCocoon+1","HollowMod:SharpenedShadows"],"picked":"SKIP","floor":31.0},{"not_picked":["HollowMod:SoulMaster","HollowMod:theNailsmith+1"],"picked":"HollowMod:LifebloodCore+1","floor":33.0},{"not_picked":["HollowMod:LifebloodCocoon+1","HollowMod:PureNailStrike"],"picked":"HollowMod:DoubleDash+1","floor":35.0},{"not_picked":["HollowMod:CycloneSlash+1","HollowMod:SoulSplash+1"],"picked":"HollowMod:GoodIntentions+1","floor":37},{"not_picked":["HollowMod:DashSlash+1","HollowMod:ShadowDash+1"],"picked":"HollowMod:NewGlowingWomb+1","floor":38},{"not_picked":["HollowMod:SoulStrike+1","HollowMod:Weaversong","HollowMod:DescendingDark+1"],"picked":"SKIP","floor":41},{"not_picked":["HollowMod:SoulStrike+1","HollowMod:DescendingDark+1"],"picked":"HollowMod:Weaversong","floor":41},{"not_picked":["HollowMod:AbyssShriek+1","HollowMod:HowlingWraiths+1"],"picked":"HollowMod:QuirrelsAssistance+1","floor":44},{"not_picked":["HollowMod:VengefulVoid+1","HollowMod:PureNailStrike+1"],"picked":"HollowMod:DungDefenderAura+1","floor":46},{"not_picked":["HollowMod:SoulSplash+1","HollowMod:VengefulVoid+1","HollowMod:PureNailStrike+1"],"picked":"SKIP","floor":48}],"player_experience":729833,"relics_obtained":[{"floor":9.0,"key":"Toxic Egg 2"},{"floor":11.0,"key":"Pen Nib"},{"floor":14.0,"key":"Thread and Needle"},{"floor":22.0,"key":"Enchiridion"},{"floor":23.0,"key":"Meat on the Bone"},{"floor":24.0,"key":"Matryoshka"},{"floor":26.0,"key":"Lantern"},{"floor":26.0,"key":"Vajra"},{"floor":36,"key":"Unceasing Top"},{"floor":41,"key":"Bottled Flame"},{"floor":43,"key":"HollowMod:KingsBrand"},{"floor":43,"key":"Molten Egg 2"},{"floor":46,"key":"Calipers"}],"event_choices":[{"damage_healed":0.0,"max_hp_gain":0.0,"max_hp_loss":0.0,"gold_gain":0.0,"event_name":"The Cleric","player_choice":"Leave","floor":3.0,"gold_loss":0.0,"damage_taken":0.0},{"damage_healed":0.0,"max_hp_gain":0.0,"max_hp_loss":0.0,"gold_gain":0.0,"event_name":"Scrap Ooze","player_choice":"Success","floor":7.0,"gold_loss":0.0,"damage_taken":12.0,"relics_obtained":["Bag of Marbles"]},{"damage_healed":0.0,"max_hp_gain":0.0,"max_hp_loss":0.0,"gold_gain":0.0,"event_name":"Cursed Tome","player_choice":"Obtained Book","floor":22.0,"gold_loss":0.0,"damage_taken":16.0},{"damage_healed":0,"gold_gain":0,"player_choice":"Fight","damage_taken":0,"max_hp_gain":0,"max_hp_loss":0,"event_name":"Mysterious Sphere","floor":36,"gold_loss":0},{"damage_healed":0,"gold_gain":0,"player_choice":"Fight","damage_taken":0,"max_hp_gain":0,"max_hp_loss":0,"event_name":"MindBloom","floor":46,"gold_loss":0}],"is_beta":false,"boss_relics":[{"not_picked":["Tiny House","Astrolabe"],"picked":"Pandora\u0027s Box"},{"not_picked":["Empty Cage","SlaversCollar"],"picked":"Cursed Key"}],"items_purged_floors":[2,13],"is_endless":false,"potions_floor_spawned":[5,12,14,21,23,31,33,37,38,44],"ascension_level":0}}