{"host":"kstmajdnxm8lto3o","time":1608156815,"event":{"mods":["Aspiration","BaseMod","Better Third Choice","BetterRewards","CCEM","Conspire","Downfall","Gremlin Skip","Highlight Path","Hubris","Minty Spire (QoL Compilation)","Replay The Spire","Shop Mod","Spicy Shops","StSLib"],"gold_per_floor":[119,135,153,214,214,248,262,287,312,330,330,343,378,9,9,108,108,122,122,122],"floor_reached":19,"playtime":1825,"items_purged":["Strike_G"],"score":198,"play_id":"97d56c52-7b65-49e9-9e6e-e7cb010a16fd","local_time":"20201216171335","is_ascension_mode":true,"campfire_choices":[{"floor":11,"key":"REST"},{"floor":15,"key":"REST"}],"circlet_count":0,"master_deck":["Strike_G","Strike_G","Strike_G","Strike_G","Defend_G","Defend_G","Defend_G","Defend_G","Defend_G","Survivor","Neutralize+1","ReplayTheSpireMod:Speed Training","Poisoned Stab","Tactician","PiercingWail","Deflect","Cloak And Dagger","Phantasmal Killer","Quick Slash","Noxious Fumes","ReplayTheSpireMod:From All Sides","Dash+1"],"relics":["Ring of the Snake","hubris:Reverence","CCEMRelics:Barrel","PreservedInsect","Oddly Smooth Stone","CCEMRelics:SpiritsEdge","Strange Spoon","Gambling Chip","Black Star"],"acts_visited":["Exordium","TheCity"],"potions_floor_usage":[7,18],"damage_taken":[{"damage":0,"enemies":"Cultist","floor":1,"turns":4},{"damage":0,"enemies":"Jaw Worm","floor":2,"turns":7},{"damage":0,"enemies":"conspire:RoseBush","floor":3,"turns":3},{"damage":9,"enemies":"Replay:BlueRogue","floor":6,"turns":10},{"damage":0,"enemies":"Looter","floor":7,"turns":3},{"damage":10,"enemies":"3 Sentries","floor":8,"turns":13},{"damage":14,"enemies":"Large Slime","floor":10,"turns":9},{"damage":0,"enemies":"3 Louse","floor":12,"turns":6},{"damage":14,"enemies":"Gremlin Nob","floor":13,"turns":3},{"damage":13,"enemies":"The Guardian","floor":16,"turns":13},{"damage":14,"enemies":"2 Thieves","floor":18,"turns":3},{"damage":8,"enemies":"Spheric Guardian","floor":19,"turns":4}],"seed_played":"-5482135752747008445","potions_obtained":[{"floor":1,"key":"sneckomod:MuddlingPotion"},{"floor":3,"key":"Adrenaline Potion"},{"floor":4,"key":"Strength Potion"},{"floor":4,"key":"Swift Potion"},{"floor":7,"key":"Slimebound:ThreeZeroPotion"},{"floor":18,"key":"SpeedPotion"}],"is_trial":false,"path_per_floor":["M","M","M","?","?","E","M","E","T","M","R","M","E","$","R","B",null,"M","M"],"character_chosen":"THE_SILENT","items_purchased":["CCEMRelics:SpiritsEdge","Strange Spoon","Gambling Chip"],"campfire_rested":2,"item_purchase_floors":[14,14,14],"current_hp_per_floor":[70,70,70,42,42,33,33,23,23,9,30,30,16,16,37,32,70,64,56,56],"gold":122,"neow_bonus":"UPGRADE_CARD","is_daily":false,"chose_seed":false,"campfire_upgraded":0,"win_rate":0.0,"timestamp":1608156815,"path_taken":["M","?","M","?","?","E","M","E","T","M","R","M","E","$","R","BOSS","M","M"],"items_purchased_type":["Relic","Relic","Relic"],"build_version":"2020-12-13","purchased_purges":1,"victory":false,"max_hp_per_floor":[70,70,70,70,70,70,70,70,70,70,70,70,70,70,70,70,70,70,70,70],"card_choices":[{"not_picked":["Slice","conspire:DoublingDagger"],"picked":"ReplayTheSpireMod:Speed Training","floor":1},{"not_picked":["Underhanded Strike","Slice"],"picked":"Poisoned Stab","floor":2},{"not_picked":["conspire:PoisonWeapons","Sucker Punch"],"picked":"Tactician","floor":3},{"not_picked":["Accuracy","Underhanded Strike"],"picked":"PiercingWail","floor":4},{"not_picked":["Reflex","Outmaneuver"],"picked":"Deflect","floor":6},{"not_picked":["Poisoned Stab","Dodge and Roll"],"picked":"Cloak And Dagger","floor":7},{"not_picked":["Acrobatics","Slice"],"picked":"Phantasmal Killer","floor":8},{"not_picked":["Slice","Riddle With Holes","ReplayTheSpireMod:Exploit Weakness"],"picked":"SKIP","floor":10},{"not_picked":["hubris:Sniper","Hidden Blade"],"picked":"Quick Slash","floor":12},{"not_picked":["Deadly Poison","Prepared"],"picked":"Noxious Fumes","floor":13},{"not_picked":["Wraith Form v2","Adrenaline"],"picked":"ReplayTheSpireMod:From All Sides","floor":16},{"not_picked":["conspire:DoublingDagger+1","ReplayTheSpireMod:Exploit Weakness"],"picked":"Dash+1","floor":18}],"player_experience":434900,"relics_obtained":[{"floor":6,"key":"hubris:Reverence"},{"floor":8,"key":"CCEMRelics:Barrel"},{"floor":9,"key":"PreservedInsect"},{"floor":13,"key":"Oddly Smooth Stone"}],"event_choices":[],"is_beta":false,"boss_relics":[{"not_picked":["Velvet Choker","Pandora\u0027s Box"],"picked":"Black Star"}],"items_purged_floors":[14],"is_endless":false,"potions_floor_spawned":[1,3,7,18],"killed_by":"Spheric Guardian","ascension_level":1}}