{"host":"tbhNathan","time":1608098081,"event":{"mods":["AchievementEnabler","BaseMod","Better Third Choice","Highlight Path","Minty Spire (QoL Compilation)","StSLib"],"gold_per_floor":[112,112,132,42,61,89,105,15,15,34,54,54,89,103,103,201,201,239,256,18,31,31,31,31,31,54,12,12,12,12,22,22,121,121,137,156,36,46,46,46,58,74,100,112,126,140,155,20,20,20,20],"floor_reached":50,"playtime":4454,"items_purged":["Shame"],"score":485,"play_id":"93c6abdf-dc6e-42fa-88c8-57a9c0f0357b","local_time":"20201216055441","is_ascension_mode":false,"campfire_choices":[{"floor":12.0,"key":"REST"},{"floor":15.0,"key":"REST"},{"data":"Judgement","floor":23.0,"key":"SMITH"},{"data":"Blind","floor":28.0,"key":"SMITH"},{"data":"Trip","floor":32.0,"key":"SMITH"},{"floor":40.0,"key":"REST"},{"data":"Apotheosis","floor":49.0,"key":"SMITH"}],"circlet_count":0,"master_deck":["Strike_P","Strike_P","Defend_P","Defend_P","Defend_P","Eruption","Vigilance","Consecrate","Worship","CutThroughFate","FollowUp","Worship","PathToVictory","Trip+1","EmptyBody","CutThroughFate","ThirdEye","FlyingSleeves","Judgement+1","CurseOfTheBell","FollowUp+1","Consecrate+1","Blind+1","Consecrate+1","PathToVictory","FlyingSleeves+1","Scrawl+1","Indignation+1","FlurryOfBlows+1","Weave","Parasite","TalkToTheHand","SashWhip","Evaluate+1","PathToVictory+1","Apotheosis+1"],"relics":["Empty Cage","Ancient Tea Set","FossilizedHelix","The Courier","Lantern","Calling Bell","Oddly Smooth Stone","Meat on the Bone","Bird Faced Urn","Pen Nib","Vajra","Strawberry","SlaversCollar","MealTicket"],"acts_visited":["Exordium","TheCity","TheBeyond"],"potions_floor_usage":[],"damage_taken":[{"damage":0.0,"enemies":"Cultist","floor":1.0,"turns":3.0},{"damage":3.0,"enemies":"Small Slimes","floor":3.0,"turns":6.0},{"damage":0.0,"enemies":"2 Louse","floor":5.0,"turns":2.0},{"damage":23.0,"enemies":"Lagavulin","floor":6.0,"turns":4.0},{"damage":0.0,"enemies":"Blue Slaver","floor":7.0,"turns":3.0},{"damage":0.0,"enemies":"Looter","floor":10.0,"turns":2.0},{"damage":0.0,"enemies":"Large Slime","floor":11.0,"turns":4.0},{"damage":14.0,"enemies":"3 Sentries","floor":13.0,"turns":7.0},{"damage":0.0,"enemies":"Exordium Thugs","floor":14.0,"turns":4.0},{"damage":38.0,"enemies":"Hexaghost","floor":16.0,"turns":7.0},{"damage":2.0,"enemies":"Chosen","floor":18.0,"turns":4.0},{"damage":15.0,"enemies":"Shell Parasite","floor":19.0,"turns":6.0},{"damage":18.0,"enemies":"3 Cultists","floor":21.0,"turns":5.0},{"damage":0.0,"enemies":"Centurion and Healer","floor":31.0,"turns":3.0},{"damage":25.0,"enemies":"Collector","floor":33.0,"turns":6.0},{"damage":16.0,"enemies":"3 Darklings","floor":35.0,"turns":4.0},{"damage":0.0,"enemies":"3 Shapes","floor":36.0,"turns":2.0},{"damage":16.0,"enemies":"Writhing Mass","floor":38.0,"turns":4.0},{"damage":0.0,"enemies":"3 Darklings","floor":41.0,"turns":2.0},{"damage":13.0,"enemies":"Jaw Worm Horde","floor":42.0,"turns":4.0},{"damage":0.0,"enemies":"Sphere and 2 Shapes","floor":44.0,"turns":3.0},{"damage":41.0,"enemies":"Spire Growth","floor":45.0,"turns":5.0},{"damage":0.0,"enemies":"4 Shapes","floor":46.0,"turns":3.0},{"damage":0.0,"enemies":"Jaw Worm Horde","floor":47.0,"turns":3.0},{"damage":66,"enemies":"Donu and Deca","floor":50,"turns":4}],"seed_played":"4853996996756062025","potions_obtained":[{"floor":3.0,"key":"DuplicationPotion"},{"floor":5.0,"key":"BlessingOfTheForge"},{"floor":13.0,"key":"AttackPotion"},{"floor":14.0,"key":"SkillPotion"},{"floor":16.0,"key":"ColorlessPotion"},{"floor":18.0,"key":"EssenceOfSteel"},{"floor":21.0,"key":"BottledMiracle"},{"floor":33.0,"key":"ColorlessPotion"},{"floor":36.0,"key":"FearPotion"},{"floor":38.0,"key":"BottledMiracle"},{"floor":41.0,"key":"Regen Potion"},{"floor":42.0,"key":"Explosive Potion"}],"is_trial":false,"path_per_floor":["M","?","M","?","M","E","M","$","T","M","M","R","E","M","R","B",null,"M","M","$","M","?","R","?","?","T","$","R","?","$","M","R","B",null,"M","M","$","M","?","R","M","M","T","M","M","M","M","$","R","B"],"character_chosen":"WATCHER","items_purchased":["Trip","Blind","Pen Nib","Strength Potion","PathToVictory","Weave","Apotheosis"],"campfire_rested":3,"item_purchase_floors":[8,20,20,20,27,37,48],"current_hp_per_floor":[72,72,69,69,69,46,46,46,46,46,46,67,53,53,72,34,72,70,55,55,37,61,61,61,61,61,61,61,68,68,68,68,43,79,63,63,63,47,47,70,70,62,62,62,33,45,45,60,60,0,0],"gold":20,"neow_bonus":"BOSS_RELIC","is_daily":false,"chose_seed":false,"campfire_upgraded":4,"win_rate":0.0,"timestamp":1608098081,"path_taken":["M","?","M","?","M","E","M","$","T","M","?","R","E","M","R","BOSS","M","M","$","M","?","R","?","?","T","?","R","?","?","M","R","BOSS","M","M","$","M","?","R","M","M","T","M","?","M","M","$","R","BOSS"],"items_purchased_type":["Card","Card","Relic","Potion","Card","Card","Card"],"build_version":"2020-12-07","purchased_purges":1,"victory":false,"max_hp_per_floor":[72,72,72,72,72,72,72,72,72,72,72,72,72,72,72,72,72,72,72,72,72,72,72,72,72,72,72,72,79,79,79,79,79,79,79,79,79,79,79,79,79,79,79,79,79,79,79,79,79,79,79],"card_choices":[{"not_picked":["Protect","Study"],"picked":"Consecrate","floor":1.0},{"not_picked":["WaveOfTheHand","EmptyBody"],"picked":"CutThroughFate","floor":3.0},{"not_picked":["Halt","Crescendo"],"picked":"FollowUp","floor":5.0},{"not_picked":["Tantrum","Consecrate"],"picked":"Worship","floor":6.0},{"not_picked":["Prostrate","Blasphemy"],"picked":"PathToVictory","floor":7.0},{"not_picked":["DeceiveReality","WaveOfTheHand"],"picked":"EmptyBody","floor":10.0},{"not_picked":["Vengeance","Study"],"picked":"CutThroughFate","floor":11.0},{"not_picked":["Nirvana","LikeWater"],"picked":"ThirdEye","floor":13.0},{"not_picked":["ClearTheMind","Perseverance"],"picked":"FlyingSleeves","floor":14.0},{"not_picked":["Establishment","Brilliance"],"picked":"Judgement","floor":16.0},{"not_picked":["BowlingBash","Halt"],"picked":"FollowUp+1","floor":18.0},{"not_picked":["WheelKick+1","Crescendo"],"picked":"Consecrate+1","floor":19.0},{"not_picked":["InnerPeace","ClearTheMind"],"picked":"Consecrate+1","floor":21.0},{"not_picked":["FearNoEvil","Omniscience"],"picked":"FlyingSleeves+1","floor":31.0},{"not_picked":["MasterReality","Ragnarok"],"picked":"Scrawl","floor":33.0},{"not_picked":["ReachHeaven+1","Wallop+1"],"picked":"Indignation+1","floor":35.0},{"not_picked":["CutThroughFate+1","Protect"],"picked":"FlurryOfBlows+1","floor":36.0},{"not_picked":["EmptyBody","Prostrate"],"picked":"TalkToTheHand","floor":38.0},{"not_picked":["BowlingBash+1","Evaluate","Weave+1"],"picked":"SKIP","floor":41.0},{"not_picked":["ClearTheMind+1","EmptyFist"],"picked":"SashWhip","floor":42.0},{"not_picked":["Sanctity","Study"],"picked":"Evaluate+1","floor":44.0},{"not_picked":["FlurryOfBlows","SignatureMove","Halt"],"picked":"SKIP","floor":45.0},{"not_picked":["Pray","Protect"],"picked":"PathToVictory+1","floor":46.0},{"not_picked":["Vault","Halt","ThirdEye"],"picked":"SKIP","floor":47.0}],"player_experience":153959,"relics_obtained":[{"floor":6.0,"key":"FossilizedHelix"},{"floor":9.0,"key":"The Courier"},{"floor":13.0,"key":"Lantern"},{"floor":17.0,"key":"Oddly Smooth Stone"},{"floor":17.0,"key":"Meat on the Bone"},{"floor":17.0,"key":"Bird Faced Urn"},{"floor":26.0,"key":"Vajra"},{"floor":43.0,"key":"MealTicket"}],"event_choices":[{"damage_healed":0.0,"max_hp_gain":0.0,"max_hp_loss":0.0,"gold_gain":0.0,"cards_transformed":["Strike_P"],"event_name":"Living Wall","player_choice":"Change","floor":2.0,"gold_loss":0.0,"damage_taken":0.0,"cards_obtained":["Worship"]},{"damage_healed":0.0,"max_hp_gain":0.0,"max_hp_loss":0.0,"gold_gain":0.0,"event_name":"WeMeetAgain","player_choice":"Paid Gold","floor":4.0,"gold_loss":90.0,"damage_taken":0.0,"relics_obtained":["Ancient Tea Set"]},{"damage_healed":24.0,"max_hp_gain":0.0,"max_hp_loss":0.0,"gold_gain":0.0,"event_name":"The Library","player_choice":"Heal","floor":22.0,"gold_loss":0.0,"damage_taken":0.0},{"damage_healed":0.0,"max_hp_gain":0.0,"max_hp_loss":0.0,"gold_gain":0.0,"event_name":"Vampires","player_choice":"Ignored","floor":24.0,"gold_loss":0.0,"damage_taken":0.0},{"damage_healed":0.0,"max_hp_gain":0.0,"max_hp_loss":0.0,"gold_gain":0.0,"event_name":"Ghosts","player_choice":"Ignored","floor":25.0,"gold_loss":0.0,"damage_taken":0.0},{"damage_healed":0.0,"max_hp_gain":0.0,"max_hp_loss":0.0,"gold_gain":0.0,"event_name":"Addict","player_choice":"Stole Relic","floor":29.0,"gold_loss":0.0,"damage_taken":0.0,"relics_obtained":["Strawberry"],"cards_obtained":["Shame"]},{"damage_healed":0.0,"max_hp_gain":0.0,"max_hp_loss":0.0,"gold_gain":0.0,"event_name":"Upgrade Shrine","player_choice":"Upgraded","floor":39.0,"gold_loss":0.0,"damage_taken":0.0,"cards_upgraded":["Scrawl"]}],"is_beta":true,"boss_relics":[{"not_picked":["Tiny House","Cursed Key"],"picked":"Calling Bell"},{"not_picked":["Coffee Dripper","Black Star"],"picked":"SlaversCollar"}],"items_purged_floors":[37],"is_endless":false,"potions_floor_spawned":[3,5,13,14,16,18,21,31,33,36,38,41,42],"killed_by":"Donu and Deca","ascension_level":0}}