{"host":"f0gpob8hq9vgebej","time":1608128355,"event":{"mods":["AchievementEnabler","BaseMod","Googly Eyes","Minty Spire (QoL Compilation)","Quick Restart","SuperFastMode"],"gold_per_floor":[12,26,36,50,65,65,85,85,161,191,67,87,87,162,162,259,259,269,269,279,89,102,102,137,137,164,176,37,37,50,67,67,67,67],"floor_reached":33,"playtime":904,"items_purged":["Strike_G","Strike_G"],"score":414,"play_id":"5bfa2b0d-213a-4133-be66-424d961b1e8e","local_time":"20201216231915","is_ascension_mode":true,"campfire_choices":[{"data":"Apotheosis","floor":6,"key":"SMITH"},{"floor":13,"key":"REST"},{"floor":15,"key":"REST"},{"floor":23,"key":"REST"},{"floor":25,"key":"REST"},{"floor":32,"key":"REST"}],"circlet_count":0,"master_deck":["Strike_G","Strike_G","Strike_G","Defend_G","Defend_G","Defend_G","Defend_G","Defend_G","Survivor","Neutralize","Apotheosis+1","Poisoned Stab","Dagger Spray","After Image","Cloak And Dagger","Backflip","Cloak And Dagger+1","Acrobatics+1","Dodge and Roll+1","Envenom","Acrobatics+1","Bandage Up+1","Dagger Throw+1","Acrobatics+1","Escape Plan+1","Prepared+1","Prepared+1"],"relics":["Ring of the Snake","Toxic Egg 2","Matryoshka","HoveringKite","Ginger","Happy Flower","Strawberry"],"acts_visited":["Exordium","TheCity"],"potions_floor_usage":[5,16,16,24,24,33,33],"damage_taken":[{"damage":0,"enemies":"Jaw Worm","floor":1,"turns":5},{"damage":2,"enemies":"2 Louse","floor":2,"turns":3},{"damage":5,"enemies":"Small Slimes","floor":3,"turns":4},{"damage":12,"enemies":"Blue Slaver","floor":4,"turns":5},{"damage":18,"enemies":"Lots of Slimes","floor":5,"turns":3},{"damage":11,"enemies":"2 Fungi Beasts","floor":7,"turns":4},{"damage":0,"enemies":"Lagavulin","floor":10,"turns":8},{"damage":0,"enemies":"Exordium Wildlife","floor":12,"turns":5},{"damage":13,"enemies":"Slime Boss","floor":16,"turns":13},{"damage":3,"enemies":"Chosen","floor":18,"turns":5},{"damage":6,"enemies":"3 Byrds","floor":20,"turns":5},{"damage":27,"enemies":"Cultist and Chosen","floor":22,"turns":8},{"damage":37,"enemies":"Slavers","floor":24,"turns":7},{"damage":32,"enemies":"Snake Plant","floor":27,"turns":6},{"damage":13,"enemies":"Snecko","floor":30,"turns":7},{"damage":6,"enemies":"Shelled Parasite and Fungi","floor":31,"turns":6},{"damage":71,"enemies":"Champ","floor":33,"turns":13}],"seed_played":"-1645719520077432820","potions_obtained":[{"floor":2,"key":"LiquidBronze"},{"floor":4,"key":"Weak Potion"},{"floor":7,"key":"Fire Potion"},{"floor":10,"key":"GhostInAJar"},{"floor":22,"key":"DistilledChaos"},{"floor":27,"key":"FearPotion"},{"floor":30,"key":"SkillPotion"}],"is_trial":false,"path_per_floor":["M","M","M","M","M","R","M","?","T","E","$","M","R","?","R","B",null,"M","?","M","$","M","R","E","R","T","M","$","?","M","M","R","B"],"character_chosen":"THE_SILENT","items_purchased":["Acrobatics+1","Bandage Up+1","Strength Potion","Escape Plan+1","Prepared+1"],"campfire_rested":5,"item_purchase_floors":[11,21,28,28,28],"current_hp_per_floor":[63,61,56,44,26,26,15,20,20,20,20,20,42,31,53,40,66,63,63,57,57,36,58,27,49,56,30,30,30,23,23,47,0,0],"gold":67,"neow_bonus":"RANDOM_COLORLESS_2","is_daily":false,"chose_seed":false,"campfire_upgraded":1,"win_rate":0.0,"timestamp":1608128355,"path_taken":["M","M","M","M","M","R","M","?","T","E","$","M","R","?","R","BOSS","M","?","M","$","M","R","E","R","T","M","$","?","M","M","R","BOSS"],"items_purchased_type":["Card","Card","Potion","Card","Card"],"build_version":"2020-12-13","purchased_purges":2,"victory":false,"max_hp_per_floor":[70,70,70,70,70,70,70,75,75,75,75,75,75,75,75,75,75,75,75,75,75,75,75,75,75,82,82,82,82,82,82,82,82,82],"card_choices":[{"not_picked":["Secret Weapon","Metamorphosis"],"picked":"Apotheosis","floor":0},{"not_picked":["Terror","Flying Knee","Deflect"],"picked":"SKIP","floor":1},{"not_picked":["Slice","Noxious Fumes"],"picked":"Poisoned Stab","floor":2},{"not_picked":["Slice","Underhanded Strike"],"picked":"Dagger Spray","floor":3},{"not_picked":["Dagger Throw","Quick Slash"],"picked":"After Image","floor":4},{"not_picked":["Predator","Distraction"],"picked":"Cloak And Dagger","floor":5},{"not_picked":["Sucker Punch","Poisoned Stab"],"picked":"Backflip","floor":7},{"not_picked":["Bullet Time+1","Blur+1"],"picked":"Cloak And Dagger+1","floor":10},{"not_picked":["Skewer","Catalyst+1"],"picked":"Dodge and Roll+1","floor":12},{"not_picked":["Die Die Die","Doppelganger+1"],"picked":"Envenom","floor":16},{"not_picked":["Choke","Outmaneuver+1","Underhanded Strike"],"picked":"SKIP","floor":18},{"not_picked":["Flying Knee+1","Predator"],"picked":"Acrobatics+1","floor":20},{"not_picked":["Poisoned Stab","Predator"],"picked":"Dagger Throw+1","floor":22},{"not_picked":["Slice","Predator","Quick Slash"],"picked":"SKIP","floor":24},{"not_picked":["Flying Knee","Catalyst+1"],"picked":"Acrobatics+1","floor":27},{"not_picked":["Quick Slash","Setup+1","Flying Knee+1"],"picked":"SKIP","floor":30},{"not_picked":["Outmaneuver+1","Finisher+1"],"picked":"Prepared+1","floor":31}],"player_experience":153179,"relics_obtained":[{"floor":9,"key":"Toxic Egg 2"},{"floor":10,"key":"Matryoshka"},{"floor":24,"key":"Ginger"},{"floor":26,"key":"Happy Flower"},{"floor":26,"key":"Strawberry"}],"event_choices":[{"damage_healed":0,"gold_gain":0,"player_choice":"Donut","damage_taken":0,"max_hp_gain":5,"max_hp_loss":0,"event_name":"Big Fish","floor":8,"gold_loss":0},{"damage_healed":0,"gold_gain":75,"player_choice":"Gather Gold","damage_taken":11,"max_hp_gain":0,"max_hp_loss":0,"event_name":"World of Goop","floor":14,"gold_loss":0},{"damage_healed":0,"gold_gain":0,"player_choice":"Ignored","damage_taken":0,"max_hp_gain":0,"max_hp_loss":0,"event_name":"The Mausoleum","floor":19,"gold_loss":0},{"damage_healed":0,"gold_gain":0,"player_choice":"Ignored","damage_taken":0,"max_hp_gain":0,"max_hp_loss":0,"event_name":"Vampires","floor":29,"gold_loss":0}],"is_beta":false,"boss_relics":[{"not_picked":["Sozu","Calling Bell"],"picked":"HoveringKite"}],"items_purged_floors":[11,21],"is_endless":false,"potions_floor_spawned":[2,4,7,10,22,27,30],"killed_by":"Champ","ascension_level":8}}