{"host":"d5zlp9udt2hvvjfh","time":1608159751,"event":{"mods":["AchievementEnabler","BaseMod","Minty Spire (QoL Compilation)","Permanent Neow","Relic Stats","StSLib"],"gold_per_floor":[111,111,123,9,9,9,39,54,54,124,124,135,147,180,180,285,285,302,317,317,33,33,66,66,101,101,121,156,171,171,185,185,185,185],"floor_reached":33,"playtime":1966,"items_purged":[],"score":569,"play_id":"0aac1e65-efb0-425a-8500-bbd4e305d1cd","local_time":"20201217000231","is_ascension_mode":true,"campfire_choices":[{"data":"Zap","floor":6.0,"key":"SMITH"},{"data":"Creative AI","floor":11.0,"key":"SMITH"},{"floor":15.0,"key":"REST"},{"data":"RitualDagger","floor":24,"key":"SMITH"},{"floor":30,"key":"REST"},{"data":"Ghostly","floor":32,"key":"SMITH"}],"circlet_count":0,"master_deck":["AscendersBane","Strike_B","Strike_B+1","Defend_B","Defend_B","Defend_B","Defend_B","Zap+1","Dualcast","Beam Cell+1","Beam Cell","Scrape","Steam","Steam","Creative AI+1","Sweeping Beam","Genetic Algorithm","Hyperbeam","RitualDagger+1","Flash of Steel","Coolheaded","Ghostly+1","Ghostly","Ghostly","Ghostly","Ghostly","Beam Cell","BootSequence","Go for the Eyes","Recycle+1"],"relics":["Busted Crown","Gambling Chip","Ornamental Fan","Girya","Empty Cage","PreservedInsect","Pen Nib","Bag of Marbles","StrikeDummy","StoneCalendar"],"acts_visited":["Exordium","TheCity"],"potions_floor_usage":[29],"damage_taken":[{"damage":7.0,"enemies":"Jaw Worm","floor":1.0,"turns":3.0},{"damage":0.0,"enemies":"Cultist","floor":3.0,"turns":3.0},{"damage":16.0,"enemies":"Gremlin Nob","floor":7.0,"turns":3.0},{"damage":0.0,"enemies":"Small Slimes","floor":8.0,"turns":3.0},{"damage":0.0,"enemies":"Blue Slaver","floor":12.0,"turns":3.0},{"damage":7.0,"enemies":"Exordium Thugs","floor":13.0,"turns":4.0},{"damage":12.0,"enemies":"3 Sentries","floor":14.0,"turns":6.0},{"damage":18.0,"enemies":"Slime Boss","floor":16.0,"turns":10.0},{"damage":7.0,"enemies":"2 Thieves","floor":18.0,"turns":2.0},{"damage":23.0,"enemies":"Shell Parasite","floor":19.0,"turns":5.0},{"damage":0.0,"enemies":"Book of Stabbing","floor":23.0,"turns":6.0},{"damage":2,"enemies":"Slavers","floor":25,"turns":5},{"damage":3,"enemies":"Cultist and Chosen","floor":27,"turns":6},{"damage":2,"enemies":"Book of Stabbing","floor":28,"turns":6},{"damage":0,"enemies":"Snecko","floor":29,"turns":5},{"damage":0,"enemies":"Snake Plant","floor":31,"turns":5},{"damage":29,"enemies":"Automaton","floor":33,"turns":10}],"seed_played":"-3209957176992891956","potions_obtained":[{"floor":2.0,"key":"CultistPotion"},{"floor":2.0,"key":"SteroidPotion"},{"floor":2.0,"key":"EssenceOfDarkness"},{"floor":3.0,"key":"CultistPotion"},{"floor":8.0,"key":"ColorlessPotion"},{"floor":14.0,"key":"Dexterity Potion"},{"floor":19.0,"key":"PotionOfCapacity"},{"floor":25,"key":"SneckoOil"},{"floor":27,"key":"Fire Potion"}],"is_trial":false,"path_per_floor":["M","?","M","$","?","R","E","M","T","T","R","M","M","E","R","B",null,"M","M","?","$","?","E","R","E","T","M","E","M","R","M","R","B"],"character_chosen":"DEFECT","items_purchased":["Scrape","Steam","Flash of Steel","Coolheaded","PreservedInsect"],"campfire_rested":2,"item_purchase_floors":[4,4,21,21,21],"current_hp_per_floor":[61,61,61,61,46,46,30,30,30,30,30,30,23,11,33,15,60,53,30,24,24,24,24,24,22,22,19,17,17,28,28,28,0,0],"gold":185,"neow_bonus":"BOSS_RELIC","is_daily":false,"chose_seed":false,"campfire_upgraded":4,"win_rate":0.0,"timestamp":1608159751,"path_taken":["M","?","?","?","?","R","E","M","T","?","R","M","M","E","R","BOSS","M","M","?","$","?","E","R","E","T","M","E","M","R","?","R","BOSS"],"items_purchased_type":["Card","Card","Card","Card","Relic"],"build_version":"2020-12-13","purchased_purges":0,"victory":false,"max_hp_per_floor":[75,75,75,75,75,75,75,75,75,75,75,75,75,75,75,75,75,75,75,75,75,37,37,37,37,37,37,37,37,37,37,37,37,37],"relic_stats":{"Busted Crown":32,"counters":[17,85],"Ornamental Fan":[96],"Gambling Chip":[25],"StoneCalendar":[52],"PreservedInsect":126,"Pen Nib":[7],"obtain_stats":[{"Girya":14,"Busted Crown":0,"Ornamental Fan":10,"Gambling Chip":7,"StoneCalendar":28,"PreservedInsect":21,"Pen Nib":23,"Bag of Marbles":25,"Cracked Core":0,"Empty Cage":17,"StrikeDummy":26},{"Girya":7,"Busted Crown":0,"Ornamental Fan":4,"Gambling Chip":3,"StoneCalendar":14,"PreservedInsect":10,"Pen Nib":11,"Bag of Marbles":12,"Cracked Core":0,"Empty Cage":8,"StrikeDummy":12},{"Girya":25,"Busted Crown":0,"Ornamental Fan":12,"Gambling Chip":9,"StoneCalendar":65,"PreservedInsect":42,"Pen Nib":48,"Bag of Marbles":53,"Cracked Core":0,"Empty Cage":35,"StrikeDummy":53}]},"card_choices":[{"not_picked":[],"picked":"Beam Cell","floor":1.0},{"not_picked":[],"picked":"Beam Cell","floor":3.0},{"not_picked":[],"picked":"Steam","floor":7.0},{"not_picked":[],"picked":"Creative AI","floor":8.0},{"not_picked":[],"picked":"Sweeping Beam","floor":12.0},{"not_picked":["Reprogram"],"picked":"SKIP","floor":13.0},{"not_picked":[],"picked":"Genetic Algorithm","floor":14.0},{"not_picked":[],"picked":"Hyperbeam","floor":16.0},{"not_picked":["Turbo"],"picked":"SKIP","floor":18.0},{"not_picked":["Turbo+1"],"picked":"SKIP","floor":19.0},{"not_picked":["Conserve Battery"],"picked":"SKIP","floor":23.0},{"not_picked":[],"picked":"Beam Cell","floor":25},{"not_picked":[],"picked":"BootSequence","floor":27},{"not_picked":[],"picked":"Go for the Eyes","floor":28},{"not_picked":[],"picked":"Recycle+1","floor":29},{"not_picked":["Beam Cell"],"picked":"SKIP","floor":31}],"player_experience":1126641,"relics_obtained":[{"floor":7.0,"key":"Gambling Chip"},{"floor":10.0,"key":"Ornamental Fan"},{"floor":14.0,"key":"Girya"},{"floor":23.0,"key":"Pen Nib"},{"floor":25,"key":"Bag of Marbles"},{"floor":26,"key":"StrikeDummy"},{"floor":28,"key":"StoneCalendar"}],"event_choices":[{"damage_healed":0.0,"max_hp_gain":0.0,"max_hp_loss":0.0,"gold_gain":0.0,"event_name":"Lab","player_choice":"Got Potions","floor":2.0,"gold_loss":0.0,"damage_taken":0.0},{"damage_healed":0.0,"max_hp_gain":0.0,"max_hp_loss":0.0,"gold_gain":0.0,"event_name":"Shining Light","player_choice":"Entered Light","floor":5.0,"gold_loss":0.0,"damage_taken":15.0,"cards_upgraded":["Beam Cell","Strike_B"]},{"damage_healed":0.0,"max_hp_gain":0.0,"max_hp_loss":0.0,"gold_gain":0.0,"event_name":"Nest","player_choice":"Joined the Cult","floor":20.0,"gold_loss":0.0,"damage_taken":6.0,"cards_obtained":["RitualDagger"]},{"damage_healed":0.0,"max_hp_gain":0.0,"max_hp_loss":38.0,"gold_gain":0.0,"event_name":"Ghosts","player_choice":"Became a Ghost","floor":22.0,"gold_loss":0.0,"damage_taken":0.0,"cards_obtained":["Ghostly","Ghostly","Ghostly","Ghostly","Ghostly"]}],"is_beta":false,"boss_relics":[{"not_picked":["SlaversCollar","Sozu"],"picked":"Empty Cage"}],"items_purged_floors":[],"is_endless":false,"potions_floor_spawned":[3,8,12,14,19,25,27],"killed_by":"Automaton","ascension_level":12}}