{"host":"ipcfr4ajj2jkxvg7","time":1608129669,"event":{"mods":["BaseMod","Colored Powertips","GifTheSpireLib","Marisa（F雨　魔理沙）","Minty Spire (QoL Compilation)","Quick Restart","Remilia（蕾米莉亚）","Replay The Spire","RumiaBox-露米娅的神秘盒子","StSLib"],"gold_per_floor":[117,137,137,62,162,162,190,190,190,190,209,234,234,262,262,362,362,381,351,351],"floor_reached":19,"playtime":4041,"items_purged":["Defend_MRS"],"score":270,"play_id":"5adebda7-39fe-4814-bade-3ce848becd24","local_time":"20201216224109","is_ascension_mode":true,"campfire_choices":[{"data":"MachineGunSpark","floor":6.0,"key":"SMITH"},{"data":"UpSweep","floor":8.0,"key":"SMITH"},{"data":"MasterSpark","floor":10.0,"key":"SMITH"},{"data":"DarkMatter","floor":13.0,"key":"SMITH"},{"floor":15.0,"key":"REST"}],"circlet_count":0,"master_deck":["Strike_MRS","Strike_MRS","Strike_MRS","Defend_MRS","Defend_MRS","Defend_MRS","MasterSpark+1","UpSweep+1","MachineGunSpark+1","UnstableBomb+1","SuperPerseids","DarkMatter+1","UltimateShortwave","EarthLightRay"],"relics":["MiniHakkero","NeowsBlessing","AddBug","SecretRecord","SecretRecord"],"acts_visited":["Exordium","TheCity"],"potions_floor_usage":[16],"damage_taken":[{"damage":0.0,"enemies":"Cultist","floor":1.0,"turns":1.0},{"damage":0.0,"enemies":"Jaw Worm","floor":2.0,"turns":1.0},{"damage":0.0,"enemies":"3 Sentries","floor":7.0,"turns":1.0},{"damage":2.0,"enemies":"2 Louse","floor":11.0,"turns":2.0},{"damage":30.0,"enemies":"Lagavulin","floor":12.0,"turns":4.0},{"damage":18.0,"enemies":"Gremlin Nob","floor":14.0,"turns":4.0},{"damage":22,"enemies":"Hexaghost","floor":16,"turns":8},{"damage":6,"enemies":"Spheric Guardian","floor":18,"turns":3},{"damage":17,"enemies":"2 Thieves","floor":19,"turns":2}],"seed_played":"5402642024085955165","potions_obtained":[{"floor":11.0,"key":"Venom Potion"},{"floor":14.0,"key":"CultistPotion"},{"floor":16,"key":"Energy Potion"}],"is_trial":false,"path_per_floor":["M","M","?","$","?","R","E","R","T","R","M","E","R","E","R","B",null,"M","M"],"character_chosen":"MARISA","items_purchased":[],"campfire_rested":1,"item_purchase_floors":[],"current_hp_per_floor":[68,68,68,68,68,68,68,68,68,68,66,36,36,18,40,18,61,55,44,44],"gold":351,"neow_bonus":"THREE_ENEMY_KILL","is_daily":false,"chose_seed":false,"campfire_upgraded":4,"win_rate":0.0,"timestamp":1608129669,"path_taken":["M","?","?","$","?","R","E","R","T","R","M","E","R","E","R","BOSS","M","M"],"items_purchased_type":[],"build_version":"2020-12-13","purchased_purges":1,"victory":false,"max_hp_per_floor":[75,75,75,75,75,75,75,75,75,75,75,75,75,75,75,75,75,75,75,75],"card_choices":[{"not_picked":["GalacticHalo","AsteroidBelt","SporeBomb"],"picked":"SKIP","floor":1.0},{"not_picked":["IllusionStar","LuminesStrike"],"picked":"MachineGunSpark","floor":2.0},{"not_picked":["BigCrunch","ChargeUpSpray"],"picked":"SuperPerseids","floor":7.0},{"not_picked":["Robbery","ChargingUp","RefractionSpark"],"picked":"SKIP","floor":11.0},{"not_picked":["ChargingUp","DC"],"picked":"DarkMatter","floor":12.0},{"not_picked":["AsteroidBelt","ShootingEcho","GrandCross"],"picked":"SKIP","floor":14.0},{"not_picked":["CollectingQuirk","CasketOfStar"],"picked":"UltimateShortwave","floor":16},{"not_picked":["DragonMeteor","MeteoricShower"],"picked":"EarthLightRay","floor":18}],"player_experience":375810,"relics_obtained":[{"floor":1.0,"key":"AddBug"},{"floor":7.0,"key":"White Beast Statue"},{"floor":9.0,"key":"ReplayTheSpireMod:Ninjato"},{"floor":12.0,"key":"Ginger"},{"floor":14.0,"key":"InkBottle"},{"floor":18,"key":"SecretRecord"}],"event_choices":[{"damage_healed":0.0,"max_hp_gain":0.0,"max_hp_loss":0.0,"gold_gain":100.0,"event_name":"Golden Shrine","player_choice":"Pray","floor":5.0,"gold_loss":0.0,"damage_taken":0.0}],"is_beta":false,"boss_relics":[{"not_picked":["Empty Cage","SlaversCollar"],"picked":"SoulBox"}],"items_purged_floors":[4],"is_endless":false,"potions_floor_spawned":[11,14,16],"killed_by":"2 Thieves","ascension_level":6}}