{"host":"zekcc3vicrep0och","time":1608104900,"event":{"mods":["AchievementEnabler","BaseMod","Colored Map","Colored Powertips","Displayed Cursed Tome","Minty Spire (QoL Compilation)","Relic Stats","StSLib"],"gold_per_floor":[112,112,129,142,17,28,57,69,121,139,164,164,7,35,35,136,136,150,162,162,62,81,81,109,119,119,152,172,200,200,250,250,352,352,371,387,406,406,421,454,466,478,566,613,59,90,104,114,114,114],"floor_reached":51,"playtime":3158,"items_purged":["Strike_G","Strike_G","Defend_G"],"score":1226,"play_id":"791cc29f-1bea-484b-9d11-08aa2cdba812","local_time":"20201216104820","is_ascension_mode":true,"campfire_choices":[{"data":"Choke","floor":12.0,"key":"SMITH"},{"data":"Blur","floor":15.0,"key":"SMITH"},{"data":"Noxious Fumes","floor":23.0,"key":"SMITH"},{"data":"Dash","floor":30.0,"key":"SMITH"},{"data":"Leg Sweep","floor":32.0,"key":"SMITH"},{"floor":41.0,"key":"REST"},{"floor":49,"key":"REST"}],"circlet_count":0,"master_deck":["Strike_G+1","Defend_G","Defend_G","Defend_G","Survivor","Neutralize","Leg Sweep+1","Poisoned Stab","Quick Slash+1","Dagger Spray","Choke+1","Backflip","Flying Knee","Crippling Poison","Blur+1","Adrenaline","Dash+1","Noxious Fumes+1","PiercingWail+1","After Image","Die Die Die+1","Calculated Gamble+1","Bane+1","PiercingWail+1","Blind+1","Well Laid Plans","Footwork+1","Bane+1","Phantasmal Killer","Venomology","Deadly Poison+1"],"relics":["Velvet Choker","Centennial Puzzle","Happy Flower","Mercury Hourglass","Whetstone","Boot","Black Star","Ornamental Fan","PreservedInsect","Letter Opener","Potion Belt","Toy Ornithopter","Shovel","Pear","Astrolabe","MawBank","Calipers","Blue Candle","Anchor","Bottled Lightning","Snake Skull","Ninja Scroll","Smiling Mask"],"acts_visited":["Exordium","TheCity","TheBeyond"],"potions_floor_usage":[48,50,50,50],"damage_taken":[{"damage":0.0,"enemies":"2 Louse","floor":1.0,"turns":3.0},{"damage":0.0,"enemies":"Jaw Worm","floor":3.0,"turns":4.0},{"damage":0.0,"enemies":"Cultist","floor":4.0,"turns":4.0},{"damage":0.0,"enemies":"2 Fungi Beasts","floor":6.0,"turns":3.0},{"damage":4.0,"enemies":"Lagavulin","floor":7.0,"turns":5.0},{"damage":2.0,"enemies":"Red Slaver","floor":8.0,"turns":2.0},{"damage":5.0,"enemies":"Large Slime","floor":10.0,"turns":5.0},{"damage":12.0,"enemies":"Gremlin Nob","floor":11.0,"turns":6.0},{"damage":6.0,"enemies":"3 Sentries","floor":14.0,"turns":4.0},{"damage":10.0,"enemies":"The Guardian","floor":16.0,"turns":13.0},{"damage":3.0,"enemies":"Chosen","floor":18.0,"turns":5.0},{"damage":0.0,"enemies":"3 Byrds","floor":19.0,"turns":3.0},{"damage":3.0,"enemies":"Centurion and Healer","floor":22.0,"turns":6.0},{"damage":17.0,"enemies":"Slavers","floor":24.0,"turns":6.0},{"damage":8.0,"enemies":"Snecko","floor":25.0,"turns":4.0},{"damage":19.0,"enemies":"Book of Stabbing","floor":27.0,"turns":6.0},{"damage":2.0,"enemies":"Shelled Parasite and Fungi","floor":28.0,"turns":5.0},{"damage":0.0,"enemies":"Gremlin Leader","floor":29.0,"turns":5.0},{"damage":29.0,"enemies":"Collector","floor":33.0,"turns":10.0},{"damage":8.0,"enemies":"3 Darklings","floor":35.0,"turns":3.0},{"damage":6.0,"enemies":"3 Shapes","floor":36.0,"turns":3.0},{"damage":4.0,"enemies":"Sphere and 2 Shapes","floor":37.0,"turns":4.0},{"damage":2.0,"enemies":"Writhing Mass","floor":39.0,"turns":7.0},{"damage":32.0,"enemies":"Giant Head","floor":40.0,"turns":8.0},{"damage":15.0,"enemies":"Nemesis","floor":44.0,"turns":5.0},{"damage":9.0,"enemies":"Giant Head","floor":46.0,"turns":9.0},{"damage":0,"enemies":"4 Shapes","floor":47,"turns":6},{"damage":0,"enemies":"Maw","floor":48,"turns":7},{"damage":48,"enemies":"Donu and Deca","floor":50,"turns":9}],"seed_played":"9110903777024195420","potions_obtained":[{"floor":3.0,"key":"ColorlessPotion"},{"floor":4.0,"key":"LiquidMemories"},{"floor":6.0,"key":"GhostInAJar"},{"floor":7.0,"key":"Energy Potion"},{"floor":14.0,"key":"AttackPotion"},{"floor":16.0,"key":"PowerPotion"},{"floor":19.0,"key":"SkillPotion"},{"floor":25.0,"key":"Energy Potion"},{"floor":27.0,"key":"Poison Potion"},{"floor":28.0,"key":"LiquidMemories"},{"floor":35.0,"key":"SkillPotion"},{"floor":36.0,"key":"FearPotion"},{"floor":37.0,"key":"Weak Potion"},{"floor":39.0,"key":"LiquidMemories"}],"is_trial":false,"path_per_floor":["M","?","M","M","$","M","E","M","T","M","E","R","$","E","R","B",null,"M","M","?","$","M","R","E","M","T","E","M","E","R","?","R","B",null,"M","M","M","?","M","E","R","?","T","E","$","E","M","M","R","B",null],"character_chosen":"THE_SILENT","items_purchased":["Dagger Spray","Whetstone","Snake Skull","SpeedPotion","ColorlessPotion","Swift Potion","Phantasmal Killer"],"campfire_rested":2,"item_purchase_floors":[5,13,45,45,45,45,45],"current_hp_per_floor":[63,68,68,68,68,68,64,62,62,57,45,45,45,39,39,29,64,61,61,61,61,58,58,41,33,33,14,12,27,27,27,27,8,66,58,52,48,48,46,29,54,54,54,39,39,40,40,45,70,37],"gold":114,"neow_bonus":"BOSS_RELIC","is_daily":false,"chose_seed":false,"campfire_upgraded":5,"win_rate":0.0,"timestamp":1608104900,"path_taken":["M","?","M","M","?","M","E","M","T","M","E","R","$","E","R","BOSS","M","M","?","$","M","R","E","M","T","E","M","E","R","?","R","BOSS","M","M","?","?","M","E","R","?","T","E","$","E","?","M","R","BOSS"],"items_purchased_type":["Card","Relic","Relic","Potion","Potion","Potion","Card"],"build_version":"2020-12-13","purchased_purges":3,"victory":true,"max_hp_per_floor":[70,75,75,75,75,75,75,75,75,75,75,75,75,75,75,75,75,75,75,75,75,75,75,75,75,75,75,75,85,85,85,85,85,85,85,85,85,85,85,85,85,85,85,85,85,85,85,85,85,85],"relic_stats":{"Happy Flower":[46],"counters":[29,158],"Astrolabe":["Die Die Die","Calculated Gamble","Bane"],"Blue Candle":[0],"PreservedInsect":401,"Snake Skull":[41],"Whetstone":["Strike_G","Quick Slash"],"Letter Opener":[156],"Boot":[157],"MawBank":60,"Smiling Mask":0,"Mercury Hourglass":[527],"Centennial Puzzle":[60],"Shovel":0,"Ornamental Fan":[128],"Black Star":6,"obtain_stats":[{"Potion Belt":27,"Pear":29,"Calipers":40,"Happy Flower":9,"Astrolabe":34,"Blue Candle":43,"Velvet Choker":0,"PreservedInsect":24,"Snake Skull":45,"Whetstone":13,"Letter Opener":26,"Boot":14,"MawBank":40,"Smiling Mask":46,"Mercury Hourglass":11,"Centennial Puzzle":7,"Anchor":44,"Shovel":29,"Ornamental Fan":24,"Ninja Scroll":46,"Black Star":17,"Bottled Lightning":44,"Toy Ornithopter":27,"Ring of the Snake":0},{"Potion Belt":16,"Pear":18,"Calipers":24,"Happy Flower":6,"Astrolabe":19,"Blue Candle":24,"Velvet Choker":0,"PreservedInsect":14,"Snake Skull":25,"Whetstone":8,"Letter Opener":15,"Boot":9,"MawBank":24,"Smiling Mask":26,"Mercury Hourglass":8,"Centennial Puzzle":5,"Anchor":25,"Shovel":18,"Ornamental Fan":14,"Ninja Scroll":26,"Black Star":10,"Bottled Lightning":25,"Toy Ornithopter":16,"Ring of the Snake":0},{"Potion Belt":77,"Pear":87,"Calipers":122,"Happy Flower":21,"Astrolabe":97,"Blue Candle":122,"Velvet Choker":0,"PreservedInsect":67,"Snake Skull":127,"Whetstone":32,"Letter Opener":71,"Boot":36,"MawBank":122,"Smiling Mask":136,"Mercury Hourglass":32,"Centennial Puzzle":19,"Anchor":127,"Shovel":87,"Ornamental Fan":67,"Ninja Scroll":136,"Black Star":48,"Bottled Lightning":127,"Toy Ornithopter":77,"Ring of the Snake":0}],"Toy Ornithopter":60},"card_choices":[{"not_picked":["Cloak And Dagger","Dodge and Roll"],"picked":"Leg Sweep","floor":1.0},{"not_picked":["Skewer","Flechettes"],"picked":"Poisoned Stab","floor":3.0},{"not_picked":["Tactician","Outmaneuver"],"picked":"Quick Slash","floor":4.0},{"not_picked":["Well Laid Plans","Acrobatics"],"picked":"Choke","floor":6.0},{"not_picked":["Tactician","Setup"],"picked":"Backflip","floor":7.0},{"not_picked":["Backflip","Finisher"],"picked":"Flying Knee","floor":8.0},{"not_picked":["Outmaneuver","Flying Knee","Infinite Blades"],"picked":"SKIP","floor":10.0},{"not_picked":["Finisher","Cloak And Dagger"],"picked":"Crippling Poison","floor":11.0},{"not_picked":["Skewer","Deadly Poison"],"picked":"Blur","floor":14.0},{"not_picked":["Phantasmal Killer","Night Terror"],"picked":"Adrenaline","floor":16.0},{"not_picked":["Flying Knee+1","Slice+1"],"picked":"Dash","floor":18.0},{"not_picked":["Finisher","Escape Plan","Dagger Throw"],"picked":"SKIP","floor":19.0},{"not_picked":["Concentrate","Prepared","Quick Slash"],"picked":"SKIP","floor":22.0},{"not_picked":["Dagger Throw+1","Underhanded Strike","Slice"],"picked":"SKIP","floor":24.0},{"not_picked":["Dagger Throw","Deflect+1","Sucker Punch"],"picked":"SKIP","floor":25.0},{"not_picked":["Blade Dance","Poisoned Stab","Quick Slash"],"picked":"SKIP","floor":27.0},{"not_picked":["Blade Dance","Poisoned Stab","Quick Slash"],"picked":"SKIP","floor":27.0},{"not_picked":["Bullet Time","Bane"],"picked":"PiercingWail+1","floor":28.0},{"not_picked":["Flechettes+1","Quick Slash","Cloak And Dagger"],"picked":"SKIP","floor":29.0},{"not_picked":["Flechettes+1","Quick Slash","Cloak And Dagger"],"picked":"SKIP","floor":29.0},{"not_picked":["Tools of the Trade","Night Terror"],"picked":"After Image","floor":33.0},{"not_picked":["Sucker Punch+1","Dagger Throw+1","Reflex"],"picked":"SKIP","floor":35.0},{"not_picked":["Blur","Flying Knee"],"picked":"PiercingWail+1","floor":36.0},{"not_picked":["Skewer+1","Prepared","PiercingWail"],"picked":"SKIP","floor":37.0},{"not_picked":["Flash of Steel","Violence"],"picked":"Blind","floor":38.0},{"not_picked":["Underhanded Strike","Quick Slash"],"picked":"Well Laid Plans","floor":39.0},{"not_picked":["PiercingWail","Eviscerate"],"picked":"Footwork+1","floor":40.0},{"not_picked":["Bane+1","Deadly Poison","Expertise+1"],"picked":"SKIP","floor":44.0},{"not_picked":["Deadly Poison","Expertise+1"],"picked":"Bane+1","floor":44.0},{"not_picked":["PiercingWail","Concentrate+1","Bane+1"],"picked":"SKIP","floor":46},{"not_picked":["Blade Dance","Slice+1"],"picked":"Venomology","floor":47},{"not_picked":["Backflip","Prepared+1"],"picked":"Deadly Poison+1","floor":48}],"player_experience":424142,"relics_obtained":[{"floor":7.0,"key":"Centennial Puzzle"},{"floor":9.0,"key":"Happy Flower"},{"floor":11.0,"key":"Mercury Hourglass"},{"floor":14.0,"key":"Boot"},{"floor":24.0,"key":"Ornamental Fan"},{"floor":24.0,"key":"PreservedInsect"},{"floor":26.0,"key":"Letter Opener"},{"floor":27.0,"key":"Potion Belt"},{"floor":27.0,"key":"Toy Ornithopter"},{"floor":29.0,"key":"Shovel"},{"floor":29.0,"key":"Pear"},{"floor":40.0,"key":"MawBank"},{"floor":40.0,"key":"Calipers"},{"floor":43.0,"key":"Blue Candle"},{"floor":44.0,"key":"Anchor"},{"floor":44.0,"key":"Bottled Lightning"},{"floor":46,"key":"Ninja Scroll"},{"floor":46,"key":"Smiling Mask"}],"event_choices":[{"damage_healed":0.0,"max_hp_gain":5.0,"max_hp_loss":0.0,"gold_gain":0.0,"event_name":"Big Fish","player_choice":"Donut","floor":2.0,"gold_loss":0.0,"damage_taken":0.0},{"damage_healed":0.0,"max_hp_gain":0.0,"max_hp_loss":0.0,"gold_gain":0.0,"event_name":"The Library","player_choice":"Read","floor":20.0,"gold_loss":0.0,"damage_taken":0.0,"cards_obtained":["Noxious Fumes"]},{"damage_healed":0.0,"max_hp_gain":0.0,"max_hp_loss":0.0,"gold_gain":100.0,"event_name":"The Joust","player_choice":"Bet on Murderer","floor":31.0,"gold_loss":50.0,"damage_taken":0.0},{"damage_healed":0.0,"max_hp_gain":0.0,"max_hp_loss":0.0,"gold_gain":0.0,"event_name":"SensoryStone","player_choice":"Memory 1","floor":38.0,"gold_loss":0.0,"damage_taken":0.0},{"damage_healed":0.0,"max_hp_gain":0.0,"max_hp_loss":0.0,"gold_gain":0.0,"event_name":"Accursed Blacksmith","player_choice":"Forge","floor":42.0,"gold_loss":0.0,"damage_taken":0.0,"cards_upgraded":["Blind"]}],"is_beta":false,"boss_relics":[{"not_picked":["Tiny House","Cursed Key"],"picked":"Black Star"},{"not_picked":["Empty Cage","SlaversCollar"],"picked":"Astrolabe"}],"items_purged_floors":[5,21,45],"is_endless":false,"potions_floor_spawned":[3,4,6,7,14,16,19,22,25,27,28,35,36,37,39],"ascension_level":9}}