{"host":"icrrc9b69c1a6188","time":1608145712,"event":{"mods":["BaseMod","Better Altar","Better Match","Better Note","Better Sensory Stone","Better Skull","Better Third Choice","BetterRewards","Colored Map","Colored Powertips","Displayed Cursed Tome","Faster Ascension Climbing","HexUI Lib","Minty Spire (QoL Compilation)","Random Character Mod","Spicy Shops","StSLib","Unceasing Turn Reminder"],"gold_per_floor":[114,133,153,167,178,178,207,207,260,270,287,316,316,346,346,424,424,442,42,42,56,56,73,102,17,17,42,142,142,152,165,165,243,243,262,282,0,16,28,54,54,80,80,113,113,132,7,26,26,26,26,26,26,26,26,26],"floor_reached":55,"playtime":3658,"items_purged":["Doubt","Strike_R","Rupture+1"],"score":2667,"play_id":"7ae09169-2c1b-4ca6-b915-05d3f3835c20","local_time":"20201216130832","is_ascension_mode":true,"campfire_choices":[{"data":"Disarm","floor":6,"key":"SMITH"},{"data":"Disarm","floor":13,"key":"SMITH"},{"data":"True Grit","floor":15,"key":"SMITH"},{"data":"Berserk","floor":29,"key":"SMITH"},{"data":"Shockwave","floor":32,"key":"SMITH"},{"floor":41,"key":"RECALL"},{"data":"Disarm","floor":45,"key":"SMITH"},{"data":"Spot Weakness","floor":49,"key":"SMITH"},{"data":"Power Through","floor":53,"key":"SMITH"}],"circlet_count":0,"master_deck":["AscendersBane","Bash","Spot Weakness+1","Reaper","Power Through+1","Dropkick","Anger","Sword Boomerang","Metallicize","Metallicize","Inflame","Disarm+1","Fiend Fire+1","Inflame","Disarm+1","True Grit+1","Berserk+1","Pummel","Disarm+1","Evolve+1","Impervious","Shockwave+1","True Grit+1","Demon Form+1","Shrug It Off+1","Double Tap+1","Dropkick","Armaments+1","Intimidate+1","Second Wind+1","Entrench+1","Seeing Red+1","Battle Trance+1","Warcry+1","Disarm+1","Shrug It Off+1","Impervious+1","Warcry+1","Reaper"],"relics":["Burning Blood","Bag of Preparation","Darkstone Periapt","Question Card","Orrery","Pen Nib","HornCleat","Lantern","Coffee Dripper","Brimstone","Frozen Egg 2","Mercury Hourglass","StoneCalendar","Toy Ornithopter","Mango","Pocketwatch","Toxic Egg 2","Pandora\u0027s Box","Red Mask","Pear","Letter Opener","Regal Pillow","Eternal Feather"],"acts_visited":["TheCity","TheBeyond","TheEnding"],"potions_floor_usage":[4,24,24,36,42,50,55],"damage_taken":[{"damage":7,"enemies":"Jaw Worm","floor":1,"turns":3},{"damage":0,"enemies":"Cultist","floor":2,"turns":4},{"damage":0,"enemies":"2 Louse","floor":3,"turns":4},{"damage":18,"enemies":"Exordium Wildlife","floor":4,"turns":4},{"damage":0,"enemies":"3 Louse","floor":5,"turns":2},{"damage":8,"enemies":"Gremlin Nob","floor":7,"turns":3},{"damage":0,"enemies":"Blue Slaver","floor":10,"turns":1},{"damage":0,"enemies":"Red Slaver","floor":11,"turns":1},{"damage":26,"enemies":"3 Sentries","floor":12,"turns":4},{"damage":11,"enemies":"Lagavulin","floor":14,"turns":5},{"damage":0,"enemies":"Hexaghost","floor":16,"turns":7},{"damage":1,"enemies":"Chosen","floor":18,"turns":4},{"damage":0,"enemies":"2 Thieves","floor":21,"turns":1},{"damage":0,"enemies":"Snecko","floor":23,"turns":3},{"damage":32,"enemies":"Gremlin Leader","floor":24,"turns":5},{"damage":27,"enemies":"Book of Stabbing","floor":27,"turns":5},{"damage":0,"enemies":"Colosseum Slavers","floor":28,"turns":4},{"damage":8,"enemies":"Colosseum Nobs","floor":28,"turns":3},{"damage":0,"enemies":"Centurion and Healer","floor":30,"turns":2},{"damage":11,"enemies":"Sentry and Sphere","floor":31,"turns":4},{"damage":4,"enemies":"Champ","floor":33,"turns":5},{"damage":0,"enemies":"3 Shapes","floor":35,"turns":3},{"damage":23,"enemies":"3 Darklings","floor":36,"turns":4},{"damage":1,"enemies":"Writhing Mass","floor":38,"turns":6},{"damage":3,"enemies":"Jaw Worm Horde","floor":39,"turns":3},{"damage":0,"enemies":"Nemesis","floor":40,"turns":7},{"damage":2,"enemies":"Giant Head","floor":42,"turns":5},{"damage":50,"enemies":"Reptomancer","floor":44,"turns":5},{"damage":39,"enemies":"Transient","floor":46,"turns":6},{"damage":0,"enemies":"Maw","floor":48,"turns":5},{"damage":77,"enemies":"Awakened One","floor":50,"turns":8},{"damage":48,"enemies":"Time Eater","floor":51,"turns":8},{"damage":110,"enemies":"Shield and Spear","floor":55,"turns":5}],"seed_played":"-8893442690153990368","potions_obtained":[{"floor":1,"key":"SpeedPotion"},{"floor":5,"key":"DistilledChaos"},{"floor":10,"key":"ColorlessPotion"},{"floor":12,"key":"EntropicBrew"},{"floor":27,"key":"PowerPotion"},{"floor":30,"key":"DuplicationPotion"},{"floor":36,"key":"Regen Potion"},{"floor":38,"key":"Block Potion"},{"floor":42,"key":"SmokeBomb"},{"floor":46,"key":"PowerPotion"}],"is_trial":false,"path_per_floor":["M","M","M","M","M","R","E","?","T","M","M","E","R","E","R","B",null,"M","$","?","M","?","M","E","?","T","E","?","R","M","M","R","B",null,"M","M","?","M","M","E","R","E","T","E","R","M","$","M","R","B","B",null,"R","$","E"],"character_chosen":"IRONCLAD","items_purchased":["Bag of Preparation","Darkstone Periapt","Question Card","Orrery","Sword Boomerang","Metallicize","Brimstone","Frozen Egg 2"],"campfire_rested":0,"item_purchase_floors":[0,0,0,0,0,0,19,19],"current_hp_per_floor":[38,48,62,64,70,70,68,68,68,74,80,68,68,63,63,80,81,81,81,81,81,81,81,55,55,55,48,52,52,58,66,66,95,95,95,81,81,95,95,105,105,105,105,61,82,105,105,105,105,99,105,105,105,105,0,0],"gold":26,"neow_bonus":"","is_daily":false,"chose_seed":false,"campfire_upgraded":8,"win_rate":0.0,"timestamp":1608145712,"path_taken":["M","M","M","M","M","R","E","?","T","M","?","E","R","E","R","BOSS","M","$","?","?","?","M","E","?","T","E","?","R","M","?","R","BOSS","M","M","?","M","M","E","R","E","T","E","R","M","$","M","R","BOSS","BOSS","R","$","E"],"items_purchased_type":["Relic","Relic","Relic","Relic","Card","Card","Relic","Relic"],"build_version":"2020-12-13","purchased_purges":3,"victory":false,"max_hp_per_floor":[81,81,81,81,81,81,81,81,81,81,81,81,81,81,81,81,81,81,81,81,81,81,81,81,81,81,95,95,95,95,95,95,95,95,95,95,95,95,95,105,105,105,105,105,105,105,105,105,105,105,105,105,105,105,105,105],"card_choices":[{"not_picked":["Heavy Blade","Anger","Sword Boomerang"],"picked":"Spot Weakness","floor":0},{"not_picked":["Body Slam","True Grit","Perfected Strike"],"picked":"Reaper","floor":0},{"not_picked":["Wild Strike","Rupture","Headbutt"],"picked":"Power Through","floor":0},{"not_picked":["Sword Boomerang","Infernal Blade","Iron Wave"],"picked":"Dropkick","floor":0},{"not_picked":["Body Slam","Rupture","Infernal Blade"],"picked":"Anger","floor":0},{"not_picked":["Dark Embrace","Carnage","Anger"],"picked":"Metallicize","floor":1},{"not_picked":["Dark Embrace","Searing Blow","Havoc"],"picked":"Inflame","floor":2},{"not_picked":["Combust","Clash","Clothesline"],"picked":"Disarm","floor":3},{"not_picked":["Searing Blow","Anger","Armaments"],"picked":"Fiend Fire","floor":4},{"not_picked":["Twin Strike","Rage","Flex","Clothesline"],"picked":"SKIP","floor":5},{"not_picked":["Headbutt","Dark Embrace","Rage"],"picked":"Inflame","floor":7},{"not_picked":["Anger","Burning Pact","Bloodletting","Body Slam"],"picked":"SKIP","floor":10},{"not_picked":["Reckless Charge","Headbutt","Thunderclap","Barricade"],"picked":"SKIP","floor":11},{"not_picked":["Rage","Clash","Reckless Charge"],"picked":"Disarm","floor":12},{"not_picked":["Thunderclap","Havoc","Seeing Red"],"picked":"True Grit","floor":14},{"not_picked":["Feed","Exhume","Juggernaut"],"picked":"Berserk","floor":16},{"not_picked":["Carnage","Pommel Strike","Bloodletting","Sword Boomerang"],"picked":"SKIP","floor":18},{"not_picked":["Headbutt","Body Slam","Heavy Blade"],"picked":"Disarm","floor":21},{"not_picked":["Flex","Anger","Pummel","Warcry"],"picked":"SKIP","floor":23},{"not_picked":["True Grit","Headbutt","Flex"],"picked":"Impervious","floor":24},{"not_picked":["Whirlwind+1","Flex","Fire Breathing+1"],"picked":"Shockwave","floor":27},{"not_picked":["Pummel","Clash","Twin Strike"],"picked":"True Grit+1","floor":28},{"not_picked":["Anger","Body Slam","Wild Strike"],"picked":"Demon Form+1","floor":30},{"not_picked":["True Grit+1","Thunderclap","Clash"],"picked":"Shrug It Off+1","floor":31},{"not_picked":["Juggernaut+1","Berserk+1","Fiend Fire"],"picked":"Double Tap+1","floor":33},{"not_picked":["True Grit+1","Headbutt","Inflame+1"],"picked":"Battle Trance+1","floor":35},{"not_picked":["Thunderclap","Whirlwind","Searing Blow"],"picked":"Warcry+1","floor":36},{"not_picked":["Sever Soul+1","Armaments+1","Shrug It Off+1"],"picked":"Disarm+1","floor":38},{"not_picked":["Rage+1","Intimidate+1","Reckless Charge","Whirlwind+1"],"picked":"SKIP","floor":39},{"not_picked":["Pummel","Thunderclap","Double Tap+1"],"picked":"Shrug It Off+1","floor":40},{"not_picked":["Cleave","Flex+1","Thunderclap"],"picked":"Impervious+1","floor":42},{"not_picked":["Iron Wave","Combust+1","Shrug It Off+1"],"picked":"Warcry+1","floor":44},{"not_picked":["Twin Strike","Body Slam","Thunderclap","Heavy Blade"],"picked":"SKIP","floor":46},{"not_picked":["Sword Boomerang","Burning Pact+1","Hemokinesis"],"picked":"Reaper","floor":48}],"player_experience":642912,"relics_obtained":[{"floor":7,"key":"Pen Nib"},{"floor":12,"key":"HornCleat"},{"floor":14,"key":"Lantern"},{"floor":24,"key":"Mercury Hourglass"},{"floor":26,"key":"Toy Ornithopter"},{"floor":27,"key":"Mango"},{"floor":28,"key":"Pocketwatch"},{"floor":28,"key":"Toxic Egg 2"},{"floor":40,"key":"Pear"},{"floor":42,"key":"Letter Opener"},{"floor":43,"key":"Regal Pillow"},{"floor":44,"key":"Eternal Feather"}],"event_choices":[{"damage_healed":0,"gold_gain":0,"player_choice":"Upgraded","damage_taken":0,"max_hp_gain":0,"max_hp_loss":0,"event_name":"Upgrade Shrine","floor":8,"gold_loss":0,"cards_upgraded":["Fiend Fire"]},{"damage_healed":0,"gold_gain":0,"cards_transformed":["Strike_R"],"player_choice":"Transformed","damage_taken":0,"max_hp_gain":0,"max_hp_loss":0,"event_name":"Transmorgrifier","floor":20,"gold_loss":0,"cards_obtained":["Pummel"]},{"damage_healed":0,"gold_gain":0,"player_choice":"Read","damage_taken":0,"max_hp_gain":0,"max_hp_loss":0,"event_name":"The Library","floor":22,"gold_loss":0,"cards_obtained":["Evolve"]},{"damage_healed":0,"gold_gain":0,"player_choice":"Obtained Relic","damage_taken":0,"relics_obtained":["StoneCalendar"],"max_hp_gain":0,"max_hp_loss":0,"event_name":"Addict","floor":25,"gold_loss":85},{"damage_healed":0,"gold_gain":0,"player_choice":"Fight","damage_taken":0,"max_hp_gain":0,"max_hp_loss":0,"event_name":"Colosseum","floor":28,"gold_loss":0},{"damage_healed":0,"gold_gain":0,"player_choice":"Fought Nobs","damage_taken":0,"max_hp_gain":0,"max_hp_loss":0,"event_name":"Colosseum","floor":28,"gold_loss":0},{"damage_healed":0,"gold_gain":0,"player_choice":"Paid","damage_taken":0,"relics_obtained":["Red Mask"],"max_hp_gain":0,"max_hp_loss":0,"event_name":"Tomb of Lord Red Mask","floor":37,"gold_loss":282}],"is_beta":false,"boss_relics":[{"not_picked":["Philosopher\u0027s Stone","Astrolabe"],"picked":"Coffee Dripper"},{"not_picked":["Mark of Pain","Empty Cage"],"picked":"Pandora\u0027s Box"}],"items_purged_floors":[0,19,47],"is_endless":false,"potions_floor_spawned":[1,5,10,12,16,27,28,30,31,35,36,38,42,46],"killed_by":"Shield and Spear","ascension_level":20}}