{"host":"ifd7sfhtlbe34qll","time":1608087566,"event":{"mods":["2.2 Compatiblity","BaseMod","Block Reminder","Colored Map","Downfall","Highlight Path","Minty Spire (QoL Compilation)","Potion Indicator Mod","Quick Restart","Random Character Button","Relic Stats","StSLib"],"gold_per_floor":[349,14,28,38,58,158,234,334,334,359,372,389,389,58,70,165,165,90,90,110,110,124,124,124,149,149,183,195,195,23,23,42,139,139,139,211,136,155,206,534,534,561,577,502,552,564,424,424,437,437,437,471,38,38,38],"floor_reached":56,"playtime":4681,"items_purged":["Regret","champ:Strike","champ:Defend","champ:Defend"],"score":1522,"play_id":"92420b6d-344f-4cbd-a94f-eb9a51c8bf9b","local_time":"20201215205926","is_ascension_mode":true,"campfire_choices":[{"data":"champ:Taunt","floor":1.0,"key":"SMITH"},{"data":"champ:Backstep","floor":9.0,"key":"SMITH"},{"data":"champ:DancingMaster","floor":18.0,"key":"SMITH"},{"data":"champ:EnchantCrown","floor":23.0,"key":"SMITH"},{"data":"champ:FocusedDefense","floor":26.0,"key":"SMITH"},{"floor":35.0,"key":"RECALL"},{"data":"champ:Improvising","floor":37.0,"key":"SMITH"},{"data":"champ:EnGarde","floor":44.0,"key":"SMITH"},{"data":"expansioncontent:StudyTheSpire","floor":54,"key":"SMITH"}],"circlet_count":0,"master_deck":["champ:Defend","champ:Defend","champ:Execute","champ:Taunt+1","champ:FlashCut","champ:Backstep+1","champ:FlashCut","champ:Haymaker","champ:ArenaPreparation","champ:DefensiveShout","champ:SteelEdge+1","champ:EnchantCrown+1","champ:BladeFlurry","champ:BladeFlurry","champ:ShieldThrow","champ:DancingMaster+1","champ:FocusedDefense+1","champ:Circumvent","RitualDagger","champ:EnGarde+1","champ:TornadoPunch","champ:FocusedGladiator","champ:DefensiveShout+1","champ:Improvising+1","champ:CalledShot+1","champ:GladiatorStyle","champ:EnchantCrown","champ:SkillfulDodge+1","champ:VampiricStrike","champ:Circumvent","champ:Circumvent","expansioncontent:CaCaw","expansioncontent:ChargeUp","expansioncontent:FaceSlap","champ:GladiatorsShout+1","expansioncontent:StudyTheSpire+1","champ:GladiatorStyle","expansioncontent:DefensiveStance"],"relics":["champ:ChampionCrown","Mummified Hand","Kunai","downfall:GremlinWheel","Centennial Puzzle","Pantograph","Eternal Feather","Sozu","downfall:HeartBlessingGreen","Letter Opener","HornCleat","Bird Faced Urn","Shuriken","Membership Card","Philosopher\u0027s Stone","Mango","downfall:HeartBlessingRed","Prayer Wheel","Old Coin","Regal Pillow","downfall:HeartBlessingBlue","Guardian:GemstoneGun","Oddly Smooth Stone","PreservedInsect","Bag of Preparation","Blue Candle"],"acts_visited":["Exordium","TheCity","TheBeyond","TheEnding"],"potions_floor_usage":[55],"damage_taken":[{"damage":10.0,"enemies":"downfall:FleeingMerchant","floor":2.0,"turns":4.0},{"damage":0.0,"enemies":"Jaw Worm","floor":3.0,"turns":2.0},{"damage":5.0,"enemies":"Cultist","floor":4.0,"turns":4.0},{"damage":0.0,"enemies":"Small Slimes","floor":5.0,"turns":2.0},{"damage":25.0,"enemies":"downfall:Heads","floor":6.0,"turns":6.0},{"damage":32.0,"enemies":"downfall:Heads","floor":8.0,"turns":3.0},{"damage":15.0,"enemies":"3 Sentries","floor":10.0,"turns":10.0},{"damage":10.0,"enemies":"Exordium Thugs","floor":11.0,"turns":4.0},{"damage":5.0,"enemies":"2 Fungi Beasts","floor":12.0,"turns":3.0},{"damage":28.0,"enemies":"downfall:FleeingMerchant","floor":14.0,"turns":4.0},{"damage":17.0,"enemies":"Exordium Thugs","floor":15.0,"turns":4.0},{"damage":39.0,"enemies":"downfall:Watcher","floor":16.0,"turns":8.0},{"damage":5.0,"enemies":"Shell Parasite","floor":20.0,"turns":4.0},{"damage":15.0,"enemies":"Chosen","floor":22.0,"turns":3.0},{"damage":20.0,"enemies":"Gremlin Leader","floor":25.0,"turns":4.0},{"damage":48.0,"enemies":"Slavers","floor":27.0,"turns":5.0},{"damage":5.0,"enemies":"Centurion and Healer","floor":28.0,"turns":3.0},{"damage":10.0,"enemies":"downfall:FleeingMerchant","floor":30.0,"turns":4.0},{"damage":10.0,"enemies":"Cultist and Chosen","floor":32.0,"turns":5.0},{"damage":15.0,"enemies":"downfall:Defect","floor":33.0,"turns":8.0},{"damage":10.0,"enemies":"downfall:FleeingMerchant","floor":36.0,"turns":2.0},{"damage":10.0,"enemies":"3 Shapes","floor":38.0,"turns":4.0},{"damage":24.0,"enemies":"2 Orb Walkers","floor":39.0,"turns":3.0},{"damage":7.0,"enemies":"Giant Head","floor":40.0,"turns":5.0},{"damage":5.0,"enemies":"Nemesis","floor":42.0,"turns":3.0},{"damage":0.0,"enemies":"3 Darklings","floor":43.0,"turns":2.0},{"damage":21.0,"enemies":"Mind Bloom Boss Battle","floor":45.0,"turns":4.0},{"damage":10.0,"enemies":"Transient","floor":46.0,"turns":5.0},{"damage":5.0,"enemies":"Spire Growth","floor":49.0,"turns":3.0},{"damage":31.0,"enemies":"downfall:Silent","floor":50.0,"turns":5.0},{"damage":21.0,"enemies":"downfall:CharBossMerchant","floor":52.0,"turns":4.0},{"damage":34,"enemies":"downfall:NeowBoss","floor":55,"turns":20}],"seed_played":"901774598491627296","potions_obtained":[{"floor":4.0,"key":"champ:OpenerPotion"},{"floor":10.0,"key":"Strength Potion"},{"floor":15.0,"key":"hexamod:EctoCoolerPotion"}],"is_trial":false,"path_per_floor":["R","$","M","M","M","?","T","?","R","E","M","M","?","$","M","B",null,"R","?","M","?","M","R","T","E","R","E","M","?","$","?","M","B",null,"R","$","R","M","?","E","T","E","M","R","?","M","$","?","M","B",null,"E","$","R","B",null],"character_chosen":"THE_CHAMP","items_purchased":["Mummified Hand","champ:Backstep","champ:FlashCut","Eternal Feather","Membership Card","champ:TornadoPunch","champ:GladiatorStyle","Mango","champ:EnchantCrown","Oddly Smooth Stone","expansioncontent:StudyTheSpire","Bag of Preparation","Blue Candle","champ:GladiatorStyle","expansioncontent:DefensiveStance"],"campfire_rested":0,"item_purchase_floors":[2,2,2,14,30,30,36,36,36,47,53,53,53,53,53],"current_hp_per_floor":[63,58,58,58,58,48,48,42,90,90,90,90,90,77,65,66,90,90,90,90,77,67,79,79,74,86,70,72,66,68,68,70,80,90,90,104,104,104,80,86,86,92,94,114,109,114,114,104,114,114,114,111,111,114,93],"gold":38,"neow_bonus":"TWO_FIFTY_GOLD","is_daily":false,"chose_seed":false,"campfire_upgraded":8,"win_rate":0.0,"timestamp":1608087566,"path_taken":["R","$","M","M","M","?","T","?","R","E","?","M","?","$","M","BOSS","R","?","M","?","?","R","T","E","R","E","M","?","?","?","M","BOSS","R","$","R","?","?","E","T","E","M","R","?","M","$","?","M","BOSS","E","$","R","BOSS"],"items_purchased_type":["Relic","Card","Card","Relic","Relic","Card","Card","Relic","Card","Relic","Card","Relic","Relic","Card","Card"],"build_version":"2020-12-13","purchased_purges":4,"victory":true,"max_hp_per_floor":[90,90,90,90,90,90,90,90,90,90,90,90,90,90,90,90,90,90,90,90,90,90,90,90,90,90,90,90,90,90,90,90,90,90,90,104,104,104,104,104,104,104,104,114,114,114,114,114,114,114,114,114,114,114,114],"relic_stats":{"Regal Pillow":0,"counters":[32,150],"Blue Candle":[4],"Eternal Feather":37,"PreservedInsect":0,"Bag of Preparation":[2],"Letter Opener":[289],"Sozu":6,"Centennial Puzzle":[70],"Mummified Hand":[72],"Shuriken":[23],"Pantograph":45,"Bird Faced Urn":[70],"Prayer Wheel":4,"Kunai":[33],"obtain_stats":[{"Regal Pillow":42,"champ:ChampionCrown":0,"downfall:HeartBlessingGreen":18,"Mango":36,"Bag of Preparation":53,"Old Coin":40,"Sozu":17,"Centennial Puzzle":10,"downfall:GremlinWheel":8,"HornCleat":24,"Mummified Hand":2,"downfall:HeartBlessingBlue":44,"Pantograph":13,"Philosopher\u0027s Stone":34,"Prayer Wheel":39,"Kunai":7,"downfall:HeartBlessingRed":37,"Guardian:GemstoneGun":45,"Blue Candle":53,"Oddly Smooth Stone":47,"Eternal Feather":14,"PreservedInsect":52,"Letter Opener":19,"Shuriken":27,"Bird Faced Urn":25,"Membership Card":30},{"Regal Pillow":25,"champ:ChampionCrown":0,"downfall:HeartBlessingGreen":12,"Mango":21,"Bag of Preparation":31,"Old Coin":24,"Sozu":12,"Centennial Puzzle":7,"downfall:GremlinWheel":6,"HornCleat":14,"Mummified Hand":1,"downfall:HeartBlessingBlue":26,"Pantograph":9,"Philosopher\u0027s Stone":20,"Prayer Wheel":23,"Kunai":5,"downfall:HeartBlessingRed":21,"Guardian:GemstoneGun":27,"Blue Candle":31,"Oddly Smooth Stone":28,"Eternal Feather":10,"PreservedInsect":31,"Letter Opener":12,"Shuriken":16,"Bird Faced Urn":15,"Membership Card":18},{"Regal Pillow":107,"champ:ChampionCrown":0,"downfall:HeartBlessingGreen":54,"Mango":92,"Bag of Preparation":130,"Old Coin":104,"Sozu":54,"Centennial Puzzle":31,"downfall:GremlinWheel":21,"HornCleat":61,"Mummified Hand":4,"downfall:HeartBlessingBlue":109,"Pantograph":38,"Philosopher\u0027s Stone":90,"Prayer Wheel":99,"Kunai":18,"downfall:HeartBlessingRed":92,"Guardian:GemstoneGun":113,"Blue Candle":130,"Oddly Smooth Stone":118,"Eternal Feather":42,"PreservedInsect":130,"Letter Opener":54,"Shuriken":70,"Bird Faced Urn":65,"Membership Card":77}]},"card_choices":[{"not_picked":["champ:DefensiveShout","champ:StanceDance"],"picked":"champ:FlashCut","floor":2.0},{"not_picked":["champ:FlashCut","champ:BringItOn"],"picked":"champ:Haymaker","floor":3.0},{"not_picked":["champ:BerserkersShout","champ:CrookedStrike"],"picked":"champ:ArenaPreparation","floor":4.0},{"not_picked":["champ:BerserkersShout","champ:FlashCut","champ:PreciseThrust"],"picked":"SKIP","floor":5.0},{"not_picked":["champ:FaceSlap","champ:BringItOn"],"picked":"champ:DefensiveShout","floor":6.0},{"not_picked":["champ:BerserkersShout","champ:RapidStrikes"],"picked":"champ:EnchantCrown","floor":10.0},{"not_picked":["champ:AdrenalArmor","champ:DefensiveShout"],"picked":"champ:BladeFlurry","floor":11.0},{"not_picked":["champ:StanceDance","champ:BringItOn"],"picked":"champ:BladeFlurry","floor":12.0},{"not_picked":["champ:Encircle","champ:BladeFlurry"],"picked":"champ:ShieldThrow","floor":14.0},{"not_picked":["champ:StanceDance","champ:Lariat","champ:DeathBlow"],"picked":"SKIP","floor":15.0},{"not_picked":["champ:EnchantShield","champ:VampiricStrike"],"picked":"champ:DancingMaster","floor":16.0},{"not_picked":["champ:Encircle","champ:BladeFlurry","champ:AdrenalArmor+1"],"picked":"SKIP","floor":20.0},{"not_picked":["champ:FlashCut","champ:Backstep","champ:Haymaker"],"picked":"SKIP","floor":22.0},{"not_picked":["champ:RapidStrikes","champ:EnchantSword"],"picked":"champ:FocusedDefense","floor":25.0},{"not_picked":["champ:Encircle+1","champ:DefensiveStyle"],"picked":"champ:Circumvent","floor":27.0},{"not_picked":["champ:BringItOn","champ:BladeFlurry","champ:BerserkersShout"],"picked":"SKIP","floor":28.0},{"not_picked":["champ:TornadoPunch","champ:ArenaPreparation+1"],"picked":"champ:EnGarde","floor":30.0},{"not_picked":["champ:StanceDance","champ:ShieldWall","champ:DefensiveShout+1"],"picked":"SKIP","floor":32.0},{"not_picked":["champ:StanceDance","champ:ShieldWall"],"picked":"champ:DefensiveShout+1","floor":32.0},{"not_picked":["champ:LastStand","champ:SteelEdge"],"picked":"champ:Improvising","floor":33.0},{"not_picked":["champ:Encircle","champ:DefensiveShout"],"picked":"champ:CalledShot+1","floor":36.0},{"not_picked":["champ:Shatter","champ:FanOfKnives+1","champ:GladiatorStyle+1"],"picked":"SKIP","floor":38.0},{"not_picked":["champ:BringItOn","champ:Control"],"picked":"champ:SkillfulDodge+1","floor":40.0},{"not_picked":["champ:DeathBlow","champ:TornadoPunch","champ:GladiatorsShout"],"picked":"SKIP","floor":42.0},{"not_picked":["champ:TornadoPunch+1","champ:GladiatorsShout"],"picked":"champ:VampiricStrike","floor":43.0},{"not_picked":["champ:BerserkersShout+1","champ:CalledShot","champ:BerserkerStyle+1"],"picked":"SKIP","floor":43.0},{"not_picked":["champ:Haymaker","champ:StanceDance"],"picked":"champ:Circumvent","floor":46.0},{"not_picked":["champ:StrikeOfGenius","champ:DeathBlow"],"picked":"champ:Circumvent","floor":46.0},{"not_picked":["expansioncontent:Flail","expansioncontent:AwakenDeath"],"picked":"expansioncontent:CaCaw","floor":48.0},{"not_picked":["expansioncontent:Torchfire","expansioncontent:Hexaburn"],"picked":"expansioncontent:ChargeUp","floor":48.0},{"not_picked":["expansioncontent:GoopSpray","expansioncontent:Flail"],"picked":"expansioncontent:FaceSlap","floor":48.0},{"not_picked":["champ:StanceDance+1","champ:DefensiveShout+1","champ:EndlessRage+1"],"picked":"SKIP","floor":49.0},{"not_picked":["champ:CrookedStrike+1","champ:EndlessRage+1","champ:PerfectedStrike"],"picked":"SKIP","floor":49.0},{"not_picked":["champ:Backstep+1","champ:Haymaker+1"],"picked":"champ:GladiatorsShout+1","floor":52}],"player_experience":1557898,"relics_obtained":[{"floor":7.0,"key":"Kunai"},{"floor":8.0,"key":"downfall:GremlinWheel"},{"floor":10.0,"key":"Centennial Puzzle"},{"floor":24.0,"key":"HornCleat"},{"floor":25.0,"key":"Bird Faced Urn"},{"floor":27.0,"key":"Shuriken"},{"floor":39.0,"key":"Prayer Wheel"},{"floor":40.0,"key":"Old Coin"},{"floor":42.0,"key":"Regal Pillow"},{"floor":45.0,"key":"Guardian:GemstoneGun"},{"floor":52,"key":"PreservedInsect"}],"event_choices":[{"damage_healed":48.0,"max_hp_gain":0.0,"max_hp_loss":0.0,"gold_gain":0.0,"event_name":"Wheel of Change","player_choice":"Full Heal","floor":9.0,"gold_loss":0.0,"damage_taken":0.0},{"damage_healed":0.0,"max_hp_gain":0.0,"max_hp_loss":0.0,"gold_gain":0.0,"event_name":"Big Fish","player_choice":"Box","floor":13.0,"gold_loss":0.0,"damage_taken":0.0,"relics_obtained":["Pantograph"],"cards_obtained":["Regret"]},{"damage_healed":0.0,"max_hp_gain":0.0,"max_hp_loss":0.0,"gold_gain":0.0,"cards_transformed":["champ:Strike"],"event_name":"Transmorgrifier","player_choice":"Transformed","floor":31.0,"gold_loss":0.0,"damage_taken":0.0,"cards_obtained":["champ:FocusedGladiator"]},{"damage_healed":0.0,"max_hp_gain":0.0,"max_hp_loss":0.0,"gold_gain":0.0,"event_name":"Mysterious Sphere","player_choice":"Fight","floor":39.0,"gold_loss":0.0,"damage_taken":0.0}],"is_beta":false,"boss_relics":[{"not_picked":["Pandora\u0027s Box","Cursed Key"],"picked":"Sozu"},{"not_picked":["Empty Cage","Tiny House"],"picked":"Philosopher\u0027s Stone"}],"items_purged_floors":[14,36,47,53],"is_endless":false,"potions_floor_spawned":[4,10,15,16,27,28,32,42,45,49],"ascension_level":2}}