{"host":"kw4o7b3ro2ktmmbe","time":1608160255,"event":{"mods":["BaseMod","Lobotomy","Minty Spire (QoL Compilation)","StSLib","Treasure Hunter"],"gold_per_floor":[132,132,132,148,164,8,8,39,93,93,93,125,54,65,65,165,165,177,197,197,9,27,27,59,71,71,85,110,120,148,248,248,320,320,303,303,317,1316,946,946,946,949,949,1224,1243,878,878,898,898,874,874],"floor_reached":50,"playtime":7708,"items_purged":["Defend_R","Defend_R"],"score":763,"play_id":"27ed2849-fb8f-4554-b1bf-398dc48f745f","local_time":"20201217121055","is_ascension_mode":false,"campfire_choices":[{"data":"Juggernaut","floor":7.0,"key":"SMITH"},{"data":"TH:BikiniMail","floor":11.0,"key":"SMITH"},{"data":"Sword Boomerang","floor":15.0,"key":"SMITH"},{"data":"Feed","floor":23.0,"key":"SMITH"},{"data":"Rupture","floor":32.0,"key":"SMITH"},{"floor":40.0,"key":"REST"},{"data":"Metallicize","floor":47,"key":"SMITH"},{"data":"Metallicize","floor":49,"key":"SMITH"}],"circlet_count":0,"master_deck":["Strike_R","Strike_R","Strike_R","Strike_R","Strike_R","Defend_R+1","Defend_R","Bash","Cleave+1","Scorched","Pommel Strike","Juggernaut+1","DespairKnight","TH:BikiniMail+1","CherryBlossoms","Rampage","TH:DeckOfManyThings","TH:ArmorSpikes","Combust","Freischutz","Spot Weakness","CrumblingArmor","Sword Boomerang+1","TH:BikiniMail","Feed+1","MHz","LaLuna","Anger","DreamingCurrent","Metallicize+1","Immolate","Wellcheers","TH:CursedSword","Rupture+1","NakedNest","Cleave+1","TH:CursedSword","Metallicize+1","MeatLantern","TH:TreasureMap","Metallicize+1","LongBird","Hemokinesis+1","BeautyBeast","TH:Mimic","Iron Wave","BodiesMountain","MeltingLove","Carnage","TH:Mimic","Limit Break","SilentOrchestra","Cleave+1","QueenBee","Normality","Normality","TH:BikiniMail","TH:ArmorSpikes","Sever Soul+1","BigBird","TH:PixieDust","Regret","Rudolta","Feel No Pain","Magnetism","Fire Breathing","FairyFestival"],"relics":["Burning Blood","CogitoBucket","Akabeko","Orichalcum","Pen Nib","Strawberry","Sundial","BehaviorAdjustment","Mark of Pain","Bronze Scales","Membership Card","StoneCalendar","Question Card","Happy Flower","PreservedInsect","Charon\u0027s Ashes","Bottled Lightning","Busted Crown","AtMidnight","TH:HealthInsurance","Toxic Egg 2","InkBottle","Ice Cream","Mummified Hand","Darkstone Periapt","Medical Kit","White Beast Statue"],"acts_visited":["Exordium","TheCity","TheBeyond"],"potions_floor_usage":[50,50],"damage_taken":[{"damage":5.0,"enemies":"Small Slimes","floor":1.0,"turns":5.0},{"damage":1.0,"enemies":"Jaw Worm","floor":4.0,"turns":3.0},{"damage":31.0,"enemies":"Cultist","floor":5.0,"turns":3.0},{"damage":7.0,"enemies":"3 Sentries","floor":8.0,"turns":4.0},{"damage":6.0,"enemies":"Gremlin Nob","floor":12.0,"turns":4.0},{"damage":8.0,"enemies":"Exordium Thugs","floor":14.0,"turns":3.0},{"damage":21.0,"enemies":"The Guardian","floor":16.0,"turns":7.0},{"damage":6.0,"enemies":"Chosen","floor":18.0,"turns":3.0},{"damage":1.0,"enemies":"Shell Parasite","floor":19.0,"turns":2.0},{"damage":24.0,"enemies":"3 Cultists","floor":22.0,"turns":3.0},{"damage":37.0,"enemies":"Gremlin Leader","floor":24.0,"turns":4.0},{"damage":30.0,"enemies":"Shelled Parasite and Fungi","floor":25.0,"turns":3.0},{"damage":12.0,"enemies":"Sentry and Sphere","floor":27.0,"turns":4.0},{"damage":8.0,"enemies":"Book of Stabbing","floor":28.0,"turns":3.0},{"damage":4.0,"enemies":"Snecko","floor":29.0,"turns":5.0},{"damage":20.0,"enemies":"Gremlin Leader","floor":30.0,"turns":5.0},{"damage":2.0,"enemies":"Colosseum Slavers","floor":31.0,"turns":2.0},{"damage":0.0,"enemies":"Colosseum Nobs","floor":31.0,"turns":3.0},{"damage":43.0,"enemies":"Collector","floor":33.0,"turns":7.0},{"damage":114.0,"enemies":"3 Darklings","floor":35.0,"turns":10.0},{"damage":56.0,"enemies":"3 Shapes","floor":37.0,"turns":2.0},{"damage":101.0,"enemies":"Nemesis","floor":42.0,"turns":5.0},{"damage":12,"enemies":"Maw","floor":45,"turns":3},{"damage":5,"enemies":"Sphere and 2 Shapes","floor":48,"turns":3},{"damage":178,"enemies":"Awakened One","floor":50,"turns":4}],"seed_played":"-8358595658583799503","potions_obtained":[{"floor":8.0,"key":"Weak Potion"},{"floor":16.0,"key":"SteroidPotion"},{"floor":19.0,"key":"ElixirPotion"},{"floor":24.0,"key":"Dexterity Potion"},{"floor":29.0,"key":"SpeedPotion"},{"floor":30.0,"key":"EssenceOfSteel"},{"floor":33.0,"key":"Explosive Potion"},{"floor":45,"key":"Regen Potion"},{"floor":48,"key":"ElixirPotion"}],"is_trial":false,"path_per_floor":["M","?","?","M","M","$","R","E","T","$","R","E","$","M","R","B",null,"M","M","?","$","M","R","E","M","T","M","E","M","E","?","R","B",null,"M","?","M","?","$","R","T","E","T","?","M","$","R","M","R","B"],"character_chosen":"IRONCLAD","items_purchased":["Orichalcum","Spot Weakness","Membership Card","Metallicize","TH:HealthInsurance","Toxic Egg 2","InkBottle","Medical Kit","White Beast Statue","Feel No Pain","Magnetism"],"campfire_rested":1,"item_purchase_floors":[6,13,21,21,39,39,39,46,46,46,46],"current_hp_per_floor":[80,64,64,69,44,44,44,43,50,50,50,50,50,48,48,33,87,87,87,87,87,69,69,50,48,48,73,89,95,95,99,99,94,99,57,57,35,35,35,67,67,52,52,58,87,87,87,113,113,0,0],"gold":874,"neow_bonus":"","is_daily":false,"chose_seed":false,"campfire_upgraded":7,"win_rate":0.0,"timestamp":1608160255,"path_taken":["M","?","?","?","M","?","R","E","T","$","R","E","?","M","R","BOSS","M","M","?","?","M","R","E","M","T","M","E","M","E","?","R","BOSS","M","?","M","?","$","R","?","E","T","?","?","$","R","M","R","BOSS"],"items_purchased_type":["Relic","Card","Relic","Card","Relic","Relic","Relic","Relic","Relic","Card","Card"],"build_version":"2020-12-13","purchased_purges":2,"victory":false,"max_hp_per_floor":[80,80,80,80,80,80,80,80,87,87,87,87,87,87,87,87,87,87,87,87,87,87,87,87,91,91,95,95,95,95,99,99,99,99,103,103,107,107,107,107,107,107,107,113,113,113,113,113,113,113,113],"card_choices":[{"not_picked":["Murderer","WallGazer"],"picked":"CrumblingArmor","floor":1.0},{"not_picked":["Warcry","Intimidate"],"picked":"Cleave","floor":1.0},{"not_picked":["PunishingBird","Yin"],"picked":"Scorched","floor":4.0},{"not_picked":["Sword Boomerang","Offering"],"picked":"Pommel Strike","floor":4.0},{"not_picked":["Feel No Pain","Infernal Blade"],"picked":"Juggernaut","floor":5.0},{"not_picked":["Variant","QueenBee"],"picked":"DespairKnight","floor":5.0},{"not_picked":["TH:ArmorSpikes"],"picked":"TH:BikiniMail","floor":8.0},{"not_picked":["HeroicMonk","BeautyBeast"],"picked":"CherryBlossoms","floor":8.0},{"not_picked":["Clash","Uppercut"],"picked":"Rampage","floor":8.0},{"not_picked":["TH:EnergyPotion"],"picked":"TH:DeckOfManyThings","floor":9.0},{"not_picked":["TH:DeckOfManyThings"],"picked":"TH:ArmorSpikes","floor":12.0},{"not_picked":["Burning Pact","Flame Barrier"],"picked":"Combust","floor":12.0},{"not_picked":["OldLady","Alriune"],"picked":"Freischutz","floor":12.0},{"not_picked":["ShyLook","Porccubus"],"picked":"CrumblingArmor","floor":14.0},{"not_picked":["Second Wind","Havoc"],"picked":"Sword Boomerang","floor":14.0},{"not_picked":["TH:PixieDust"],"picked":"TH:BikiniMail","floor":16.0},{"not_picked":["Brutality","Double Tap"],"picked":"Feed","floor":16.0},{"not_picked":["Murderer","SpiderBud"],"picked":"MHz","floor":16.0},{"not_picked":["LittleHelper","QueenBee"],"picked":"LaLuna","floor":18.0},{"not_picked":["Headbutt+1","Spot Weakness","Thunderclap"],"picked":"SKIP","floor":18.0},{"not_picked":["Clothesline","Headbutt"],"picked":"Anger","floor":19.0},{"not_picked":["SingingMachine","GalaxyChild"],"picked":"DreamingCurrent","floor":19.0},{"not_picked":["Twin Strike","Dropkick"],"picked":"Immolate","floor":22.0},{"not_picked":["VoidDream","OSAHOGD"],"picked":"Wellcheers","floor":22.0},{"not_picked":["TH:ElvenBoots"],"picked":"TH:CursedSword","floor":24.0},{"not_picked":["Shrug It Off","Burning Pact"],"picked":"Rupture","floor":24.0},{"not_picked":["ShyLook","BodiesMountain"],"picked":"NakedNest","floor":24.0},{"not_picked":["Thunderclap","Rage+1"],"picked":"Cleave+1","floor":25.0},{"not_picked":["MeatLantern","MeltingLove"],"picked":"Yin","floor":25.0},{"not_picked":["TH:DeckOfManyThings"],"picked":"TH:CursedSword","floor":26.0},{"not_picked":["Dropkick","Havoc","Flame Barrier"],"picked":"Metallicize+1","floor":27.0},{"not_picked":["UniverseFragment","Porccubus"],"picked":"MeatLantern","floor":27.0},{"not_picked":["TH:Mimic","TH:EnergyPotion"],"picked":"TH:TreasureMap","floor":28.0},{"not_picked":["Barricade","Clothesline","Intimidate"],"picked":"Metallicize","floor":28.0},{"not_picked":["UniverseFragment","Scarecrow"],"picked":"LongBird","floor":28.0},{"not_picked":["Warcry+1","Flex","Pommel Strike"],"picked":"Hemokinesis+1","floor":29.0},{"not_picked":["PunishingBird","ShyLook"],"picked":"BeautyBeast","floor":29.0},{"not_picked":["TH:EnergyPotion","TH:DeckOfManyThings"],"picked":"TH:Mimic","floor":30.0},{"not_picked":["Uppercut","Headbutt+1","Havoc"],"picked":"Iron Wave","floor":30.0},{"not_picked":["ShyLook","HeroicMonk"],"picked":"BodiesMountain","floor":30.0},{"not_picked":["OldLady","SpiderBud"],"picked":"MeltingLove","floor":31.0},{"not_picked":["Second Wind","Searing Blow","Double Tap"],"picked":"Carnage","floor":31.0},{"not_picked":["TH:BikiniMail","TH:ArmorSpikes"],"picked":"TH:Mimic","floor":33.0},{"not_picked":["Demon Form","Immolate","Berserk"],"picked":"Limit Break","floor":33.0},{"not_picked":["HeroicMonk","OldLady"],"picked":"SilentOrchestra","floor":33.0},{"not_picked":["Shrug It Off+1"],"picked":"Cleave+1","floor":35.0},{"not_picked":["Mercenary","BigBadWolf"],"picked":"QueenBee","floor":37.0},{"not_picked":["True Grit","Rampage+1"],"picked":"SKIP","floor":37.0},{"not_picked":["True Grit","Rampage+1"],"picked":"SKIP","floor":37.0},{"not_picked":[],"picked":"TH:BikiniMail","floor":41.0},{"not_picked":[],"picked":"TH:ArmorSpikes","floor":42.0},{"not_picked":["Rage+1"],"picked":"Sever Soul+1","floor":42.0},{"not_picked":["FieryBird","WhitesApple"],"picked":"BigBird","floor":42.0},{"not_picked":[],"picked":"TH:PixieDust","floor":43.0},{"not_picked":["GreedKing","BigBadWolf"],"picked":"Rudolta","floor":45},{"not_picked":["Rampage+1","Disarm+1"],"picked":"SKIP","floor":45},{"not_picked":["Rampage+1","Disarm+1"],"picked":"SKIP","floor":45},{"not_picked":["Rampage+1"],"picked":"Fire Breathing","floor":48},{"not_picked":["FieryBird","Alriune"],"picked":"FairyFestival","floor":48}],"player_experience":1730485,"relics_obtained":[{"floor":8.0,"key":"Pen Nib"},{"floor":9.0,"key":"Strawberry"},{"floor":12.0,"key":"Sundial"},{"floor":20.0,"key":"Bronze Scales"},{"floor":24.0,"key":"StoneCalendar"},{"floor":26.0,"key":"Question Card"},{"floor":28.0,"key":"Happy Flower"},{"floor":30.0,"key":"PreservedInsect"},{"floor":31.0,"key":"Charon\u0027s Ashes"},{"floor":31.0,"key":"Bottled Lightning"},{"floor":35.0,"key":"AtMidnight"},{"floor":41.0,"key":"Ice Cream"},{"floor":42.0,"key":"Mummified Hand"},{"floor":43.0,"key":"Darkstone Periapt"}],"event_choices":[{"damage_healed":0.0,"max_hp_gain":0.0,"max_hp_loss":0.0,"gold_gain":0.0,"event_name":"Shining Light","player_choice":"Entered Light","floor":2.0,"gold_loss":0.0,"damage_taken":16.0,"cards_upgraded":["Defend_R","Cleave"]},{"cards_removed":["CrumblingArmor"],"damage_healed":0.0,"max_hp_gain":0.0,"max_hp_loss":0.0,"gold_gain":0.0,"event_name":"WeMeetAgain","player_choice":"Gave Card","floor":3.0,"gold_loss":0.0,"damage_taken":0.0,"relics_obtained":["Akabeko"]},{"damage_healed":0.0,"max_hp_gain":0.0,"max_hp_loss":0.0,"gold_gain":0.0,"event_name":"Wheel of Change","player_choice":"Relic","floor":20.0,"gold_loss":0.0,"damage_taken":0.0},{"damage_healed":0.0,"max_hp_gain":0.0,"max_hp_loss":0.0,"gold_gain":0.0,"event_name":"Colosseum","player_choice":"Fight","floor":31.0,"gold_loss":0.0,"damage_taken":0.0},{"damage_healed":0.0,"max_hp_gain":0.0,"max_hp_loss":0.0,"gold_gain":0.0,"event_name":"Colosseum","player_choice":"Fought Nobs","floor":31.0,"gold_loss":0.0,"damage_taken":0.0},{"damage_healed":0.0,"max_hp_gain":0.0,"max_hp_loss":0.0,"gold_gain":0.0,"event_name":"SensoryStone","player_choice":"Memory 1","floor":36.0,"gold_loss":0.0,"damage_taken":0.0},{"damage_healed":0.0,"max_hp_gain":0.0,"max_hp_loss":0.0,"gold_gain":999.0,"event_name":"MindBloom","player_choice":"Gold","floor":38.0,"gold_loss":0.0,"damage_taken":0.0,"cards_obtained":["Normality","Normality"]},{"damage_healed":0,"gold_gain":275,"player_choice":"Desecrate","damage_taken":0,"max_hp_gain":0,"max_hp_loss":0,"event_name":"Golden Shrine","floor":44,"gold_loss":0,"cards_obtained":["Regret"]}],"is_beta":false,"boss_relics":[{"not_picked":["Black Star","Cursed Key"],"picked":"Mark of Pain"},{"not_picked":["Runic Cube","Pandora\u0027s Box"],"picked":"Busted Crown"}],"items_purged_floors":[39,46],"is_endless":false,"potions_floor_spawned":[8,16,19,24,29,30,31,33,45,48],"killed_by":"Awakened One","ascension_level":0}}