{"host":"6xsbn6ynqlzwllfm","time":1608157334,"event":{"mods":["2.2 Compatiblity","BaseMod","Bestiary","Colored Map","Colored Powertips","Curses Come First","Downfall","Highlight Path","Keyboard Shortcuts","Minty Spire (QoL Compilation)","Quick Restart","Relic Stats","Slay the Relics Exporter","StSLib","SuperFastMode"],"gold_per_floor":[113,126,126,7,24,24,35,35,35,35,53,71,105,116,116,189,189,200,218,133,133,133,133,148,48,48,48,48,22,41,41,41,41,41],"floor_reached":33,"playtime":801,"items_purged":["Defend_B","Strike_B"],"score":457,"play_id":"2772961c-ceb3-4ec4-b00c-26733fd5c08e","local_time":"20201216172214","is_ascension_mode":true,"campfire_choices":[{"data":"Recycle","floor":6,"key":"SMITH"},{"floor":10,"key":"REST"},{"data":"Multi-Cast","floor":15,"key":"SMITH"},{"floor":23,"key":"REST"},{"floor":28,"key":"REST"},{"data":"Buffer","floor":32,"key":"SMITH"}],"circlet_count":0,"master_deck":["AscendersBane","Defend_B","Defend_B","Zap","Dualcast","Sweeping Beam+1","Hyperbeam+1","Thunder Strike+1","Cold Snap","Cold Snap","Recycle+1","Turbo","Multi-Cast+1","Conserve Battery","Doom and Gloom","Genetic Algorithm","Fission","Loop+1","Cold Snap+1","Hologram","Buffer+1","Ghostly","Ghostly","Ghostly"],"relics":["Astrolabe","Pantograph","Toy Ornithopter","Oddly Smooth Stone","Velvet Choker","Mango","Pear","Molten Egg 2"],"acts_visited":["Exordium","TheCity"],"potions_floor_usage":[12,13,16,16,24,33],"damage_taken":[{"damage":0,"enemies":"Small Slimes","floor":1,"turns":1},{"damage":12,"enemies":"Jaw Worm","floor":2,"turns":4},{"damage":0,"enemies":"2 Louse","floor":5,"turns":1},{"damage":11,"enemies":"2 Fungi Beasts","floor":7,"turns":3},{"damage":13,"enemies":"Looter","floor":11,"turns":3},{"damage":10,"enemies":"3 Louse","floor":12,"turns":2},{"damage":19,"enemies":"Gremlin Nob","floor":13,"turns":4},{"damage":0,"enemies":"Blue Slaver","floor":14,"turns":2},{"damage":45,"enemies":"Hexaghost","floor":16,"turns":10},{"damage":29,"enemies":"2 Thieves","floor":18,"turns":3},{"damage":10,"enemies":"Chosen","floor":19,"turns":5},{"damage":17,"enemies":"Shelled Parasite and Fungi","floor":24,"turns":4},{"damage":21,"enemies":"Centurion and Healer","floor":30,"turns":6},{"damage":64,"enemies":"Collector","floor":33,"turns":10}],"seed_played":"-6548315410453938577","potions_obtained":[{"floor":5,"key":"Regen Potion"},{"floor":12,"key":"LiquidBronze"},{"floor":13,"key":"Swift Potion"},{"floor":14,"key":"Block Potion"},{"floor":16,"key":"Swift Potion"},{"floor":19,"key":"DuplicationPotion"},{"floor":30,"key":"Explosive Potion"}],"is_trial":false,"path_per_floor":["M","M","?","$","M","R","M","?","T","R","M","M","E","M","R","B",null,"M","M","?","?","?","R","M","$","T","T","R","$","M","?","R","B"],"character_chosen":"DEFECT","items_purchased":["Recycle","Hologram"],"campfire_rested":3,"item_purchase_floors":[4,29],"current_hp_per_floor":[64,52,45,45,45,45,34,23,23,44,31,31,17,17,17,7,55,26,16,30,5,5,32,20,20,30,30,60,60,39,39,39,0,0],"gold":41,"neow_bonus":"BOSS_RELIC","is_daily":false,"chose_seed":false,"campfire_upgraded":3,"win_rate":0.0,"timestamp":1608157334,"path_taken":["M","M","?","$","M","R","M","?","T","R","M","M","E","M","R","BOSS","M","M","?","?","?","R","M","$","T","?","R","$","M","?","R","BOSS"],"items_purchased_type":["Card","Card"],"build_version":"2020-12-13","purchased_purges":2,"victory":false,"max_hp_per_floor":[71,71,71,71,71,71,71,71,71,71,71,71,71,71,71,71,71,71,71,85,90,90,90,90,90,100,100,100,100,100,50,50,50,50],"relic_stats":{"counters":[14,58],"Astrolabe":["Sweeping Beam","Hyperbeam","Thunder Strike"],"Pantograph":36,"obtain_stats":[{"Pear":26,"Astrolabe":0,"Pantograph":8,"Oddly Smooth Stone":13,"Velvet Choker":17,"Mango":20,"Molten Egg 2":27,"Cracked Core":0,"Toy Ornithopter":9},{"Pear":12,"Astrolabe":0,"Pantograph":4,"Oddly Smooth Stone":7,"Velvet Choker":9,"Mango":11,"Molten Egg 2":12,"Cracked Core":0,"Toy Ornithopter":4},{"Pear":42,"Astrolabe":0,"Pantograph":9,"Oddly Smooth Stone":18,"Velvet Choker":30,"Mango":38,"Molten Egg 2":42,"Cracked Core":0,"Toy Ornithopter":9}],"Toy Ornithopter":30},"card_choices":[{"not_picked":["Streamline","Capacitor"],"picked":"Cold Snap","floor":1},{"not_picked":["Chill","Steam"],"picked":"Cold Snap","floor":2},{"not_picked":["Streamline","Compile Driver"],"picked":"Turbo","floor":5},{"not_picked":["Leap","Chaos"],"picked":"Multi-Cast","floor":7},{"not_picked":["Hologram","Reprogram","Stack"],"picked":"SKIP","floor":11},{"not_picked":["Recycle","Ball Lightning"],"picked":"Conserve Battery","floor":12},{"not_picked":["Skim","Cold Snap"],"picked":"Doom and Gloom","floor":13},{"not_picked":["Scrape","Steam"],"picked":"Genetic Algorithm","floor":14},{"not_picked":["Core Surge","Amplify"],"picked":"Fission","floor":16},{"not_picked":["Redo","BootSequence"],"picked":"Loop+1","floor":18},{"not_picked":["Barrage","Go for the Eyes","Beam Cell"],"picked":"SKIP","floor":19},{"not_picked":["Recycle","Blizzard"],"picked":"Cold Snap+1","floor":24},{"not_picked":["Coolheaded","Conserve Battery"],"picked":"Buffer","floor":30}],"player_experience":1236261,"relics_obtained":[{"floor":9,"key":"Toy Ornithopter"},{"floor":13,"key":"Oddly Smooth Stone"},{"floor":26,"key":"Pear"},{"floor":27,"key":"Molten Egg 2"}],"event_choices":[{"cards_removed":["Strike_B"],"damage_healed":0,"gold_gain":0,"player_choice":"Card Removal","damage_taken":7,"max_hp_gain":0,"max_hp_loss":0,"event_name":"Golden Wing","floor":3,"gold_loss":0},{"damage_healed":0,"gold_gain":0,"player_choice":"Success","damage_taken":11,"relics_obtained":["Pantograph"],"max_hp_gain":0,"max_hp_loss":0,"event_name":"Scrap Ooze","floor":8,"gold_loss":0},{"damage_healed":0,"gold_gain":0,"player_choice":"Obtained Relic","damage_taken":0,"relics_obtained":["Mango"],"max_hp_gain":0,"max_hp_loss":0,"event_name":"Addict","floor":20,"gold_loss":85},{"damage_healed":0,"gold_gain":0,"player_choice":"Shed Blood","damage_taken":30,"max_hp_gain":5,"max_hp_loss":0,"event_name":"Forgotten Altar","floor":21,"gold_loss":0},{"damage_healed":0,"gold_gain":0,"player_choice":"Ignored","damage_taken":0,"max_hp_gain":0,"max_hp_loss":0,"event_name":"The Mausoleum","floor":22,"gold_loss":0},{"damage_healed":0,"gold_gain":0,"player_choice":"Became a Ghost","damage_taken":0,"max_hp_gain":0,"max_hp_loss":50,"event_name":"Ghosts","floor":31,"gold_loss":0,"cards_obtained":["Ghostly","Ghostly","Ghostly"]}],"is_beta":false,"boss_relics":[{"not_picked":["Calling Bell","Ectoplasm"],"picked":"Velvet Choker"}],"items_purged_floors":[4,25],"is_endless":false,"potions_floor_spawned":[5,12,13,14,16,19,30],"killed_by":"Collector","ascension_level":17}}