{"host":"hgkb2zpbo2dcws21","time":1608127110,"event":{"mods":["AchievementEnabler","BaseMod","Colored Map","Colored Powertips","Custom Start","DeckTracker","KOR Keyword Fix","Minty Spire (QoL Compilation)","StSLib","SuperFastMode"],"gold_per_floor":[109,36,56,56,67,80,80,109,133,147,147,147,147,164,164,240,240,256,268,110,110,10,10,20,40,40,51,51,68,99,117,117,194,194],"floor_reached":33,"playtime":868,"items_purged":["Phantasmal Killer","Outmaneuver"],"score":705,"play_id":"f3cbff49-6e5d-48f8-8b15-c5ff595721bf","local_time":"20201216225830","is_ascension_mode":true,"campfire_choices":[{"data":"Deadly Poison","floor":7,"key":"SMITH"},{"data":"After Image","floor":13,"key":"SMITH"},{"data":"Crippling Poison","floor":15,"key":"SMITH"},{"data":"Noxious Fumes","floor":23,"key":"SMITH"},{"floor":28,"key":"REST"},{"floor":32,"key":"REST"}],"circlet_count":0,"master_deck":["AscendersBane","Survivor","Neutralize","Tactician","After Image+1","Deadly Poison+1","Poisoned Stab","Crippling Poison+1","Adrenaline","Acrobatics","Predator","Noxious Fumes+1","Finisher","Dash","Noxious Fumes","Sucker Punch","Setup+1","Reflex","Backflip+1","Prepared"],"relics":["Ring of the Snake","NeowsBlessing","Boot","Nunchaku","Bag of Marbles","Eternal Feather","Pandora\u0027s Box","Juzu Bracelet","Thread and Needle"],"acts_visited":["Exordium","TheCity"],"potions_floor_usage":[8,16,30,33],"damage_taken":[{"damage":0,"enemies":"Small Slimes","floor":1,"turns":1},{"damage":0,"enemies":"Cultist","floor":3,"turns":1},{"damage":0,"enemies":"Jaw Worm","floor":5,"turns":1},{"damage":16,"enemies":"Exordium Wildlife","floor":6,"turns":6},{"damage":23,"enemies":"3 Sentries","floor":8,"turns":11},{"damage":0,"enemies":"Blue Slaver","floor":10,"turns":3},{"damage":20,"enemies":"Exordium Thugs","floor":14,"turns":5},{"damage":22,"enemies":"Hexaghost","floor":16,"turns":10},{"damage":6,"enemies":"3 Byrds","floor":18,"turns":4},{"damage":14,"enemies":"Shell Parasite","floor":19,"turns":4},{"damage":11,"enemies":"Snake Plant","floor":24,"turns":4},{"damage":15,"enemies":"Snecko","floor":25,"turns":5},{"damage":12,"enemies":"Centurion and Healer","floor":27,"turns":6},{"damage":10,"enemies":"Sentry and Sphere","floor":29,"turns":4},{"damage":36,"enemies":"Gremlin Leader","floor":30,"turns":5},{"damage":9,"enemies":"Snecko","floor":31,"turns":5},{"damage":34,"enemies":"Champ","floor":33,"turns":9}],"seed_played":"-1056616418239641819","potions_obtained":[{"floor":3,"key":"Block Potion"},{"floor":6,"key":"EssenceOfSteel"},{"floor":8,"key":"FairyPotion"},{"floor":18,"key":"Regen Potion"},{"floor":24,"key":"Strength Potion"},{"floor":30,"key":"Fire Potion"},{"floor":33,"key":"Poison Potion"}],"is_trial":false,"path_per_floor":["M","?","M","$","M","M","R","E","T","M","?","T","R","M","R","B",null,"M","M","$","?","$","R","M","M","T","M","R","M","E","M","R","B"],"character_chosen":"THE_SILENT","items_purchased":["Reflex"],"campfire_rested":2,"item_purchase_floors":[20],"current_hp_per_floor":[59,59,59,59,59,43,43,20,20,20,13,13,22,2,11,9,52,46,32,32,45,45,54,43,28,28,16,47,37,15,6,37,3,3],"gold":194,"neow_bonus":"THREE_ENEMY_KILL","is_daily":false,"chose_seed":false,"campfire_upgraded":4,"win_rate":0.0,"timestamp":1608127110,"path_taken":["M","?","M","$","?","M","R","E","T","M","?","?","R","M","R","BOSS","M","M","$","?","$","R","M","M","T","M","R","M","E","M","R","BOSS"],"items_purchased_type":["Card"],"build_version":"2020-12-13","purchased_purges":2,"victory":false,"max_hp_per_floor":[66,66,66,66,66,66,66,66,66,66,66,66,66,66,66,66,66,66,66,66,66,66,66,66,66,66,66,66,66,66,66,66,66,66],"card_choices":[{"not_picked":["Acrobatics","Quick Slash"],"picked":"Tactician","floor":1},{"not_picked":["All Out Attack","Dagger Spray"],"picked":"After Image","floor":3},{"not_picked":["Infinite Blades","Outmaneuver"],"picked":"Deadly Poison","floor":5},{"not_picked":["Bane","Dash"],"picked":"Poisoned Stab","floor":6},{"not_picked":["Flechettes","Riddle With Holes","Dash"],"picked":"SKIP","floor":8},{"not_picked":["Sucker Punch","Poisoned Stab","Dagger Spray"],"picked":"SKIP","floor":10},{"not_picked":["Leg Sweep","Underhanded Strike"],"picked":"Crippling Poison","floor":14},{"not_picked":["Venomology","Bullet Time"],"picked":"Adrenaline","floor":16},{"not_picked":["Sucker Punch","PiercingWail"],"picked":"Setup+1","floor":18},{"not_picked":["Cloak And Dagger","Expertise","Sucker Punch"],"picked":"SKIP","floor":19},{"not_picked":["Deflect","Expertise"],"picked":"Backflip+1","floor":24},{"not_picked":["PiercingWail+1","Sucker Punch"],"picked":"Prepared","floor":25},{"not_picked":["Predator","Flechettes","Backstab"],"picked":"SKIP","floor":27},{"not_picked":["Infinite Blades","Backstab","Expertise"],"picked":"SKIP","floor":29},{"not_picked":["A Thousand Cuts","Cloak And Dagger","Finisher"],"picked":"SKIP","floor":30},{"not_picked":["Slice","Skewer","Finisher"],"picked":"SKIP","floor":31}],"player_experience":1077946,"relics_obtained":[{"floor":8,"key":"Nunchaku"},{"floor":9,"key":"Bag of Marbles"},{"floor":12,"key":"Eternal Feather"},{"floor":26,"key":"Juzu Bracelet"},{"floor":30,"key":"Thread and Needle"}],"event_choices":[{"damage_healed":0,"gold_gain":0,"player_choice":"Paid Gold","damage_taken":0,"relics_obtained":["Boot"],"max_hp_gain":0,"max_hp_loss":0,"event_name":"WeMeetAgain","floor":2,"gold_loss":73},{"cards_removed":["Strike_G"],"damage_healed":0,"gold_gain":0,"player_choice":"Card Removal","damage_taken":7,"max_hp_gain":0,"max_hp_loss":0,"event_name":"Golden Wing","floor":11,"gold_loss":0},{"damage_healed":13,"gold_gain":0,"player_choice":"Heal","damage_taken":0,"max_hp_gain":0,"max_hp_loss":0,"event_name":"The Library","floor":21,"gold_loss":0}],"is_beta":false,"boss_relics":[{"not_picked":["Snecko Eye","WristBlade"],"picked":"Pandora\u0027s Box"}],"items_purged_floors":[20,22],"is_endless":false,"potions_floor_spawned":[3,6,8,18,24,30,33],"killed_by":"Champ","ascension_level":18}}