{"host":"8xp52u5o8fcssvzz","time":1608106276,"event":{"mods":["2.2 Compatiblity","AchievementEnabler","Act Like it!","Aspiration","BaseMod","Better Altar","Better Match","Better Note","Better Sensory Stone","Better Skull","Better Third Choice","BetterRewards","Colored Map","Conspire","Downfall","GifTheSpireLib","Googly Eyes","Halation","Hallownest","Highlight Path","Hubris","Infinite Spire","Jorbs\u0027s Wanderer Trilogy","Lobotomy","LobotomyExtend","Luminous","Marisa????????","Mimic Mod","Minty Spire (QoL Compilation)","Remilia_Scarlet Moed?????·?????3.3.5","Remilia??????","Replay The Spire","Shade Mod","Spicy Shops","StSLib","Stuff the Spire","The Administrix","The Alterego","The Blackbeard","The Bladedancer","The Cursed","The Gatherer","The Necromancer","The Runesmith","The Servant 0.9.4","TheFirefly","TheSwordswoman","Unceasing Turn Reminder","everything is the same but u backflip on backflip"],"gold_per_floor":[112,112,128,128,142,171,181,193,227,4,4,16,43,43,43,146,146,165,165,178,88,98,98,117,117,117,117,216,228,228,228,228,327,327,346,346,364,57,74,74,74,87,126,139,168,227,256,256,256],"floor_reached":48,"playtime":4130,"items_purged":["Shade:Strike_Shade","Shade:Strike_Shade","Hallucinations"],"score":617,"play_id":"4d631bdb-b2f6-4899-86e1-f0daa037b08d","local_time":"20201216001116","is_ascension_mode":false,"campfire_choices":[{"data":"Shade:AnimateDead","floor":11,"key":"SMITH"},{"data":"Shade:GreaterAnimation","floor":15,"key":"SMITH"},{"data":"Shade:Brains","floor":23,"key":"SMITH"},{"data":"Shade:Brains","floor":25,"key":"SMITH"},{"data":"Shade:OpenGraves","floor":30,"key":"SMITH"},{"floor":32,"key":"REST"},{"data":"Shade:RavenousHorde","floor":40,"key":"SMITH"}],"circlet_count":0,"master_deck":["Shade:Strike_Shade","Shade:Strike_Shade+1","Shade:Defend_Shade","Shade:Defend_Shade","Shade:Defend_Shade","Shade:AnimateDead+1","Shade:CarefulCut","Shade:OpenGraves+1","Shade:CoffinDance+1","Shade:GreyBargain+1","Shade:GreaterAnimation+1","Shade:Brains+1","Shade:Brains+1","Shade:OfferingToTheBeyond","Shade:SelfBurial","Shade:Trample+1","Shade:CommandSoldier+1","Shade:OpenGraves+1","Shade:Brains+1","Shade:Putrefaction","Shade:OpenGraves","Shade:RavenousHorde+1","Shade:RavenousHorde+1","Shade:RitualOffering+1"],"relics":["Shade:YorickSkull","aspiration:Nostalgia","PureWater","LetterFromLob","halation:LettersToHer","hubris:AstralHammer","aspiration:TomeofQuesting","Runic Pyramid","ReplayTheSpireMod:Lightbulb","Philosopher\u0027s Stone","Ring of Peace","conspire:Boomerang","CeramicFish","Replay:Arrowhead","aspiration:HatOfInfinitePower"],"acts_visited":["Exordium","TheCity","TheBeyond"],"potions_floor_usage":[16,29,29,45,45,46],"damage_taken":[{"damage":0,"enemies":"Jaw Worm","floor":1,"turns":4},{"damage":0,"enemies":"2 Louse","floor":3,"turns":3},{"damage":0,"enemies":"conspire:RoseBush","floor":5,"turns":4},{"damage":7,"enemies":"Replay:BlueRogue","floor":6,"turns":6},{"damage":0,"enemies":"Exordium Thugs","floor":7,"turns":4},{"damage":0,"enemies":"Exordium Wildlife","floor":8,"turns":2},{"damage":0,"enemies":"conspire:2 RoseBushes","floor":9,"turns":5},{"damage":0,"enemies":"conspire:2 RoseBushes","floor":12,"turns":2},{"damage":0,"enemies":"The Guardian","floor":16,"turns":14},{"damage":11,"enemies":"2 Thieves","floor":18,"turns":4},{"damage":0,"enemies":"Spheric Guardian","floor":20,"turns":4},{"damage":23,"enemies":"Snecko","floor":22,"turns":5},{"damage":0,"enemies":"Centurion and Healer","floor":24,"turns":5},{"damage":0,"enemies":"Snake Plant","floor":29,"turns":3},{"damage":0,"enemies":"Automaton","floor":33,"turns":8},{"damage":9,"enemies":"Orb Walker","floor":35,"turns":4},{"damage":0,"enemies":"3 Shapes","floor":37,"turns":4},{"damage":0,"enemies":"Writhing Mass","floor":39,"turns":4},{"damage":15,"enemies":"Spire Growth","floor":42,"turns":6},{"damage":2,"enemies":"Maw","floor":43,"turns":7},{"damage":0,"enemies":"Maw","floor":44,"turns":5},{"damage":26,"enemies":"Reptomancer","floor":45,"turns":5},{"damage":0,"enemies":"Mind Bloom Boss Battle","floor":46,"turns":5},{"damage":0,"enemies":"R_Hoarder","floor":47,"turns":7},{"damage":16,"enemies":"Remilia_Smww","floor":48,"turns":4}],"seed_played":"-8209659962524107028","potions_obtained":[{"floor":1,"key":"SkillPotion"},{"floor":5,"key":"SpeedPotion"},{"floor":7,"key":"Adrenaline Potion"},{"floor":16,"key":"Elixir"},{"floor":22,"key":"LifebloodPotion"},{"floor":33,"key":"Milkshake"},{"floor":39,"key":"SkillPotion"},{"floor":45,"key":"Fire Potion"}],"is_trial":false,"path_per_floor":["M","?","M","?","M","E","M","M","MIM","$","R","M","T","E","R","B",null,"M","?","M","?","M","R","M","R","T","AVR","?","M","R","?","R","B",null,"M","?","M","$","M","R","?","M","MIM","M","E","?","E","?"],"character_chosen":"SHADE","items_purchased":["hubris:AstralHammer","Shade:OpenGraves"],"campfire_rested":1,"item_purchase_floors":[10,38],"current_hp_per_floor":[65,65,65,65,65,58,58,58,58,58,58,58,58,58,58,58,65,54,54,54,54,31,31,31,31,31,31,31,31,31,31,50,50,65,56,56,56,56,56,56,56,41,39,39,13,13,13,0,0],"gold":256,"neow_bonus":"NOSTALGIA","is_daily":false,"chose_seed":false,"campfire_upgraded":6,"win_rate":0.0,"timestamp":1608106276,"path_taken":["M","?","M","?","M","E","M","M","MIM","$","R","?","?","E","R","BOSS","M","?","M","?","M","R","?","R","T","AVR","?","M","R","?","R","BOSS","M","?","M","$","M","R","?","M","MIM","?","E","?","E","?"],"items_purchased_type":["Relic","Card"],"build_version":"2020-12-13","purchased_purges":3,"victory":false,"max_hp_per_floor":[65,65,65,65,65,65,65,65,65,65,65,65,65,65,65,65,65,65,65,65,65,65,65,65,65,65,65,65,65,65,65,65,65,65,65,65,65,65,65,65,65,65,65,65,65,65,65,65,65],"card_choices":[{"not_picked":["Shade:ExtraLimbs","Shade:FleshToFlesh"],"picked":"Shade:OpenGraves","floor":1},{"not_picked":["Shade:FreshBones","Shade:Frenzy"],"picked":"Shade:CoffinDance","floor":3},{"not_picked":["Shade:CoffinDance","Shade:PotionOfRestlessness"],"picked":"Shade:GreyBargain","floor":5},{"not_picked":["Shade:CloudOfShrapnel","Shade:TouchOfTheGrave"],"picked":"Shade:GreaterAnimation","floor":6},{"not_picked":["Shade:Asphyxiate","Shade:PressTheAttack"],"picked":"Shade:Brains","floor":7},{"not_picked":["Shade:SkeletonHug","Shade:FleshToFlesh","Shade:WallOfFlesh"],"picked":"SKIP","floor":8},{"not_picked":["Shade:AblativeArmor","Shade:AncientSpear"],"picked":"Shade:Brains","floor":9},{"not_picked":["Shade:SkeletonHug","Shade:Doomsay"],"picked":"Shade:OfferingToTheBeyond","floor":12},{"not_picked":["Shade:Consume","Shade:OneIsEnough"],"picked":"Shade:SelfBurial","floor":16},{"not_picked":["Shade:CoffinDance","Shade:Brains+1"],"picked":"Shade:Trample+1","floor":18},{"not_picked":["Shade:Trample","Shade:CoffinDance"],"picked":"Shade:CommandSoldier+1","floor":20},{"not_picked":["Shade:ScuttlingHand","Shade:Asphyxiate"],"picked":"Shade:OpenGraves+1","floor":22},{"not_picked":["Shade:FuneraryArmor","Shade:GreyBargain"],"picked":"Shade:Brains+1","floor":24},{"not_picked":["Shade:Premonition","Shade:AncientSpear+1","Shade:Bonestorm+1"],"picked":"SKIP","floor":29},{"not_picked":["Shade:OminousRitual","Shade:Coordination"],"picked":"Shade:Putrefaction","floor":33},{"not_picked":["Shade:FreshBones+1","Shade:Bonestorm+1","Shade:FleshToFlesh+1"],"picked":"SKIP","floor":35},{"not_picked":["Shade:ScuttlingHand+1","Shade:CoffinDance","Shade:FreshBones"],"picked":"SKIP","floor":37},{"not_picked":["Shade:GreyBargain","Shade:Haruspicy+1"],"picked":"Shade:RavenousHorde","floor":39},{"not_picked":["Shade:WallOfFlesh","Shade:FuneraryArmor+1","Shade:Trample+1"],"picked":"SKIP","floor":42},{"not_picked":["Shade:WallOfFlesh","Shade:FuneraryArmor+1","Shade:Trample+1"],"picked":"SKIP","floor":42},{"not_picked":["Shade:Bonestorm","Shade:Premonition+1","Shade:Asphyxiate+1"],"picked":"SKIP","floor":44},{"not_picked":["Shade:GreyBargain","Shade:OfferingToTheBeyond","Shade:FleshToFlesh+1"],"picked":"SKIP","floor":45},{"not_picked":["Shade:SkeletonHug+1","Shade:CoffinDance+1"],"picked":"Shade:RitualOffering+1","floor":46},{"not_picked":["Shade:StitchTogether","Shade:Coordination","Shade:CommandSoldier+1"],"picked":"SKIP","floor":47}],"player_experience":434715,"relics_obtained":[{"floor":1,"key":"LetterFromLob"},{"floor":6,"key":"halation:LettersToHer"},{"floor":9,"key":"halation:LettersToHer"},{"floor":13,"key":"halation:LettersToHer"},{"floor":13,"key":"aspiration:TomeofQuesting"},{"floor":26,"key":"halation:LettersToHer"},{"floor":26,"key":"ReplayTheSpireMod:Lightbulb"},{"floor":36,"key":"Ring of Peace"},{"floor":43,"key":"conspire:Boomerang"},{"floor":43,"key":"halation:LettersToHer"},{"floor":45,"key":"CeramicFish"},{"floor":46,"key":"Replay:Arrowhead"},{"floor":47,"key":"aspiration:HatOfInfinitePower"}],"event_choices":[{"damage_healed":0,"gold_gain":0,"player_choice":"Ignored","damage_taken":0,"max_hp_gain":0,"max_hp_loss":0,"event_name":"betterNote:BetterNote","floor":19,"gold_loss":0,"cards_obtained":["blademaster:Breeze"]},{"cards_removed":["Shade:Defend_Shade"],"damage_healed":0,"gold_gain":0,"player_choice":"Upgrade and Remove","damage_taken":0,"max_hp_gain":0,"max_hp_loss":0,"event_name":"Designer","floor":21,"gold_loss":90,"cards_upgraded":["Shade:Strike_Shade"]},{"damage_healed":0,"gold_gain":99,"player_choice":"Steal","damage_taken":0,"max_hp_gain":0,"max_hp_loss":0,"event_name":"betterThird:BetterNest","floor":28,"gold_loss":0},{"damage_healed":0,"gold_gain":0,"player_choice":"Copied","damage_taken":0,"max_hp_gain":0,"max_hp_loss":0,"event_name":"Duplicator","floor":41,"gold_loss":0,"cards_obtained":["Shade:RavenousHorde"]},{"damage_healed":0,"gold_gain":0,"player_choice":"Fight","damage_taken":0,"max_hp_gain":0,"max_hp_loss":0,"event_name":"MindBloom","floor":46,"gold_loss":0}],"is_beta":false,"boss_relics":[{"not_picked":["halation:SmartPhone","halation:PlatinumPhoenix"],"picked":"Runic Pyramid"},{"not_picked":["conspire:RunicOctahedron","aspiration:RitualDagger"],"picked":"Philosopher\u0027s Stone"}],"items_purged_floors":[10,27,38],"is_endless":false,"potions_floor_spawned":[1,5,7,16,22,33,39,42,44,45],"killed_by":"Remilia_Smww","ascension_level":0}}