{"host":"uwdjobnswnt8y9oc","time":1608115655,"event":{"mods":["BaseMod","Colored Powertips","Minty Spire (QoL Compilation)"],"gold_per_floor":[111,111,125,74,89,123,123,149,149,149,29,29,45,57,57,162,162,172,192,192,211,175,175,100,199,199,199,212,243,243,243],"floor_reached":30,"playtime":1553,"items_purged":[],"score":248,"play_id":"5e574f35-3e19-44b3-b0da-62886964ad41","local_time":"20201216174735","is_ascension_mode":false,"campfire_choices":[{"floor":7.0,"key":"RECALL"},{"data":"Panache","floor":10.0,"key":"SMITH"},{"floor":15.0,"key":"REST"},{"floor":23.0,"key":"REST"},{"data":"Cloak And Dagger","floor":27,"key":"SMITH"}],"circlet_count":0,"master_deck":["Strike_G","Strike_G","Strike_G","Strike_G","Defend_G","Defend_G","Defend_G","Defend_G","Defend_G","Survivor","Neutralize","Panache+1","Quick Slash","Outmaneuver","Prepared","Flying Knee","Backstab","Backflip","Flash of Steel","A Thousand Cuts","Outmaneuver","Neutralize","Escape Plan","Accuracy","Burst","Quick Slash","Cloak And Dagger+1","Distraction+1","Infinite Blades","Cloak And Dagger+1","Escape Plan+1"],"relics":["Ring of the Snake","Question Card","Odd Mushroom","Runic Pyramid","Toxic Egg 2","The Specimen"],"acts_visited":["Exordium","TheCity"],"potions_floor_usage":[29,30],"damage_taken":[{"damage":1.0,"enemies":"2 Louse","floor":1.0,"turns":2.0},{"damage":1.0,"enemies":"Jaw Worm","floor":3.0,"turns":4.0},{"damage":0.0,"enemies":"Cultist","floor":5.0,"turns":4.0},{"damage":3.0,"enemies":"Gremlin Nob","floor":6.0,"turns":3.0},{"damage":14.0,"enemies":"The Mushroom Lair","floor":8.0,"turns":4.0},{"damage":14.0,"enemies":"3 Louse","floor":13.0,"turns":3.0},{"damage":10.0,"enemies":"Looter","floor":14.0,"turns":2.0},{"damage":30.0,"enemies":"Slime Boss","floor":16.0,"turns":8.0},{"damage":5.0,"enemies":"3 Byrds","floor":18.0,"turns":5.0},{"damage":3.0,"enemies":"Chosen","floor":19.0,"turns":6.0},{"damage":17.0,"enemies":"Snake Plant","floor":21.0,"turns":5.0},{"damage":1,"enemies":"Chosen and Byrds","floor":28,"turns":5},{"damage":35,"enemies":"Book of Stabbing","floor":29,"turns":6},{"damage":26,"enemies":"Shelled Parasite and Fungi","floor":30,"turns":4}],"seed_played":"-3217509504254657668","potions_obtained":[{"floor":5.0,"key":"SteroidPotion"},{"floor":13.0,"key":"AttackPotion"},{"floor":14.0,"key":"Dexterity Potion"},{"floor":16.0,"key":"Weak Potion"},{"floor":21.0,"key":"Regen Potion"},{"floor":28,"key":"Poison Potion"},{"floor":29,"key":"SkillPotion"}],"is_trial":false,"path_per_floor":["M","?","M","$","M","E","R","?","T","R","$","?","M","M","R","B",null,"M","M","?","M","$","R","?","?","T","R","M","E","M"],"character_chosen":"THE_SILENT","items_purchased":["Prepared","Backflip","Flash of Steel","Infinite Blades"],"campfire_rested":2,"item_purchase_floors":[4,11,11,22],"current_hp_per_floor":[62,62,61,61,61,58,58,44,44,44,44,44,30,20,38,8,63,58,55,44,27,27,47,47,47,47,47,46,26,0,0],"gold":243,"neow_bonus":"RANDOM_COLORLESS_2","is_daily":false,"chose_seed":false,"campfire_upgraded":2,"win_rate":0.0,"timestamp":1608115655,"path_taken":["M","?","M","?","M","E","R","?","T","R","$","?","M","M","R","BOSS","M","M","?","M","$","R","?","?","T","R","M","E","M"],"items_purchased_type":["Card","Card","Card","Card"],"build_version":"2020-12-13","purchased_purges":0,"victory":false,"max_hp_per_floor":[63,63,63,63,63,63,63,63,63,63,63,63,63,63,63,63,63,63,63,68,68,68,68,68,68,68,68,68,68,68,68],"card_choices":[{"not_picked":["Secret Technique","Secret Weapon"],"picked":"Panache","floor":0.0},{"not_picked":["Dagger Spray","Poisoned Stab"],"picked":"Quick Slash","floor":1.0},{"not_picked":["Dodge and Roll","Bane"],"picked":"Outmaneuver","floor":3.0},{"not_picked":["Venomology","Bouncing Flask"],"picked":"Flying Knee","floor":5.0},{"not_picked":["Deflect","Grand Finale","Flying Knee"],"picked":"SKIP","floor":6.0},{"not_picked":["Riddle With Holes","Flying Knee","Poisoned Stab"],"picked":"Backstab","floor":8.0},{"not_picked":["Outmaneuver","Catalyst","Deflect"],"picked":"Escape Plan","floor":13.0},{"not_picked":["Prepared","Underhanded Strike","Terror"],"picked":"Accuracy","floor":14.0},{"not_picked":["Venomology","Grand Finale","Malaise"],"picked":"Burst","floor":16.0},{"not_picked":["Dodge and Roll","Expertise","Underhanded Strike"],"picked":"Quick Slash","floor":18.0},{"not_picked":["Sucker Punch","Quick Slash","Heel Hook"],"picked":"Cloak And Dagger","floor":19.0},{"not_picked":["Riddle With Holes","Predator+1","Escape Plan"],"picked":"Distraction+1","floor":21.0},{"not_picked":["All Out Attack","Blade Dance+1","Acrobatics+1"],"picked":"Cloak And Dagger+1","floor":28},{"not_picked":["Predator","Eviscerate+1","Noxious Fumes"],"picked":"Escape Plan+1","floor":29}],"player_experience":424949,"relics_obtained":[{"floor":6.0,"key":"Question Card"},{"floor":8.0,"key":"Odd Mushroom"},{"floor":26.0,"key":"Toxic Egg 2"},{"floor":29,"key":"The Specimen"}],"event_choices":[{"damage_healed":0.0,"max_hp_gain":0.0,"max_hp_loss":0.0,"gold_gain":0.0,"event_name":"The Cleric","player_choice":"Leave","floor":2.0,"gold_loss":0.0,"damage_taken":0.0},{"damage_healed":0.0,"max_hp_gain":0.0,"max_hp_loss":0.0,"gold_gain":0.0,"event_name":"Mushrooms","player_choice":"Fought Mushrooms","floor":8.0,"gold_loss":0.0,"damage_taken":0.0},{"damage_healed":0.0,"max_hp_gain":0.0,"max_hp_loss":0.0,"gold_gain":0.0,"event_name":"Match and Keep!","player_choice":"3 cards matched","floor":12.0,"gold_loss":0.0,"damage_taken":0.0,"cards_obtained":["A Thousand Cuts","Outmaneuver","Neutralize"]},{"damage_healed":0.0,"max_hp_gain":5.0,"max_hp_loss":0.0,"gold_gain":0.0,"event_name":"Forgotten Altar","player_choice":"Shed Blood","floor":20.0,"gold_loss":0.0,"damage_taken":16.0},{"cards_removed":["Strike_G"],"damage_healed":0.0,"max_hp_gain":0.0,"max_hp_loss":0.0,"gold_gain":0.0,"event_name":"Beggar","player_choice":"Gave Gold","floor":24.0,"gold_loss":75.0,"damage_taken":0.0},{"damage_healed":0.0,"max_hp_gain":0.0,"max_hp_loss":0.0,"gold_gain":99.0,"event_name":"Nest","player_choice":"Stole From Cult","floor":25.0,"gold_loss":0.0,"damage_taken":0.0}],"is_beta":false,"boss_relics":[{"not_picked":["Cursed Key","Black Star"],"picked":"Runic Pyramid"}],"items_purged_floors":[],"is_endless":false,"potions_floor_spawned":[5,13,14,16,21,28,29],"killed_by":"Shelled Parasite and Fungi","ascension_level":0}}