{"host":"3xls0xm49ftugio7","time":1608143981,"event":{"mods":["2.2 Compatiblity","AchievementEnabler","Act Like it!","BaseMod","Colored Powertips","GifTheSpireLib","Hermit","Minty Spire (QoL Compilation)","Quick Restart","Relic Stats","StSLib","The Florist","The Hierophant"],"gold_per_floor":[115,25,25,40,40,40,78,78,133,157,307,307,340,361,361,454,454,475,475,491,93,108,108,108,108],"floor_reached":24,"playtime":734,"items_purged":["hermit:Strike_Hermit"],"score":398,"play_id":"1812b457-8672-482d-a9a1-d14909f4ca3a","local_time":"20201216203941","is_ascension_mode":true,"campfire_choices":[{"data":"hermit:FromBeyond","floor":6.0,"key":"SMITH"},{"floor":8,"key":"REST"},{"data":"hermit:ShadowCloak","floor":12,"key":"SMITH"},{"floor":15,"key":"REST"},{"floor":23,"key":"REST"}],"circlet_count":0,"master_deck":["AscendersBane","hermit:Strike_Hermit","hermit:Strike_Hermit","hermit:Defend_Hermit","hermit:Defend_Hermit","hermit:Defend_Hermit","hermit:Defend_Hermit","hermit:Snapshot","hermit:Covet","hermit:ShadowCloak+1","hermit:NoHoldsBarred","hermit:Deadeye","hermit:FromBeyond+1","Injury","hermit:BodyArmor","hermit:SprayPray","Doubt","hermit:ShadowCloak","hermit:Spite","hermit:HighNoon+1","hermit:TakeCover","hermit:SprayPray+1","Apotheosis"],"relics":["hermit:Momento","Golden Idol","Oddly Smooth Stone","Bronze Scales","Smiling Mask","Runic Pyramid","Vajra"],"acts_visited":["Exordium","TheCity"],"potions_floor_usage":[7,24],"damage_taken":[{"damage":4.0,"enemies":"Small Slimes","floor":1.0,"turns":3.0},{"damage":0.0,"enemies":"2 Louse","floor":4.0,"turns":2.0},{"damage":44,"enemies":"Gremlin Nob","floor":7,"turns":4},{"damage":0,"enemies":"Cultist","floor":10,"turns":2},{"damage":10,"enemies":"Lagavulin","floor":13,"turns":7},{"damage":16,"enemies":"2 Fungi Beasts","floor":14,"turns":3},{"damage":26,"enemies":"The Guardian","floor":16,"turns":11},{"damage":25,"enemies":"Spheric Guardian","floor":18,"turns":6},{"damage":2,"enemies":"Chosen","floor":20,"turns":4},{"damage":17,"enemies":"Sentry and Sphere","floor":22,"turns":7},{"damage":33,"enemies":"Shelled Parasite and Fungi","floor":24,"turns":4}],"seed_played":"6780060669666063467","potions_obtained":[{"floor":0.0,"key":"Ancient Potion"},{"floor":0.0,"key":"Strength Potion"},{"floor":0.0,"key":"Strength Potion"},{"floor":10,"key":"SpeedPotion"}],"is_trial":false,"path_per_floor":["M","$","?","M","?","R","E","R","T","M","?","R","E","M","R","B",null,"M","?","M","$","M","R","M"],"character_chosen":"HERMIT","items_purchased":["hermit:NoHoldsBarred","Apotheosis","Vajra"],"campfire_rested":3,"item_purchase_floors":[2,21,21],"current_hp_per_floor":[60,60,60,60,60,60,16,37,37,37,37,37,27,11,32,6,55,30,30,28,28,11,32,0,0],"gold":108,"neow_bonus":"THREE_SMALL_POTIONS","is_daily":false,"chose_seed":false,"campfire_upgraded":2,"win_rate":0.0,"timestamp":1608143981,"path_taken":["M","$","?","M","?","R","E","R","T","M","?","R","E","M","R","BOSS","M","?","?","$","M","R","M"],"items_purchased_type":["Card","Card","Relic"],"build_version":"2020-12-13","purchased_purges":1,"victory":false,"max_hp_per_floor":[71,71,71,71,71,71,71,71,71,71,71,71,71,71,71,71,71,71,71,71,71,71,71,71,71],"relic_stats":{"counters":[11,53],"Golden Idol":53,"Bronze Scales":[85],"Smiling Mask":25,"obtain_stats":[{"Golden Idol":5,"Bronze Scales":9,"Oddly Smooth Stone":7,"Vajra":21,"Smiling Mask":13,"hermit:Momento":0,"Runic Pyramid":17},{"Golden Idol":2,"Bronze Scales":3,"Oddly Smooth Stone":3,"Vajra":9,"Smiling Mask":5,"hermit:Momento":0,"Runic Pyramid":7},{"Golden Idol":5,"Bronze Scales":9,"Oddly Smooth Stone":9,"Vajra":42,"Smiling Mask":18,"hermit:Momento":0,"Runic Pyramid":32}]},"card_choices":[{"not_picked":["hermit:Coalescence","hermit:Combo"],"picked":"hermit:ShadowCloak","floor":1.0},{"not_picked":["hermit:Snipe","hermit:Desperado"],"picked":"hermit:FromBeyond","floor":4.0},{"not_picked":["hermit:LuckOfTheDraw","hermit:Horror"],"picked":"hermit:BodyArmor","floor":7},{"not_picked":["hermit:CalledShot","hermit:Misfire"],"picked":"hermit:SprayPray","floor":10},{"not_picked":["hermit:CalledShot","hermit:Glare"],"picked":"hermit:ShadowCloak","floor":13},{"not_picked":["hermit:Manifest","hermit:GoldenBullet"],"picked":"hermit:Spite","floor":14},{"not_picked":["hermit:OverwhelmingPower","hermit:EternalForm"],"picked":"hermit:HighNoon","floor":16},{"not_picked":["hermit:ItchyTrigger","hermit:Midnight"],"picked":"hermit:TakeCover","floor":18},{"not_picked":["hermit:Coalescence","hermit:Desperado"],"picked":"hermit:SprayPray+1","floor":20},{"not_picked":["hermit:Ricochet","hermit:ItchyTrigger+1","hermit:LowProfile+1"],"picked":"SKIP","floor":22}],"player_experience":814853,"relics_obtained":[{"floor":7,"key":"Oddly Smooth Stone"},{"floor":9,"key":"Bronze Scales"},{"floor":13,"key":"Smiling Mask"}],"event_choices":[{"damage_healed":0.0,"max_hp_gain":0.0,"max_hp_loss":0.0,"gold_gain":0.0,"cards_transformed":["hermit:Strike_Hermit"],"event_name":"Living Wall","player_choice":"Change","floor":3.0,"gold_loss":0.0,"damage_taken":0.0,"cards_obtained":["hermit:Deadeye"]},{"damage_healed":0.0,"max_hp_gain":0.0,"max_hp_loss":0.0,"gold_gain":0.0,"event_name":"Golden Idol","player_choice":"Take Wound","floor":5.0,"gold_loss":0.0,"damage_taken":0.0,"relics_obtained":["Golden Idol"],"cards_obtained":["Injury"]},{"damage_healed":0,"gold_gain":150,"player_choice":"AGREE","damage_taken":0,"max_hp_gain":0,"max_hp_loss":0,"event_name":"Liars Game","floor":11,"gold_loss":0,"cards_obtained":["Doubt"]},{"damage_healed":0,"gold_gain":0,"player_choice":"Upgraded","damage_taken":0,"max_hp_gain":0,"max_hp_loss":0,"event_name":"Upgrade Shrine","floor":19,"gold_loss":0,"cards_upgraded":["hermit:HighNoon"]}],"is_beta":false,"boss_relics":[{"not_picked":["Velvet Choker","Pandora\u0027s Box"],"picked":"Runic Pyramid"}],"items_purged_floors":[21],"is_endless":false,"potions_floor_spawned":[10,16,20],"killed_by":"Shelled Parasite and Fungi","ascension_level":19}}