{"host":"6bsan6hkua32tfq7","time":1608111372,"event":{"mods":["BaseMod","Better Third Choice","Colored Map","Highlight Path","Minty Spire (QoL Compilation)","StSLib"],"gold_per_floor":[115,115,125,143,35,35,55,66,66,66,66,31,31,31,31,109,109,119,119,139,139,157,157,157,157],"floor_reached":24,"playtime":704,"items_purged":[],"score":397,"play_id":"4db3b600-a365-4903-bbb1-21d6bd92f60b","local_time":"20201216103612","is_ascension_mode":true,"campfire_choices":[{"data":"Trip","floor":6,"key":"SMITH"},{"data":"Neutralize","floor":10,"key":"SMITH"},{"data":"Dash","floor":15,"key":"SMITH"},{"floor":23,"key":"REST"}],"circlet_count":0,"master_deck":["AscendersBane","Defend_G","Defend_G","Defend_G","Defend_G","Defend_G+1","Survivor+1","Neutralize+1","Dash+1","Sucker Punch","Reflex","Trip+1","PiercingWail","Footwork","Corpse Explosion","Prepared","J.A.X.","PiercingWail","Bite","Bite","Bite","Bite","Bite"],"relics":["Runic Pyramid","Velvet Choker"],"acts_visited":["Exordium","TheCity"],"potions_floor_usage":[16,22,24,24],"damage_taken":[{"damage":0,"enemies":"Small Slimes","floor":1,"turns":4},{"damage":0,"enemies":"Cultist","floor":3,"turns":4},{"damage":6,"enemies":"2 Louse","floor":4,"turns":3},{"damage":14,"enemies":"Exordium Wildlife","floor":7,"turns":5},{"damage":3,"enemies":"Blue Slaver","floor":8,"turns":5},{"damage":10,"enemies":"Hexaghost","floor":16,"turns":13},{"damage":8,"enemies":"Chosen","floor":18,"turns":8},{"damage":22,"enemies":"Shell Parasite","floor":20,"turns":5},{"damage":23,"enemies":"Snecko","floor":22,"turns":5},{"damage":48,"enemies":"Slavers","floor":24,"turns":3}],"seed_played":"4767999231363445482","potions_obtained":[{"floor":1,"key":"LiquidBronze"},{"floor":8,"key":"Fire Potion"},{"floor":20,"key":"Weak Potion"},{"floor":22,"key":"Regen Potion"}],"is_trial":false,"path_per_floor":["M","?","M","M","$","R","M","M","T","R","$","?","$","?","R","B",null,"M","?","M","?","M","R","E"],"character_chosen":"THE_SILENT","items_purchased":["Trip"],"campfire_rested":1,"item_purchase_floors":[5],"current_hp_per_floor":[59,50,50,44,44,44,30,27,27,27,27,43,43,23,23,13,53,45,45,23,23,12,25,0,0],"gold":157,"neow_bonus":"BOSS_RELIC","is_daily":false,"chose_seed":false,"campfire_upgraded":3,"win_rate":0.0,"timestamp":1608111372,"path_taken":["M","?","M","?","$","R","M","M","T","R","$","?","?","?","R","BOSS","M","?","M","?","M","R","E"],"items_purchased_type":["Card"],"build_version":"2020-12-13","purchased_purges":0,"victory":false,"max_hp_per_floor":[66,66,66,66,66,66,66,66,66,66,66,66,66,66,66,66,66,66,66,66,46,46,46,46,46],"card_choices":[{"not_picked":["Slice","Prepared"],"picked":"Dash","floor":1},{"not_picked":["Choke","Bane"],"picked":"Sucker Punch","floor":3},{"not_picked":["Escape Plan","Masterful Stab"],"picked":"Reflex","floor":4},{"not_picked":["Sucker Punch","Bane"],"picked":"PiercingWail","floor":7},{"not_picked":["Outmaneuver","Acrobatics"],"picked":"Footwork","floor":8},{"not_picked":["Doppelganger","Malaise"],"picked":"Corpse Explosion","floor":16},{"not_picked":["Deadly Poison","Choke"],"picked":"Prepared","floor":18},{"not_picked":["Deflect","Choke"],"picked":"PiercingWail","floor":20},{"not_picked":["Quick Slash","Dagger Spray","Riddle With Holes"],"picked":"SKIP","floor":22}],"player_experience":5179510,"relics_obtained":[],"event_choices":[{"damage_healed":0,"gold_gain":0,"player_choice":"Damaged","damage_taken":9,"max_hp_gain":0,"max_hp_loss":0,"event_name":"Wheel of Change","floor":2,"gold_loss":0},{"damage_healed":16,"gold_gain":0,"player_choice":"Healed","damage_taken":0,"max_hp_gain":0,"max_hp_loss":0,"event_name":"The Cleric","floor":12,"gold_loss":35},{"damage_healed":43,"gold_gain":0,"player_choice":"Upgrade","damage_taken":20,"max_hp_gain":0,"max_hp_loss":66,"event_name":"betterThird:BetterShining","floor":14,"gold_loss":0,"cards_upgraded":["Defend_G","Survivor"]},{"damage_healed":0,"gold_gain":0,"player_choice":"Obtain J.A.X.","damage_taken":0,"max_hp_gain":0,"max_hp_loss":0,"event_name":"Drug Dealer","floor":19,"gold_loss":0,"cards_obtained":["J.A.X."]},{"damage_healed":0,"gold_gain":0,"player_choice":"Became a vampire","damage_taken":0,"max_hp_gain":0,"max_hp_loss":20,"event_name":"Vampires","floor":21,"gold_loss":0,"cards_obtained":["Bite","Bite","Bite","Bite","Bite"]}],"is_beta":false,"boss_relics":[{"not_picked":["Ectoplasm","Fusion Hammer"],"picked":"Velvet Choker"}],"items_purged_floors":[],"is_endless":false,"potions_floor_spawned":[1,8,20,22],"killed_by":"Slavers","ascension_level":20}}