{"host":"1s2i2u841ofwoqaa","time":1608086915,"event":{"mods":["AchievementEnabler","Aspiration","BaseMod","Better Third Choice","Colored Powertips","Downfall","Hubris","Minty Spire (QoL Compilation)","StSLib","SuperFastMode","The Animator"],"gold_per_floor":[113,60,210,223,94,124,124,137,137,137,165,165,182,199,199,273,273,261,261,291,303,315,327,371,383,395,422,461,46,46,66,66,137,137,155,155,169,217,229,255,255,290,317,328,357,370,389,470,470,470,470,470,130,130,130],"floor_reached":54,"playtime":1772,"items_purged":["Doubt","Strike_R+1"],"score":1420,"play_id":"883aafa2-cb06-4838-bd90-f92feb3b6f22","local_time":"20201216154835","is_ascension_mode":true,"campfire_choices":[{"data":"Armaments","floor":10,"key":"SMITH"},{"data":"Shockwave","floor":15,"key":"SMITH"},{"data":"True Grit","floor":23,"key":"SMITH"},{"data":"Seeing Red","floor":25,"key":"SMITH"},{"data":"Limit Break","floor":32,"key":"SMITH"},{"floor":41,"key":"REST"},{"floor":49,"key":"RECALL"},{"data":"Battle Trance","floor":52,"key":"SMITH"}],"circlet_count":0,"master_deck":["AscendersBane","Strike_R+1","Strike_R+1","Strike_R+1","Strike_R+1","Defend_R+1","Defend_R+1","Defend_R+1","Defend_R+1","Bash+1","Clothesline","Hemokinesis","Cleave","True Grit+1","Armaments+1","Seeing Red+1","Shockwave+1","Reaper","Pummel","Reaper","Limit Break+1","Impervious","Battle Trance+1","Parasite","Whirlwind+1","Clumsy","Disarm+1","Clumsy"],"relics":["Burning Blood","Bronze Scales","hubris:Spice","hubris:Backtick","hubris:GlazedTorus","MawBank","Nloth\u0027s Gift","Gremlin Horn","Cursed Key","hubris:FunFungus","hubris:Metronome","InkBottle"],"acts_visited":["Exordium","TheCity","TheBeyond","TheEnding"],"potions_floor_usage":[16,24,28,28,33,33,44,50,50,53,54,54],"damage_taken":[{"damage":0,"enemies":"Jaw Worm","floor":1,"turns":1},{"damage":0,"enemies":"2 Louse","floor":4,"turns":1},{"damage":2,"enemies":"3 Sentries","floor":6,"turns":1},{"damage":14,"enemies":"Small Slimes","floor":8,"turns":3},{"damage":33,"enemies":"Lagavulin","floor":11,"turns":8},{"damage":4,"enemies":"Red Slaver","floor":13,"turns":3},{"damage":3,"enemies":"Looter","floor":14,"turns":3},{"damage":18,"enemies":"Slime Boss","floor":16,"turns":7},{"damage":23,"enemies":"2 Thieves","floor":18,"turns":4},{"damage":15,"enemies":"Chosen","floor":20,"turns":6},{"damage":1,"enemies":"Book of Stabbing","floor":24,"turns":5},{"damage":8,"enemies":"Snecko","floor":27,"turns":4},{"damage":30,"enemies":"Slavers","floor":28,"turns":5},{"damage":0,"enemies":"3 Cultists","floor":31,"turns":4},{"damage":68,"enemies":"Automaton","floor":33,"turns":8},{"damage":6,"enemies":"Orb Walker","floor":35,"turns":2},{"damage":1,"enemies":"3 Shapes","floor":37,"turns":2},{"damage":20,"enemies":"2 Orb Walkers","floor":38,"turns":5},{"damage":22,"enemies":"Writhing Mass","floor":39,"turns":6},{"damage":17,"enemies":"Nemesis","floor":40,"turns":5},{"damage":19,"enemies":"Giant Head","floor":42,"turns":7},{"damage":16,"enemies":"Maw","floor":44,"turns":5},{"damage":11,"enemies":"Reptomancer","floor":45,"turns":5},{"damage":13,"enemies":"3 Darklings","floor":46,"turns":3},{"damage":0,"enemies":"Sphere and 2 Shapes","floor":47,"turns":1},{"damage":55,"enemies":"Awakened One","floor":50,"turns":8},{"damage":67,"enemies":"Shield and Spear","floor":54,"turns":3}],"seed_played":"-1017621255998469360","potions_obtained":[{"floor":1,"key":"LiquidMemories"},{"floor":14,"key":"Strength Potion"},{"floor":20,"key":"hexamod:EctoCoolerPotion"},{"floor":27,"key":"HeartOfIron"},{"floor":28,"key":"Block Potion"},{"floor":31,"key":"champ:CounterPotion"},{"floor":39,"key":"ElixirPotion"},{"floor":40,"key":"Strength Potion"},{"floor":42,"key":"Slimebound:ThreeZeroPotion"},{"floor":44,"key":"Ancient Potion"},{"floor":46,"key":"SkillPotion"}],"is_trial":false,"path_per_floor":["M","$","?","M","$","E","?","M","T","R","E","?","M","M","R","B",null,"M","T","M","$","?","R","E","R","T","M","E","$","?","M","R","B",null,"M","?","M","?","M","E","R","E","T","M","E","M","M","T","R","B",null,"R","$","E"],"character_chosen":"IRONCLAD","items_purchased":["Explosive Potion","Cleave","Limit Break","hubris:Spice","Fruit Juice","Guardian:BlockOnCardUsePotion","SkillPotion"],"campfire_rested":1,"item_purchase_floors":[2,5,29,29,53,53,53],"current_hp_per_floor":[74,74,74,75,75,75,75,67,75,75,56,56,58,61,61,49,75,65,65,56,56,56,56,61,61,61,69,67,59,59,59,59,59,59,59,56,56,56,46,49,56,44,44,43,54,54,56,56,56,36,51,51,56,0,0],"gold":130,"neow_bonus":"THREE_ENEMY_KILL","is_daily":false,"chose_seed":false,"campfire_upgraded":6,"win_rate":0.0,"timestamp":1608086915,"path_taken":["M","$","?","M","$","E","?","M","T","R","E","?","M","M","R","BOSS","M","?","M","$","?","R","E","R","T","?","E","$","?","M","R","BOSS","M","?","M","?","M","E","R","E","T","M","E","M","M","?","R","BOSS","R","$","E"],"items_purchased_type":["Potion","Card","Card","Relic","Potion","Potion","Potion"],"build_version":"2020-12-13","purchased_purges":2,"victory":false,"max_hp_per_floor":[75,75,75,75,75,75,75,75,83,83,91,91,91,83,83,83,83,75,75,75,75,75,75,75,75,75,75,67,59,59,59,59,59,59,59,56,56,56,56,56,56,56,56,56,56,56,56,56,56,56,56,56,61,61,61],"card_choices":[{"not_picked":["Clash","Thunderclap"],"picked":"Clothesline","floor":1},{"not_picked":["Wild Strike","Second Wind"],"picked":"Hemokinesis","floor":4},{"not_picked":["Anger","Wild Strike"],"picked":"True Grit","floor":6},{"not_picked":["Dark Embrace","Corruption"],"picked":"Armaments","floor":8},{"not_picked":["Blood for Blood","hubris:CleavingFinish"],"picked":"Seeing Red","floor":11},{"not_picked":["Clash","Body Slam"],"picked":"Shockwave","floor":13},{"not_picked":["Warcry","Inflame"],"picked":"hubris:SpiceAddiction","floor":14},{"not_picked":["Berserk","hubris:StunningStrike"],"picked":"Reaper","floor":16},{"not_picked":["Flex","hubris:ReadiedAction"],"picked":"hubris:SpiceAddiction","floor":18},{"not_picked":["Wild Strike","Clash"],"picked":"Pummel","floor":20},{"not_picked":["Twin Strike","Entrench+1","Demon Form"],"picked":"SKIP","floor":24},{"not_picked":["Clash","hubris:SpiceAddiction","Rage"],"picked":"SKIP","floor":27},{"not_picked":["Twin Strike","Cleave"],"picked":"Reaper","floor":28},{"not_picked":["hubris:SpiceAddiction","Infernal Blade","Sword Boomerang"],"picked":"SKIP","floor":31},{"not_picked":["Demon Form","hubris:SpiceAddiction"],"picked":"Impervious","floor":33},{"not_picked":["Combust","hubris:ReadiedAction","Uppercut"],"picked":"SKIP","floor":35},{"not_picked":["Twin Strike","hubris:SpiceAddiction"],"picked":"Battle Trance","floor":37},{"not_picked":["hubris:SpiceAddiction","Wild Strike","Rampage"],"picked":"SKIP","floor":39},{"not_picked":["Heavy Blade","hubris:SpiceAddiction"],"picked":"Whirlwind+1","floor":40},{"not_picked":["Flex","Twin Strike","Shrug It Off"],"picked":"SKIP","floor":42},{"not_picked":["hubris:ReadiedAction","Perfected Strike+1"],"picked":"Disarm+1","floor":44},{"not_picked":["Twin Strike","Pommel Strike","Hemokinesis"],"picked":"SKIP","floor":45},{"not_picked":["Spot Weakness","Flex","hubris:SpiceAddiction"],"picked":"SKIP","floor":46},{"not_picked":["hubris:SpiceAddiction","Burning Pact","Ghostly Armor"],"picked":"SKIP","floor":47}],"player_experience":447660,"relics_obtained":[{"floor":6,"key":"Bronze Scales"},{"floor":9,"key":"hubris:Spice"},{"floor":11,"key":"hubris:Spice"},{"floor":19,"key":"MawBank"},{"floor":24,"key":"Gremlin Horn"},{"floor":28,"key":"hubris:Spice"},{"floor":38,"key":"hubris:FunFungus"},{"floor":42,"key":"hubris:Metronome"},{"floor":48,"key":"InkBottle"}],"event_choices":[{"damage_healed":0,"gold_gain":150,"player_choice":"AGREE","damage_taken":60,"max_hp_gain":0,"max_hp_loss":0,"event_name":"betterThird:BetterSerpent","floor":3,"gold_loss":0},{"damage_healed":0,"gold_gain":0,"player_choice":"Forge","damage_taken":0,"max_hp_gain":0,"max_hp_loss":0,"event_name":"Accursed Blacksmith","floor":12,"gold_loss":0,"cards_upgraded":["Bash"]},{"damage_healed":0,"gold_gain":0,"player_choice":"Traded Relic","damage_taken":0,"relics_obtained":["Nloth\u0027s Gift"],"max_hp_gain":0,"max_hp_loss":0,"event_name":"N\u0027loth","floor":22,"relics_lost":["NeowsBlessing"],"gold_loss":0},{"damage_healed":0,"gold_gain":0,"player_choice":"Simplicity","damage_taken":0,"max_hp_gain":0,"max_hp_loss":9,"event_name":"betterThird:BetterWriting","floor":30,"gold_loss":0},{"damage_healed":0,"gold_gain":0,"player_choice":"Max HP","damage_taken":0,"max_hp_gain":0,"max_hp_loss":3,"event_name":"Winding Halls","floor":36,"gold_loss":0},{"damage_healed":0,"gold_gain":0,"player_choice":"Fight","damage_taken":0,"max_hp_gain":0,"max_hp_loss":0,"event_name":"Mysterious Sphere","floor":38,"gold_loss":0}],"is_beta":false,"boss_relics":[{"not_picked":["aspiration:RitualDagger","hubris:Spice"],"picked":"hubris:Backtick"},{"not_picked":["hubris:RunicObelisk","hubris:Spice"],"picked":"Cursed Key"}],"items_purged_floors":[5,53],"is_endless":false,"potions_floor_spawned":[1,11,14,20,27,28,31,39,40,42,44,46],"killed_by":"Shield and Spear","ascension_level":16}}