{"host":"p5axfb00mxhraew6","time":1608119233,"event":{"mods":["Abigail Mod","Act Like it!","BaseMod","CapriCore","Friendly Minions","GifTheSpireLib","Jedi Mod","KomeijiMod","MarisaÅiñ∂âJÅ@ñÇóùçπÅj","Minty Spire (QoL Compilation)","Prisma Mod","ReimuÅiîé??öÎÅj","RemiliaÅiÂQïƒ‰ª?Åj","SOSÅiézîb?îVéqÅj","StSLib","Td1madao Mod","The Alterego","The Animator","The Immortal","The Problem Sleuth","TheSwordswoman","TheWitcher","YoumuÅiç∞ÈÆódöÎÅj","Åy?ï˚ìÒéü?çÏÅzî™â]éámod"],"gold_per_floor":[133,133,150,71,71,71,110,110,110,149,168,192,236,7,7,133,133,133,133,67,67,18,18,18,18,18,18,18,18,18,18,18,18,18,18,18,18,18,18,18,18,18,18,18,18,18,18,18,18,18,18,18,18,18,18,18],"floor_reached":55,"playtime":2938,"items_purged":[],"score":1516,"play_id":"ea45a16c-b643-41bb-aaa2-84d8ad24cb46","local_time":"20201216204713","is_ascension_mode":true,"campfire_choices":[{"data":"Mirror_FourBoundary_purple","floor":6.0,"key":"SMITH"},{"data":"Umbrella_purple","floor":8.0,"key":"SMITH"},{"floor":15,"key":"REST"},{"data":"ContainerChange_purple","floor":24,"key":"SMITH"},{"data":"Umbrella_purple","floor":29,"key":"SMITH"},{"data":"AT_purpleEX","floor":32,"key":"PURGE"},{"floor":40,"key":"RECALL"},{"data":"AT_purpleEX","floor":49,"key":"PURGE"},{"data":"Monsters_DoubleDeathButterfly_purple","floor":52,"key":"SMITH"}],"circlet_count":0,"master_deck":["AT_purpleEX","AT_purpleEX","Defend_purpleEX","Defend_purpleEX","Defend_purpleEX","Defend_purpleEX","Observe_purple_1","Observe_purple_2","SharpContractionReality_purple","Mirror_FourBoundary_purple+1","Umbrella_purple+1","RuleDissolution_purple","StateErode_purple","DimensionStaggered_purple","Bait_Toxicbait_purple","MNeedle_purple","CommonSense_AntiCommonSense_purple","ContainerChange_purple+1","Shallow_ocean_purpleEX+1","DimensionStaggered_purple","Ghostly","Ghostly","Ghostly","Ghostly","Ghostly","StateErode_purple","Umbrella_purple+1","Charmbait_purple","Charmbait_purple","Human_Monster_Realm_purple","Fantasy_PerpetualMotionMachine_purple","RuptureOfTimeAndSpace_purple+1","Charmbait_purple","Know_ledgeAbilityRealm_purple","Monsters_DoubleDeathButterfly_purple+1","SharpContractionReality_purple","CommonSense_AntiCommonSense_purple","SharpContractionReality_purple","MeetDecomposer_purple+1","SharpContractionReality_purple+1","Monsters_DoubleDeathButterfly_purple","CommonSense_AntiCommonSense_purple","Charmbait_purple+1","SharpContractionReality_purple"],"relics":["Boundary_crack","Memoryfragments_purpleEX","NeowsBlessing","Golden Idol","Peace Pipe","Prayer Wheel","Blue Candle","Girya","jedi:crownofsimplicity","Ectoplasm","The Courier","Nilry\u0027s Codex","Toy Ornithopter","Oddly Smooth Stone","Philosopher\u0027s Stone","CaptainsWheel","SnafuTest:BearRelic","jedi:HeartOfTheCards"],"acts_visited":["Exordium","TheCity","TheBeyond","TheEnding"],"potions_floor_usage":[23,23,28,30,55,55],"damage_taken":[{"damage":0.0,"enemies":"Small Slimes","floor":1.0,"turns":1.0},{"damage":0.0,"enemies":"2 Louse","floor":3.0,"turns":1.0},{"damage":19.0,"enemies":"3 Sentries","floor":7.0,"turns":2.0},{"damage":17.0,"enemies":"Lagavulin","floor":10.0,"turns":5.0},{"damage":2.0,"enemies":"Jaw Worm","floor":11.0,"turns":3.0},{"damage":10.0,"enemies":"3 Louse","floor":12.0,"turns":3.0},{"damage":9.0,"enemies":"Gremlin Nob","floor":13.0,"turns":3.0},{"damage":13,"enemies":"The Guardian","floor":16,"turns":7},{"damage":1,"enemies":"3 Byrds","floor":18,"turns":5},{"damage":0,"enemies":"Chosen","floor":21,"turns":6},{"damage":10,"enemies":"Slavers","floor":23,"turns":6},{"damage":3,"enemies":"Snake Plant","floor":27,"turns":5},{"damage":1,"enemies":"Snecko","floor":28,"turns":5},{"damage":0,"enemies":"Gremlin Leader","floor":30,"turns":8},{"damage":6,"enemies":"Centurion and Healer","floor":31,"turns":6},{"damage":2,"enemies":"Automaton","floor":33,"turns":6},{"damage":0,"enemies":"3 Shapes","floor":35,"turns":2},{"damage":4,"enemies":"3 Darklings","floor":37,"turns":5},{"damage":0,"enemies":"Writhing Mass","floor":38,"turns":5},{"damage":3,"enemies":"Mind Bloom Boss Battle","floor":39,"turns":7},{"damage":0,"enemies":"Reptomancer","floor":41,"turns":7},{"damage":0,"enemies":"Maw","floor":42,"turns":7},{"damage":1,"enemies":"4 Shapes","floor":44,"turns":5},{"damage":0,"enemies":"Writhing Mass","floor":46,"turns":6},{"damage":8,"enemies":"Nemesis","floor":48,"turns":7},{"damage":0,"enemies":"Awakened One","floor":50,"turns":10},{"damage":12,"enemies":"Shield and Spear","floor":54,"turns":7},{"damage":47,"enemies":"The Heart","floor":55,"turns":3}],"seed_played":"-4579676659371894250","potions_obtained":[{"floor":1.0,"key":"SneckoOil"},{"floor":7.0,"key":"GrandPatriotsElixir:ReiMu"},{"floor":11.0,"key":"Block Potion"},{"floor":13.0,"key":"GamblersBrew"},{"floor":23,"key":"SpeedPotion"},{"floor":27,"key":"CalmPotion"},{"floor":30,"key":"AttackPotion"},{"floor":37,"key":"DuplicationPotion"},{"floor":39,"key":"PowerPotion"}],"is_trial":false,"path_per_floor":["M","?","M","$","?","R","E","R","T","E","M","M","E","$","R","B",null,"M","?","?","M","$","E","R","?","T","M","M","R","E","M","R","B",null,"M","?","M","M","?","R","E","M","T","M","?","M","$","E","R","B",null,"R","$","E","B"],"character_chosen":"Youkari","items_purchased":["Mirror_FourBoundary_purple","jedi:crownofsimplicity","CommonSense_AntiCommonSense_purple","Umbrella_purple"],"campfire_rested":1,"item_purchase_floors":[4,14,14,22],"current_hp_per_floor":[63,63,63,63,63,63,44,44,44,27,26,21,13,13,32,24,55,59,32,32,32,32,27,27,11,11,13,18,18,30,29,29,29,31,32,32,32,32,32,32,32,32,32,32,32,32,32,32,32,32,32,32,32,30,0,0],"gold":18,"neow_bonus":"THREE_ENEMY_KILL","is_daily":false,"chose_seed":false,"campfire_upgraded":5,"win_rate":0.0,"timestamp":1608119233,"path_taken":["M","?","M","$","?","R","E","R","T","E","M","M","E","?","R","BOSS","M","?","?","?","$","E","R","?","T","M","M","R","E","M","R","BOSS","M","?","?","M","?","R","E","M","T","M","?","M","$","E","R","BOSS","R","$","E","BOSS"],"items_purchased_type":["Card","Relic","Card","Card"],"build_version":"2020-12-13","purchased_purges":0,"victory":false,"max_hp_per_floor":[70,70,70,70,65,65,65,65,65,65,65,65,65,65,65,65,65,65,32,32,32,32,32,32,32,32,32,32,32,32,32,32,32,32,32,32,32,32,32,32,32,32,32,32,32,32,32,32,32,32,32,32,32,32,32,32],"card_choices":[{"not_picked":["Anti_communist_purple","Erosivefilter_purple"],"picked":"SharpContractionReality_purple","floor":1.0},{"not_picked":["ExternalForce_HighSpeedFlying_purple","SfantasyHide_purple","Erosivefilter_purple"],"picked":"SKIP","floor":3.0},{"not_picked":["Boundary_LightAndDark_purple","MagicEyes_LaplaceDemon_purple"],"picked":"Umbrella_purple","floor":7.0},{"not_picked":["Extrememeaning_purpleEX","OpenedBox_purple"],"picked":"RuleDissolution_purple","floor":10.0},{"not_picked":["Mirror_FormAndEmptin_purple","MetroBOOM_purple"],"picked":"StateErode_purple","floor":11.0},{"not_picked":["StateErode_purple","SharpContractionReality_purple"],"picked":"DimensionStaggered_purple","floor":11.0},{"not_picked":["Realm_recovery_purpleEX","Fantasy_PerpetualMotionMachine_purple"],"picked":"Bait_Toxicbait_purple","floor":12.0},{"not_picked":["Mirror_FormAndEmptin_purple","Line_surface_state_purple","PositiveMatter_Antimatter_Universe_purple"],"picked":"SKIP","floor":12.0},{"not_picked":["Boundary_ObjectiveBoundary_purple","Mirror_Drifter_purple"],"picked":"MNeedle_purple","floor":13.0},{"not_picked":["Mirror_TwoAndThreeElementRealm_purple","Know_ledgeAbilityRealm_purple"],"picked":"ContainerChange_purple","floor":16},{"not_picked":["Mirror_FormAndEmptin_purple","Worldmountain_purple+1"],"picked":"Shallow_ocean_purpleEX+1","floor":18},{"not_picked":["Mirror_FormAndEmptin_purple","DarkRealmRedLine_purple"],"picked":"DimensionStaggered_purple","floor":18},{"not_picked":["Mirror_FormAndEmptin_purple","AdvanceAttack_purple"],"picked":"StateErode_purple","floor":21},{"not_picked":["Mirror_Drifter_purple","Anti_communist_purple","RuleDissolution_purple"],"picked":"SKIP","floor":21},{"not_picked":["Boundary_of_Extermination_purpleEX","OmniscientAndOmnipotent_Monster_purple"],"picked":"Charmbait_purple","floor":23},{"not_picked":["SharpContractionReality_purple","RuleDissolution_purple"],"picked":"Charmbait_purple","floor":27},{"not_picked":["Worldmountain_purple","Yakumo_Ran_purple+1"],"picked":"Human_Monster_Realm_purple","floor":27},{"not_picked":["StateErode_purple","Shallow_ocean_purpleEX"],"picked":"Fantasy_PerpetualMotionMachine_purple","floor":28},{"not_picked":["DimensionStaggered_purple","Boundary_ObjectiveBoundary_purple"],"picked":"RuptureOfTimeAndSpace_purple+1","floor":28},{"not_picked":["SfantasyHide_purple","ExistenceContinue_purple"],"picked":"Charmbait_purple","floor":30},{"not_picked":["ButterflyHabitatTemple_purple","OmniscientAndOmnipotent_Monster_purple"],"picked":"Know_ledgeAbilityRealm_purple","floor":31},{"not_picked":["Nest_LightFlightworm_purple","AdvanceAttack_purple","StateDuplicate_purple"],"picked":"SKIP","floor":31},{"not_picked":["MagicEyes_LaplaceDemon_purple","Theboundaryofcreation_purpleEX"],"picked":"Monsters_DoubleDeathButterfly_purple","floor":33},{"not_picked":["WeekHit_purple","OmniscientAndOmnipotent_Monster_purple"],"picked":"SharpContractionReality_purple","floor":35},{"not_picked":["PurpleNeedle_purple+1","Line_surface_state_purple"],"picked":"CommonSense_AntiCommonSense_purple","floor":35},{"not_picked":["ExistenceContinue_purple","Worldmountain_purple"],"picked":"SharpContractionReality_purple","floor":37},{"not_picked":["Erosivefilter_purple+1","Line_surface_state_purple"],"picked":"MeetDecomposer_purple+1","floor":37},{"not_picked":["AdvanceAttack_purple","ExternalForce_HighSpeedFlying_purple"],"picked":"SharpContractionReality_purple+1","floor":38},{"not_picked":["StretchesForeverDream_purple","MeetDecomposer_purple"],"picked":"Monsters_DoubleDeathButterfly_purple","floor":38},{"not_picked":["PurpleNeedle_purple","Worldmountain_purple","Extrememeaning_purpleEX+1"],"picked":"SKIP","floor":41},{"not_picked":["PositiveMatter_Antimatter_Universe_purple","Shallow_ocean_purpleEX","WeekHit_purple"],"picked":"SKIP","floor":42},{"not_picked":["Boundary_ObjectiveBoundary_purple+1","ExistenceContinue_purple+1","ExternalForce_HighSpeedFlying_purple+1"],"picked":"SKIP","floor":42},{"not_picked":["SfantasyHide_purple","StateDuplicate_purple"],"picked":"CommonSense_AntiCommonSense_purple","floor":44},{"not_picked":["Line_surface_state_purple","MonsterNeedle_purple+1","Nest_LightFlightworm_purple"],"picked":"SKIP","floor":44},{"not_picked":["EighthInstrument_OneDividesIntoTwo_purple","WatchEyeChange_purple+1"],"picked":"Charmbait_purple+1","floor":46},{"not_picked":["Worldmountain_purple+1","StretchesForeverDream_purple","MonsterNeedle_purple+1"],"picked":"SKIP","floor":46},{"not_picked":["MNeedle_purple","StateDuplicate_purple","Nest_LightFlightworm_purple"],"picked":"SKIP","floor":48},{"not_picked":["Anti_communist_purple","SfantasyHide_purple"],"picked":"SharpContractionReality_purple","floor":54}],"player_experience":1249791,"relics_obtained":[{"floor":7.0,"key":"Peace Pipe"},{"floor":9.0,"key":"Prayer Wheel"},{"floor":10.0,"key":"Blue Candle"},{"floor":13.0,"key":"Girya"},{"floor":23,"key":"The Courier"},{"floor":25,"key":"Nilry\u0027s Codex"},{"floor":26,"key":"Toy Ornithopter"},{"floor":30,"key":"Oddly Smooth Stone"},{"floor":39,"key":"CaptainsWheel"},{"floor":41,"key":"SnafuTest:BearRelic"},{"floor":54,"key":"jedi:HeartOfTheCards"}],"event_choices":[{"damage_healed":0.0,"max_hp_gain":0.0,"max_hp_loss":5.0,"gold_gain":0.0,"event_name":"Golden Idol","player_choice":"Lose Max HP","floor":5.0,"gold_loss":0.0,"damage_taken":0.0,"relics_obtained":["Golden Idol"]},{"damage_healed":0,"gold_gain":0,"player_choice":"Became a Ghost","damage_taken":0,"max_hp_gain":0,"max_hp_loss":33,"event_name":"Ghosts","floor":19,"gold_loss":0,"cards_obtained":["Ghostly","Ghostly","Ghostly","Ghostly","Ghostly"]},{"damage_healed":0,"gold_gain":0,"player_choice":"Obtained Book","damage_taken":16,"max_hp_gain":0,"max_hp_loss":0,"event_name":"Cursed Tome","floor":25,"gold_loss":0},{"damage_healed":0,"gold_gain":100,"player_choice":"Pray","damage_taken":0,"max_hp_gain":0,"max_hp_loss":0,"event_name":"Golden Shrine","floor":36,"gold_loss":0},{"damage_healed":0,"gold_gain":0,"player_choice":"Fight","damage_taken":0,"max_hp_gain":0,"max_hp_loss":0,"event_name":"MindBloom","floor":39,"gold_loss":0},{"damage_healed":0,"gold_gain":0,"player_choice":"Memory 1","damage_taken":0,"max_hp_gain":0,"max_hp_loss":0,"event_name":"SensoryStone","floor":45,"gold_loss":0}],"is_beta":false,"boss_relics":[{"not_picked":["Black Star","RedLine:ReiMu"],"picked":"Ectoplasm"},{"not_picked":["SacredBark","Cursed Key"],"picked":"Philosopher\u0027s Stone"}],"items_purged_floors":[],"is_endless":false,"potions_floor_spawned":[1,7,11,13,23,27,30,37,39,46,48,54],"killed_by":"The Heart","ascension_level":12}}