{"host":"tthpht10oetb1q7t","time":1608122185,"event":{"mods":["AchievementEnabler","Act Like it!","BaseMod","GifTheSpireLib","Hubris","Infinite Spire","Minty Spire (QoL Compilation)","Permanent Neow","Quick Restart","Replay The Spire","Shade Mod","StSLib","SuperFastMode","The Administrix","The Bladedancer"],"gold_per_floor":[109,59,59,69,47,76,95,49,99,99,20,20,35,52,52,153,153,168,181,201,216,235,235,268,268,268,283,283,208,208,208,208],"floor_reached":31,"playtime":1581,"items_purged":["blademaster:Strike"],"score":282,"play_id":"3f829bb6-6702-495d-a1e3-d4dd6923df3d","local_time":"20201216133625","is_ascension_mode":false,"campfire_choices":[{"data":"blademaster:RagingBlow","floor":10,"key":"SMITH"},{"data":"blademaster:DaggerAndCloak","floor":12,"key":"SMITH"},{"data":"blademaster:Vortex","floor":15,"key":"SMITH"},{"data":"blademaster:Havoc","floor":23,"key":"SMITH"},{"data":"blademaster:Havoc","floor":28,"key":"SMITH"}],"circlet_count":0,"master_deck":["blademaster:Strike","blademaster:Strike","blademaster:Defend","blademaster:Defend","blademaster:RagingBlow+1","blademaster:HighVoltage","blademaster:Havoc+1","blademaster:AirSlash","blademaster:ChargingUp","blademaster:ColdBlood","blademaster:DaggerAndCloak+1","blademaster:Vortex+1","blademaster:Havoc+1","blademaster:BladeDance","blademaster:Vortex+1","blademaster:ThunderingOpener","blademaster:WindSlash","blademaster:Havoc+1","blademaster:SharpBlades+1","blademaster:Safeguard"],"relics":["blademaster:DancersAmulet","Gremlin Food","hubris:Towel","hubris:TinFlute","Pen Nib","Replay:Grab Bag","infinitespire:Cupcake","hubris:VirtuousBlindfold","Empty Cage","Black Star","Vajra","hubris:SphereOfDissonance","Girya"],"acts_visited":["Exordium","TheCity"],"potions_floor_usage":[1],"damage_taken":[{"damage":10,"enemies":"Jaw Worm","floor":1,"turns":7},{"damage":0,"enemies":"2 Louse","floor":4,"turns":3},{"damage":13,"enemies":"3 Sentries","floor":6,"turns":9},{"damage":0,"enemies":"Small Slimes","floor":7,"turns":6},{"damage":1,"enemies":"3 Louse","floor":13,"turns":4},{"damage":0,"enemies":"Lots of Slimes","floor":14,"turns":3},{"damage":21,"enemies":"Hexaghost","floor":16,"turns":5},{"damage":15,"enemies":"2 Thieves","floor":18,"turns":4},{"damage":8,"enemies":"Shell Parasite","floor":19,"turns":4},{"damage":9,"enemies":"Centurion and Healer","floor":20,"turns":3},{"damage":21,"enemies":"Snake Plant","floor":21,"turns":2},{"damage":13,"enemies":"3 Cultists","floor":22,"turns":4},{"damage":0,"enemies":"Gremlin Leader","floor":24,"turns":5},{"damage":8,"enemies":"Centurion and Healer","floor":27,"turns":3},{"damage":14,"enemies":"Shelled Parasite and Fungi","floor":31,"turns":2}],"seed_played":"3263753059990134088","potions_obtained":[{"floor":1,"key":"Fruit Juice"},{"floor":4,"key":"Strength Potion"},{"floor":14,"key":"ColorlessPotion"},{"floor":19,"key":"Ancient Potion"},{"floor":24,"key":"Energy Potion"}],"is_trial":false,"path_per_floor":["M","?","?","M","$","E","M","$","T","R","$","R","M","M","R","B",null,"M","M","M","M","M","R","E","?","T","M","R","$","?","M"],"character_chosen":"THE_BLADEMASTER","items_purchased":["blademaster:ChargingUp","blademaster:DaggerAndCloak","blademaster:Vortex"],"campfire_rested":0,"item_purchase_floors":[5,8,11],"current_hp_per_floor":[70,70,70,70,70,57,57,57,57,57,57,57,56,56,56,35,80,65,57,48,27,14,14,14,14,14,12,12,12,12,0,0],"gold":208,"neow_bonus":"RANDOM_COMMON_RELIC","is_daily":false,"chose_seed":false,"campfire_upgraded":5,"win_rate":0.0,"timestamp":1608122185,"path_taken":["M","?","?","M","$","E","M","$","T","R","$","R","M","M","R","BOSS","M","M","M","M","M","R","E","?","T","M","R","$","?","?"],"items_purchased_type":["Card","Card","Card"],"build_version":"2020-12-13","purchased_purges":1,"victory":false,"max_hp_per_floor":[80,80,80,80,80,80,80,80,80,80,80,80,80,80,80,80,80,80,80,80,80,80,80,80,80,80,80,80,80,80,80,80],"card_choices":[{"not_picked":["blademaster:SlyStabs","blademaster:Thrust"],"picked":"blademaster:Havoc","floor":1},{"not_picked":["blademaster:CombatPrep","blademaster:Quickness"],"picked":"blademaster:AirSlash","floor":4},{"not_picked":["blademaster:Stormstrike","blademaster:AspectOfLightning"],"picked":"blademaster:ColdBlood","floor":6},{"not_picked":["blademaster:Frenzy","blademaster:Quickstep","blademaster:OneTrickPony"],"picked":"SKIP","floor":7},{"not_picked":["blademaster:BladeCross","blademaster:RollingTyphoon","blademaster:Sunder"],"picked":"SKIP","floor":13},{"not_picked":["blademaster:Quickness","blademaster:Stability"],"picked":"blademaster:Havoc","floor":14},{"not_picked":["blademaster:LightningDraw","blademaster:RagingBlow"],"picked":"blademaster:BladeDance","floor":16},{"not_picked":["blademaster:SlyStabs","blademaster:Stormstrike","blademaster:ChargingUp"],"picked":"SKIP","floor":18},{"not_picked":["blademaster:BloodyBlow","blademaster:Quickstep"],"picked":"blademaster:Vortex+1","floor":19},{"not_picked":["blademaster:Thrust","blademaster:Quickstep"],"picked":"blademaster:ThunderingOpener","floor":20},{"not_picked":["blademaster:BrainBloom","blademaster:Thrust"],"picked":"blademaster:WindSlash","floor":21},{"not_picked":["blademaster:Safeguard","blademaster:IcyWind"],"picked":"blademaster:Havoc+1","floor":22},{"not_picked":["blademaster:FuriousStrike","blademaster:BrainBloom+1"],"picked":"blademaster:SharpBlades+1","floor":24},{"not_picked":["blademaster:StanceMastery","blademaster:EyeOfTheStorm"],"picked":"blademaster:Safeguard","floor":27}],"player_experience":75833,"relics_obtained":[{"floor":6,"key":"blademaster:WindChargePerk"},{"floor":6,"key":"hubris:TinFlute"},{"floor":9,"key":"Pen Nib"},{"floor":24,"key":"blademaster:StanceHealPerk"},{"floor":24,"key":"Vajra"},{"floor":24,"key":"hubris:SphereOfDissonance"},{"floor":26,"key":"Girya"}],"event_choices":[{"cards_removed":["blademaster:Strike"],"damage_healed":0,"gold_gain":0,"player_choice":"Card Removal","damage_taken":0,"max_hp_gain":0,"max_hp_loss":0,"event_name":"The Cleric","floor":2,"gold_loss":50},{"damage_healed":0,"gold_gain":0,"player_choice":"Ignored","damage_taken":0,"max_hp_gain":0,"max_hp_loss":0,"event_name":"Ghosts","floor":25,"gold_loss":0},{"damage_healed":0,"gold_gain":0,"player_choice":"Got Potions","damage_taken":0,"max_hp_gain":0,"max_hp_loss":0,"event_name":"Lab","floor":30,"gold_loss":0}],"is_beta":false,"boss_relics":[{"not_picked":["ReplayTheSpireMod:SealedPack","Honey Jar"],"picked":"Replay:Grab Bag"},{"not_picked":["Replay:Wanted Poster","Busted Crown"],"picked":"infinitespire:Cupcake"},{"not_picked":["ChewingGum","Abe\u0027s Treasure"],"picked":"hubris:VirtuousBlindfold"},{"not_picked":["hubris:HollowSoul","Pandora\u0027s Box"],"picked":"Empty Cage"},{"not_picked":["hubris:Stopwatch","hubris:ScarierMask"],"picked":"Black Star"}],"items_purged_floors":[29],"is_endless":false,"potions_floor_spawned":[1,4,14,19,24,27],"killed_by":"Shelled Parasite and Fungi","ascension_level":0}}