{"host":"bp6b47iftb3mluh0","time":1608135448,"event":{"mods":["Act Like it!","Alarm Clock","Aspiration","BaseMod","Better Third Choice","Better Vampires","Challenge The Spire","Colored Powertips","Conspire","Dota2Spire","Downfall","Friendly Minions","Gensokyo","Hallownest","Hermit","Kiyohime（清姬）","Lobotomy","LobotomyExtend","Marisa（F雨　魔理沙）","Marked Mod","Minty Spire (QoL Compilation)","Quick Restart","Red Circlet Mod","Relic Stats","Replay The Spire","Reworked Bosses","Ryuuou龙王","Shop Mod","Spicy Shops","StSLib","The Bug Knight","The Poker Player","TheWitcher","Uncapped","Waifu the Spire","Youmu（魂魄妖梦）","[地精首领爬塔]The Maniac","vexMod","【东方二次创作】八云紫mod","【遗物卡牌】REMEMod"],"gold_per_floor":[99,35,52,64,84,98,153,153,182,182,132,142,3,28,47,171,171,171,207,482,520,34,34,34,90,90,15,140,140,140,140,178,304,304,229,229,283,321,321,321],"floor_reached":39,"playtime":2011,"items_purged":["REME_ShadowForm","Strike_MRS","Regret","Clumsy"],"score":550,"play_id":"4125ff8c-6511-4c0e-94de-3648a4770d7d","local_time":"20201217001728","is_ascension_mode":false,"campfire_choices":[{"data":"UpSweep","floor":1.0,"key":"SMITH"},{"data":"MilkyWay","floor":8.0,"key":"SMITH"},{"data":"FairyDestructionRay","floor":10.0,"key":"SMITH"},{"floor":18,"key":"RECALL"},{"data":"EnergyFlow","floor":27,"key":"SMITH"},{"data":"ManaRampage","floor":35,"key":"SMITH"}],"circlet_count":0,"master_deck":["Defend_MRS","Defend_MRS","Defend_MRS","Defend_MRS","MasterSpark","UpSweep+1","GalacticHalo","PowerUp","MilkyWay+1","MagicAbsorber","FairyDestructionRay+1","Gensokyo:BlessingOfConstitution","SporeBomb+1","WitchOfGreed+1","UltimateShortwave","GrandCross","EnergyFlow+1","MilkyWay+1","Slimebound:Tackle+1","Slimebound:Tackle+1","Slimebound:Tackle+1","ManaRampage+1","UltimateShortwave","UnstableBomb+1"],"relics":["MiniHakkero","REME_ComplimentaryCards","NeowsBlessing","Dota2Spire:HeartOfTarrasque","LetterFromLob","PreservedInsect","Replay:Ringing Soul","aspiration:Lifesprig","aspiration:RitualDagger","Sling","Bag of Preparation","Dota2Spire:Dagon","REME_HandOfSuture","downfall:HeartBlessingGreen","Lizard Tail","Frozen Egg 2","Ring of Fangs","Ring of Fury","Replay:Grab Bag","Sozu","Busted Crown","conspire:SpecialSausage","ExperimentalFamiliar","downfall:HeartBlessingRed","Moonlight_r","HonorFeather","MealTicket"],"acts_visited":["Gensokyo:Gensokyo","TheCity","TheBeyond"],"potions_floor_usage":[21,25,25,25,28,32,33,33,39],"damage_taken":[{"damage":0.0,"enemies":"downfall:FleeingMerchant","floor":2.0,"turns":1.0},{"damage":0.0,"enemies":"Gensokyo:Gryphon","floor":3.0,"turns":1.0},{"damage":0.0,"enemies":"Gensokyo:3_Fairies","floor":4.0,"turns":2.0},{"damage":2.0,"enemies":"Gensokyo:2_Kodama","floor":5.0,"turns":3.0},{"damage":15.0,"enemies":"Gensokyo:Gryphon_and_Rabbit","floor":6.0,"turns":6.0},{"damage":3.0,"enemies":"Gensokyo:Mamizou","floor":9.0,"turns":6.0},{"damage":0.0,"enemies":"Gensokyo:VengefulSpirit","floor":12.0,"turns":4.0},{"damage":2.0,"enemies":"Gensokyo:3_Kodama","floor":15.0,"turns":2.0},{"damage":35.0,"enemies":"downfall:Ironclad","floor":16.0,"turns":8.0},{"damage":9,"enemies":"Spheric Guardian","floor":19,"turns":3},{"damage":45,"enemies":"3 Byrds","floor":21,"turns":6},{"damage":68,"enemies":"Gremlin Leader","floor":25,"turns":9},{"damage":81,"enemies":"downfall:Defect","floor":28,"turns":6},{"damage":36,"enemies":"Cultist and Chosen","floor":32,"turns":5},{"damage":63,"enemies":"downfall:Watcher","floor":33,"turns":6},{"damage":3,"enemies":"Mind Bloom Boss Battle","floor":36,"turns":1},{"damage":23,"enemies":"Nemesis","floor":37,"turns":3},{"damage":16,"enemies":"3 Shapes","floor":38,"turns":3},{"damage":255,"enemies":"3 Shapes","floor":39,"turns":11}],"seed_played":"6336599167545138051","potions_obtained":[{"floor":3.0,"key":"DuplicationPotion"},{"floor":4.0,"key":"champ:CounterPotion"},{"floor":9.0,"key":"SpeedPotion"},{"floor":12.0,"key":"PowerPotion"},{"floor":16.0,"key":"Cursed Concoction"},{"floor":16.0,"key":"Adrenaline Potion"},{"floor":19,"key":"Strength Potion"},{"floor":21,"key":"Dota2Spire:HealingSalve"},{"floor":21,"key":"Energy Potion"},{"floor":25,"key":"Regen Potion"},{"floor":28,"key":"Fire Potion"},{"floor":32,"key":"Adrenaline Potion"},{"floor":32,"key":"Weak Potion"},{"floor":33,"key":"Ancient Potion"}],"is_trial":false,"path_per_floor":["R","$","M","M","M","M","T","R","E","R","?","M","$","T","M","B",null,"R","M","?","M","$","$","T","E","$","R","?","$","?","?","M","B",null,"R","?","E","M","?"],"character_chosen":"MARISA","items_purchased":["Dota2Spire:HeartOfTarrasque","WitchOfGreed+1","Sling","Bag of Preparation"],"campfire_rested":0,"item_purchase_floors":[2,13,22,22],"current_hp_per_floor":[75,83,83,83,81,66,66,66,66,66,69,76,79,79,80,48,101,101,95,98,53,56,56,56,14,14,14,82,82,85,85,69,37,122,122,125,112,111,0,0],"gold":321,"neow_bonus":"THREE_ENEMY_KILL","is_daily":false,"chose_seed":false,"campfire_upgraded":5,"win_rate":0.0,"timestamp":1608135448,"path_taken":["R","$","M","?","?","M","T","R","E","R","?","M","$","?","M","BOSS","R","M","?","?","$","$","T","E","$","R","?","?","?","?","M","BOSS","R","?","E","M","?"],"items_purchased_type":["Relic","Card","Relic","Relic"],"build_version":"2020-12-13","purchased_purges":4,"victory":false,"max_hp_per_floor":[75,83,83,83,83,83,83,83,86,86,89,92,95,95,98,101,101,101,104,107,107,110,110,110,113,113,113,116,116,119,119,119,122,122,122,125,128,128,128,128],"relic_stats":{"Sozu":3,"Lizard Tail":64,"Busted Crown":4,"counters":[19,86],"MealTicket":0,"PreservedInsect":115,"Bag of Preparation":[16],"obtain_stats":[{"aspiration:Lifesprig":14,"HonorFeather":36,"downfall:HeartBlessingGreen":27,"conspire:SpecialSausage":34,"Bag of Preparation":22,"Sling":22,"Sozu":34,"Replay:Ringing Soul":9,"Lizard Tail":28,"Ring of Fangs":31,"MealTicket":37,"NeowsBlessing":0,"downfall:HeartBlessingRed":35,"Dota2Spire:Dagon":24,"Replay:Grab Bag":34,"PreservedInsect":7,"Dota2Spire:HeartOfTarrasque":2,"Frozen Egg 2":28,"Moonlight_r":36,"Busted Crown":34,"ExperimentalFamiliar":34,"Ring of Fury":31,"REME_HandOfSuture":25,"LetterFromLob":3,"MiniHakkero":0,"aspiration:RitualDagger":17,"REME_ComplimentaryCards":0},{"aspiration:Lifesprig":7,"HonorFeather":16,"downfall:HeartBlessingGreen":12,"conspire:SpecialSausage":15,"Bag of Preparation":11,"Sling":11,"Sozu":15,"Replay:Ringing Soul":6,"Lizard Tail":13,"Ring of Fangs":13,"MealTicket":17,"NeowsBlessing":0,"downfall:HeartBlessingRed":15,"Dota2Spire:Dagon":11,"Replay:Grab Bag":15,"PreservedInsect":5,"Dota2Spire:HeartOfTarrasque":1,"Frozen Egg 2":13,"Moonlight_r":15,"Busted Crown":15,"ExperimentalFamiliar":15,"Ring of Fury":13,"REME_HandOfSuture":12,"LetterFromLob":2,"MiniHakkero":0,"aspiration:RitualDagger":9,"REME_ComplimentaryCards":0},{"aspiration:Lifesprig":23,"HonorFeather":69,"downfall:HeartBlessingGreen":51,"conspire:SpecialSausage":68,"Bag of Preparation":42,"Sling":42,"Sozu":68,"Replay:Ringing Soul":19,"Lizard Tail":57,"Ring of Fangs":57,"MealTicket":72,"NeowsBlessing":0,"downfall:HeartBlessingRed":68,"Dota2Spire:Dagon":42,"Replay:Grab Bag":68,"PreservedInsect":13,"Dota2Spire:HeartOfTarrasque":1,"Frozen Egg 2":57,"Moonlight_r":68,"Busted Crown":68,"ExperimentalFamiliar":68,"Ring of Fury":57,"REME_HandOfSuture":51,"LetterFromLob":2,"MiniHakkero":0,"aspiration:RitualDagger":33,"REME_ComplimentaryCards":0}]},"card_choices":[{"not_picked":["OortCloud","AlicesGift"],"picked":"GalacticHalo","floor":2.0},{"not_picked":["OortCloud","OrrerysSun"],"picked":"PowerUp","floor":3.0},{"not_picked":["SuperPerseids","GravityBeat","EarthLightRay"],"picked":"SKIP","floor":4.0},{"not_picked":["EnergyRecoil","MysteriousBeam"],"picked":"MilkyWay","floor":5.0},{"not_picked":["Acceleration","NonDirectionalLaser"],"picked":"MagicAbsorber","floor":6.0},{"not_picked":["OpenUniverse","StarBarrage"],"picked":"FairyDestructionRay","floor":9.0},{"not_picked":["OneTimeOff","Acceleration"],"picked":"SporeBomb","floor":12.0},{"not_picked":["GalacticHalo","MysteriousBeam"],"picked":"BlazingStar","floor":15.0},{"not_picked":["ManaRampage","CasketOfStar"],"picked":"UltimateShortwave","floor":16.0},{"not_picked":["NonDirectionalLaser","DarkSpark"],"picked":"GrandCross","floor":19},{"not_picked":["MachineGunSpark","EventHorizon+1","DeepEcoloBomb"],"picked":"SKIP","floor":21},{"not_picked":["DoubleSpark","StarBarrage"],"picked":"EnergyFlow","floor":25},{"not_picked":["SporeBomb","Robbery"],"picked":"MilkyWay+1","floor":28},{"not_picked":["DC","UnstableBomb","LuminesStrike+1"],"picked":"SKIP","floor":32},{"not_picked":["FinalSpark","BlazingStar"],"picked":"ManaRampage","floor":33},{"not_picked":[],"picked":"UnstableBomb+1","floor":37},{"not_picked":["FairyDestructionRay"],"picked":"SKIP","floor":38}],"player_experience":188777,"relics_obtained":[{"floor":3.0,"key":"LetterFromLob"},{"floor":7.0,"key":"PreservedInsect"},{"floor":9.0,"key":"Replay:Ringing Soul"},{"floor":14.0,"key":"aspiration:Lifesprig"},{"floor":24,"key":"Dota2Spire:Dagon"},{"floor":25,"key":"REME_HandOfSuture"},{"floor":28,"key":"Lizard Tail"},{"floor":28,"key":"Frozen Egg 2"},{"floor":31,"key":"Ring of Fangs"},{"floor":31,"key":"Ring of Fury"},{"floor":37,"key":"MealTicket"}],"event_choices":[],"is_beta":false,"boss_relics":[{"not_picked":["vexMod:FluxCapacitor","Kintsugi"],"picked":"aspiration:RitualDagger"},{"not_picked":["aspiration:FutureDiary","vexMod:CursedCompass"],"picked":"Replay:Grab Bag"},{"not_picked":["vexMod:RockOfEvil","vexMod:DeviousBotling"],"picked":"Sozu"},{"not_picked":["Philosopher\u0027s Stone","Coffee Dripper"],"picked":"Busted Crown"},{"not_picked":["Runic Pyramid","vexMod:MysteryBossChallenge"],"picked":"conspire:SpecialSausage"},{"not_picked":["Calling Bell","REME_DemonsWealth"],"picked":"ExperimentalFamiliar"}],"items_purged_floors":[2,13,22,22],"is_endless":false,"potions_floor_spawned":[3,4,9,12,16,19,21,32,37,38],"killed_by":"3 Shapes","ascension_level":0}}