{"host":"zxezw9t7myeayiva","time":1608160958,"event":{"mods":["2.2 Compatiblity","Act Like it!","BaseMod","Colored Map","Downfall","Hallownest","Hermit","Infinite Spire","Lobotomy","Marisa????????","Minty Spire (QoL Compilation)","Replay The Spire","Somnambulant","StSLib","The Animator","The Cursed","The Disciple","The Hierophant","The Jungle","The Servant 0.9.4"],"gold_per_floor":[117,127,52,52,62,94,108,108,108],"floor_reached":8,"playtime":650,"items_purged":["Defend_B"],"score":61,"play_id":"8f32e2f1-2ccd-4161-8ef9-fcf246cee39e","local_time":"20201216172238","is_ascension_mode":true,"campfire_choices":[],"circlet_count":0,"master_deck":["Strike_B","Strike_B","Strike_B","Defend_B","Defend_B","Defend_B","Zap","Dualcast","ReplayTheSpireMod:System Scan","Turbo+1","Double Energy","Rebound","Sweeping Beam","Conserve Battery"],"relics":["Cracked Core","Du-Vu Doll"],"acts_visited":["Exordium"],"potions_floor_usage":[8],"damage_taken":[{"damage":0,"enemies":"Small Slimes","floor":1,"turns":2},{"damage":4,"enemies":"Cultist","floor":2,"turns":4},{"damage":0,"enemies":"2 Louse","floor":5,"turns":2},{"damage":58,"enemies":"Lagavulin","floor":6,"turns":7},{"damage":0,"enemies":"2 Fungi Beasts","floor":7,"turns":2},{"damage":15,"enemies":"3 Sentries","floor":8,"turns":2}],"seed_played":"560996231605107737","potions_obtained":[{"floor":2,"key":"Strength Potion"}],"is_trial":false,"path_per_floor":["M","M","$","?","M","E","M","E"],"character_chosen":"DEFECT","items_purchased":[],"campfire_rested":0,"item_purchase_floors":[],"current_hp_per_floor":[75,71,71,71,71,13,13,0,0],"gold":108,"neow_bonus":"RANDOM_EVENT","is_daily":false,"chose_seed":false,"campfire_upgraded":0,"win_rate":0.0,"timestamp":1608160958,"path_taken":["M","M","$","?","?","E","M","E"],"items_purchased_type":[],"build_version":"2020-12-13","purchased_purges":1,"victory":false,"max_hp_per_floor":[75,75,75,75,75,75,75,75,75],"card_choices":[{"not_picked":["Steam","Redo"],"picked":"Turbo","floor":1},{"not_picked":["Gash","Panic Button"],"picked":"Double Energy","floor":2},{"not_picked":["Aggregate","Leap"],"picked":"Rebound","floor":5},{"not_picked":["Streamline","Aggregate"],"picked":"Sweeping Beam","floor":6},{"not_picked":["Steam","Recycle"],"picked":"Conserve Battery","floor":7}],"player_experience":311573,"relics_obtained":[{"floor":6,"key":"Du-Vu Doll"}],"event_choices":[{"damage_healed":0,"gold_gain":0,"cards_transformed":["Strike_B"],"player_choice":"Change","damage_taken":0,"max_hp_gain":0,"max_hp_loss":0,"event_name":"Living Wall","floor":0,"gold_loss":0,"cards_obtained":["ReplayTheSpireMod:System Scan"]},{"damage_healed":0,"gold_gain":0,"player_choice":"Upgraded","damage_taken":0,"max_hp_gain":0,"max_hp_loss":0,"event_name":"Upgrade Shrine","floor":4,"gold_loss":0,"cards_upgraded":["Turbo"]}],"is_beta":false,"boss_relics":[],"items_purged_floors":[3],"is_endless":false,"potions_floor_spawned":[2],"killed_by":"3 Sentries","ascension_level":1}}