{"host":"z26j60ycepuqi9th","time":1608121560,"event":{"mods":["Act Like it!","BaseMod","CapriCore","Card Filter","Card Forge","DeckTracker","Dota2Spire","Friendly Minions","Highlight Path","Mari Mod (Legacy)","Mari\u0027s V1 Patch","Minty Spire (QoL Compilation)","MostiFishMod","Permanent Neow","Quick Restart","Relic Stats","Robot Space Explorer","Shop Mod","Spicy Shops","StSLib","SuperFastMode","TestMod","The Alterego","The Dragon Tamer","TheWitcher","[地精首领爬塔]The Maniac","【遗物卡牌】REMEMod","篝火指南"],"gold_per_floor":[112,140,159,192,215,215,254,279,326,358,378,328,503,503,119,129,129],"floor_reached":16,"playtime":776,"items_purged":["Doubt"],"score":136,"play_id":"a0ae35ce-7104-4e76-93e0-04d7e80590ae","local_time":"20201216202600","is_ascension_mode":true,"campfire_choices":[{"floor":6,"key":"RECALL"}],"circlet_count":0,"master_deck":["SnafuTest:DefaultCommonAttack","SnafuTest:DefaultCommonAttack","SnafuTest:BountyHunt","SnafuTest:DefaultCommonSkill","SnafuTest:DefaultCommonSkill","SnafuTest:DefaultCommonSkill","SnafuTest:SignIgni","DTMod:EchoTactic","SnafuTest:WitchHunt","SnafuTest:MCMockAndRun","SnafuTest:SignAard"],"relics":["SnafuTest:PlaceholderRelic","Hammer of Thor","Seething Fire","Anvil of the Gods","DaveBox","testmod-TestBox","REME_ComplimentaryCards","testmod-NegativeEmotionEnhancer","ChiXiaoBlade","NeowsBlessing","Question Card","DaCapo","Strawberry","Letter Opener","Bird Faced Urn","ChiLing","Chi","Ling"],"acts_visited":["Exordium"],"potions_floor_usage":[7],"damage_taken":[{"damage":0,"enemies":"Jaw Worm","floor":1,"turns":1},{"damage":0,"enemies":"Small Slimes","floor":2,"turns":1},{"damage":0,"enemies":"Cultist","floor":3,"turns":1},{"damage":2,"enemies":"2 Fungi Beasts","floor":4,"turns":3},{"damage":9,"enemies":"Blue Slaver","floor":5,"turns":6},{"damage":65,"enemies":"3 Sentries","floor":7,"turns":9},{"damage":4,"enemies":"Looter","floor":8,"turns":4},{"damage":19,"enemies":"Red Slaver","floor":10,"turns":5},{"damage":13,"enemies":"2 Fungi Beasts","floor":11,"turns":4},{"damage":21,"enemies":"Hexaghost","floor":16,"turns":9}],"seed_played":"-1757987236617030681","potions_obtained":[{"floor":4,"key":"CultistPotion"},{"floor":5,"key":"Block Potion"},{"floor":8,"key":"FairyPotion"},{"floor":10,"key":"FearPotion"},{"floor":11,"key":"PowerPotion"}],"is_trial":false,"path_per_floor":["M","M","M","M","M","R","E","M","T","M","M","?","?","T","R","B"],"character_chosen":"THE_WITCHER","items_purchased":["Bird Faced Urn","ChiLing"],"campfire_rested":0,"item_purchase_floors":[15,15],"current_hp_per_floor":[76,77,78,79,72,72,11,9,16,28,18,18,18,18,18,0,0],"gold":129,"neow_bonus":"THREE_ENEMY_KILL","is_daily":false,"chose_seed":false,"campfire_upgraded":0,"win_rate":0.0,"timestamp":1608121560,"path_taken":["M","M","M","M","M","R","E","M","T","M","M","?","?","?","R","BOSS"],"items_purchased_type":["Relic","Relic"],"build_version":"2020-12-13","purchased_purges":1,"victory":false,"max_hp_per_floor":[76,77,78,79,80,80,81,82,89,90,91,91,91,91,91,91,91],"relic_stats":{"counters":[10,43],"Bird Faced Urn":[0],"Letter Opener":[5],"Question Card":8,"obtain_stats":[{"SnafuTest:PlaceholderRelic":0,"testmod-TestBox":0,"DaveBox":0,"NeowsBlessing":0,"Chi":15,"Hammer of Thor":0,"testmod-NegativeEmotionEnhancer":0,"Seething Fire":0,"Letter Opener":14,"Question Card":1,"Ling":15,"Anvil of the Gods":0,"Strawberry":9,"Bird Faced Urn":15,"ChiXiaoBlade":0,"DaCapo":7,"REME_ComplimentaryCards":0,"ChiLing":15},{"SnafuTest:PlaceholderRelic":0,"testmod-TestBox":0,"DaveBox":0,"NeowsBlessing":0,"Chi":9,"Hammer of Thor":0,"testmod-NegativeEmotionEnhancer":0,"Seething Fire":0,"Letter Opener":9,"Question Card":1,"Ling":9,"Anvil of the Gods":0,"Strawberry":7,"Bird Faced Urn":9,"ChiXiaoBlade":0,"DaCapo":6,"REME_ComplimentaryCards":0,"ChiLing":9},{"SnafuTest:PlaceholderRelic":0,"testmod-TestBox":0,"DaveBox":0,"NeowsBlessing":0,"Chi":34,"Hammer of Thor":0,"testmod-NegativeEmotionEnhancer":0,"Seething Fire":0,"Letter Opener":34,"Question Card":1,"Ling":34,"Anvil of the Gods":0,"Strawberry":25,"Bird Faced Urn":34,"ChiXiaoBlade":0,"DaCapo":21,"REME_ComplimentaryCards":0,"ChiLing":34}]},"card_choices":[{"not_picked":["SnafuTest:AncestralRitual","SnafuTest:MercilessReaper","SnafuTest:FlashingRaid"],"picked":"SKIP","floor":1},{"not_picked":["SnafuTest:BombDragonsDream","SnafuTest:PowerFireDamnation","SnafuTest:SpellIncendiaryShower"],"picked":"SnafuTest:WitchHunt","floor":2},{"not_picked":["SnafuTest:CalculatingAmbition","SnafuTest:PaySmithWorkshop","SnafuTest:PowerCounterAttack"],"picked":"SnafuTest:MCMockAndRun","floor":3},{"not_picked":["SnafuTest:BombDimeritium","SnafuTest:BlueWhale","SnafuTest:WorldMap","SnafuTest:MCSuccubusSeduction"],"picked":"SKIP","floor":4},{"not_picked":["SnafuTest:FirstAid","SnafuTest:SwordDance","SnafuTest:SmashingSlash","SnafuTest:HermitsErudition"],"picked":"SKIP","floor":5},{"not_picked":["SnafuTest:BombSamum","SnafuTest:SwordDance","SnafuTest:ArmoredSortie","SnafuTest:BattleCry"],"picked":"SKIP","floor":7},{"not_picked":["SnafuTest:BlueWhale","SnafuTest:BlackSunRise","SnafuTest:SpellArcaneDomain","SnafuTest:FirstAid"],"picked":"SKIP","floor":8},{"not_picked":["SnafuTest:Kick","SnafuTest:ScholarsIntrigue","SnafuTest:BombDimeritium"],"picked":"SnafuTest:SignAard","floor":10},{"not_picked":["SnafuTest:MercilessReaper","SnafuTest:BombSamum","SnafuTest:Meditation","SnafuTest:PowerAlwaysAWay"],"picked":"SKIP","floor":11}],"player_experience":113909,"relics_obtained":[{"floor":1,"key":"Question Card"},{"floor":7,"key":"DaCapo"},{"floor":9,"key":"Strawberry"},{"floor":14,"key":"Letter Opener"}],"event_choices":[{"cards_removed":["SnafuTest:DefaultCommonAttack"],"damage_healed":0,"gold_gain":0,"player_choice":"Card Removal","damage_taken":0,"max_hp_gain":0,"max_hp_loss":0,"event_name":"The Cleric","floor":12,"gold_loss":50},{"damage_healed":0,"gold_gain":175,"player_choice":"AGREE","damage_taken":0,"max_hp_gain":0,"max_hp_loss":0,"event_name":"Liars Game","floor":13,"gold_loss":0,"cards_obtained":["Doubt"]}],"is_beta":false,"boss_relics":[],"items_purged_floors":[15],"is_endless":false,"potions_floor_spawned":[4,5,8,10,11],"killed_by":"Hexaghost","ascension_level":1}}