{"host":"f0gpob8hq9vgebej","time":1608132367,"event":{"mods":["AchievementEnabler","BaseMod","Googly Eyes","Minty Spire (QoL Compilation)","Quick Restart","SuperFastMode"],"gold_per_floor":[117,134,154,166,176,176,190,215,289,289,308,308,325,55,55,55,55],"floor_reached":16,"playtime":455,"items_purged":["Strike_G"],"score":154,"play_id":"516169db-9fad-4e7e-aac2-a783344455fd","local_time":"20201217002607","is_ascension_mode":true,"campfire_choices":[{"floor":6.0,"key":"REST"},{"floor":12.0,"key":"REST"},{"floor":15.0,"key":"REST"}],"circlet_count":0,"master_deck":["Strike_G","Strike_G","Strike_G","Strike_G","Defend_G","Defend_G","Defend_G","Defend_G","Defend_G","Survivor","Neutralize","Deadly Poison","Reflex","Blade Dance","Prepared","Acrobatics","PiercingWail","Accuracy","Leg Sweep"],"relics":["Ring of the Snake","Bronze Scales","The Courier","Oddly Smooth Stone"],"acts_visited":["Exordium"],"potions_floor_usage":[],"damage_taken":[{"damage":15.0,"enemies":"Small Slimes","floor":1.0,"turns":6.0},{"damage":0.0,"enemies":"Cultist","floor":2.0,"turns":4.0},{"damage":4.0,"enemies":"2 Louse","floor":3.0,"turns":4.0},{"damage":0.0,"enemies":"Blue Slaver","floor":4.0,"turns":5.0},{"damage":15.0,"enemies":"2 Fungi Beasts","floor":5.0,"turns":4.0},{"damage":4.0,"enemies":"3 Louse","floor":7.0,"turns":3.0},{"damage":17.0,"enemies":"Lagavulin","floor":8.0,"turns":5.0},{"damage":15.0,"enemies":"Large Slime","floor":11.0,"turns":7.0},{"damage":31.0,"enemies":"Gremlin Gang","floor":13.0,"turns":4.0},{"damage":31,"enemies":"Slime Boss","floor":16,"turns":10}],"seed_played":"4223037066702708830","potions_obtained":[{"floor":2.0,"key":"Poison Potion"},{"floor":7.0,"key":"Fire Potion"},{"floor":8.0,"key":"Ancient Potion"},{"floor":11.0,"key":"SkillPotion"},{"floor":13.0,"key":"LiquidBronze"}],"is_trial":false,"path_per_floor":["M","M","M","M","M","R","M","E","T","?","M","R","M","$","R","B"],"character_chosen":"THE_SILENT","items_purchased":["Accuracy","Oddly Smooth Stone","Leg Sweep"],"campfire_rested":3,"item_purchase_floors":[14,14,14],"current_hp_per_floor":[44,44,40,40,25,50,46,29,29,29,14,39,8,8,33,2,2],"gold":55,"neow_bonus":"TWENTY_PERCENT_HP_BONUS","is_daily":false,"chose_seed":false,"campfire_upgraded":0,"win_rate":0.0,"timestamp":1608132367,"path_taken":["M","M","M","M","M","R","M","E","T","?","M","R","M","$","R","BOSS"],"items_purchased_type":["Card","Relic","Card"],"build_version":"2020-12-13","purchased_purges":1,"victory":false,"max_hp_per_floor":[84,84,84,84,84,84,84,84,84,84,84,84,84,84,84,84,84],"card_choices":[{"not_picked":["Bouncing Flask","Well Laid Plans"],"picked":"Deadly Poison","floor":1.0},{"not_picked":["Blur","Prepared"],"picked":"Reflex","floor":2.0},{"not_picked":["Dagger Throw","PiercingWail"],"picked":"Blade Dance","floor":3.0},{"not_picked":["Quick Slash","Deadly Poison","Dodge and Roll"],"picked":"SKIP","floor":4.0},{"not_picked":["Underhanded Strike","Dagger Throw"],"picked":"Prepared","floor":5.0},{"not_picked":["Outmaneuver","Terror"],"picked":"Acrobatics","floor":7.0},{"not_picked":["Night Terror","All Out Attack","Acrobatics"],"picked":"SKIP","floor":8.0},{"not_picked":["Slice","Dodge and Roll","Deflect"],"picked":"SKIP","floor":11.0},{"not_picked":["Caltrops","Sucker Punch"],"picked":"PiercingWail","floor":13.0}],"player_experience":157544,"relics_obtained":[{"floor":8.0,"key":"Bronze Scales"},{"floor":9.0,"key":"The Courier"}],"event_choices":[{"damage_healed":0.0,"max_hp_gain":0.0,"max_hp_loss":0.0,"gold_gain":0.0,"event_name":"The Woman in Blue","player_choice":"Bought 0 Potions","floor":10.0,"gold_loss":0.0,"damage_taken":0.0}],"is_beta":false,"boss_relics":[],"items_purged_floors":[14],"is_endless":false,"potions_floor_spawned":[2,7,8,11,13],"killed_by":"Slime Boss","ascension_level":9}}