{"host":"zjpedncu52gty2eg","time":1608106935,"event":{"mods":["AchievementEnabler","BaseMod","Colored Powertips","Minty Spire (QoL Compilation)","Quick Restart","StSLib"],"gold_per_floor":[10,25,42,117,7,7,27,27,54,54,72,86,86,86,86,187,187,205,205,105,125,143,143,143,143],"floor_reached":24,"playtime":871,"items_purged":["Defend_R","Defend_R"],"score":302,"play_id":"bb96d7be-a589-4173-a985-43c3a67eb55e","local_time":"20201216012215","is_ascension_mode":true,"campfire_choices":[{"data":"Flex","floor":6,"key":"SMITH"},{"data":"Cleave","floor":8,"key":"SMITH"},{"data":"Heavy Blade","floor":13,"key":"SMITH"},{"floor":15,"key":"REST"},{"floor":23,"key":"REST"}],"circlet_count":0,"master_deck":["Strike_R","Strike_R","Strike_R","Strike_R","Strike_R","Defend_R","Bash","Cleave","Flex+1","Cleave+1","Combust","Limit Break+1","Heavy Blade+1","Limit Break","Rage","Warcry+1","Inflame+1"],"relics":["Burning Blood","Gambling Chip","Happy Flower","Omamori","Runic Pyramid"],"acts_visited":["Exordium","TheCity"],"potions_floor_usage":[24,24],"damage_taken":[{"damage":11,"enemies":"Jaw Worm","floor":1,"turns":4},{"damage":0,"enemies":"Small Slimes","floor":2,"turns":2},{"damage":1,"enemies":"Cultist","floor":3,"turns":3},{"damage":5,"enemies":"Gremlin Gang","floor":7,"turns":3},{"damage":0,"enemies":"2 Fungi Beasts","floor":11,"turns":1},{"damage":17,"enemies":"Blue Slaver","floor":12,"turns":3},{"damage":4,"enemies":"Slime Boss","floor":16,"turns":5},{"damage":18,"enemies":"3 Byrds","floor":18,"turns":3},{"damage":11,"enemies":"Spheric Guardian","floor":21,"turns":3},{"damage":49,"enemies":"Shelled Parasite and Fungi","floor":22,"turns":3},{"damage":44,"enemies":"Slavers","floor":24,"turns":2}],"seed_played":"6640989553983751650","potions_obtained":[{"floor":11,"key":"SneckoOil"},{"floor":16,"key":"BlessingOfTheForge"},{"floor":18,"key":"LiquidMemories"}],"is_trial":false,"path_per_floor":["M","M","M","?","$","R","M","R","T","?","M","M","R","?","R","B",null,"M","?","$","M","M","R","E"],"character_chosen":"IRONCLAD","items_purchased":["Combust"],"campfire_rested":2,"item_purchase_floors":[5],"current_hp_per_floor":[75,80,80,69,69,69,70,70,70,63,69,58,58,46,70,72,80,68,68,68,63,20,44,0,0],"gold":143,"neow_bonus":"ONE_RARE_RELIC","is_daily":false,"chose_seed":false,"campfire_upgraded":3,"win_rate":0.0,"timestamp":1608106935,"path_taken":["M","M","M","?","$","R","M","R","T","?","M","M","R","?","R","BOSS","M","?","$","?","?","R","E"],"items_purchased_type":["Card"],"build_version":"2020-12-13","purchased_purges":2,"victory":false,"max_hp_per_floor":[80,80,80,80,80,80,80,80,80,80,80,80,80,80,80,80,80,80,80,80,80,80,80,80,80],"card_choices":[{"not_picked":["Iron Wave","Shrug It Off"],"picked":"Cleave","floor":1},{"not_picked":["Shrug It Off","Sword Boomerang"],"picked":"Flex","floor":2},{"not_picked":["Second Wind","Iron Wave"],"picked":"Cleave","floor":3},{"not_picked":["Shrug It Off","Anger","Perfected Strike"],"picked":"SKIP","floor":7},{"not_picked":["Cleave","Entrench"],"picked":"Limit Break","floor":11},{"not_picked":["Perfected Strike","Clash"],"picked":"Heavy Blade","floor":12},{"not_picked":["Feed","Immolate"],"picked":"Limit Break","floor":16},{"not_picked":["Pommel Strike+1","Cleave"],"picked":"Rage","floor":18},{"not_picked":["Uppercut","Iron Wave"],"picked":"Warcry+1","floor":21},{"not_picked":["Clash","Rupture"],"picked":"Inflame+1","floor":22}],"player_experience":159760,"relics_obtained":[{"floor":9,"key":"Happy Flower"}],"event_choices":[{"damage_healed":0,"gold_gain":75,"player_choice":"Gather Gold","damage_taken":11,"max_hp_gain":0,"max_hp_loss":0,"event_name":"World of Goop","floor":4,"gold_loss":0},{"cards_removed":["Defend_R"],"damage_healed":0,"gold_gain":0,"player_choice":"Card Removal","damage_taken":7,"max_hp_gain":0,"max_hp_loss":0,"event_name":"Golden Wing","floor":10,"gold_loss":0},{"damage_healed":0,"gold_gain":0,"player_choice":"Success","damage_taken":12,"relics_obtained":["Omamori"],"max_hp_gain":0,"max_hp_loss":0,"event_name":"Scrap Ooze","floor":14,"gold_loss":0},{"damage_healed":0,"gold_gain":0,"player_choice":"Upgraded","damage_taken":0,"max_hp_gain":0,"max_hp_loss":0,"event_name":"Upgrade Shrine","floor":19,"gold_loss":0,"cards_upgraded":["Limit Break"]}],"is_beta":false,"boss_relics":[{"not_picked":["Velvet Choker","Runic Cube"],"picked":"Runic Pyramid"}],"items_purged_floors":[5,20],"is_endless":false,"potions_floor_spawned":[11,16,18],"killed_by":"Slavers","ascension_level":3}}