{"host":"9ndbo4kgsfoemf7y","time":1608113844,"event":{"mods":["AchievementEnabler","BaseMod","Colored Map","DeckTracker","Keyboard Shortcuts","Minty Spire (QoL Compilation)","Permanent Neow","Quick Restart","Relic Stats","StSLib","SuperFastMode"],"gold_per_floor":[10,10,25,44,44,44,73,73,73,83,93,93,93],"floor_reached":12,"playtime":305,"items_purged":[],"score":144,"play_id":"e0b4bce6-e5d1-4fbf-a935-7f4a8b70d124","local_time":"20201216191724","is_ascension_mode":true,"campfire_choices":[{"data":"Deadly Poison","floor":6,"key":"SMITH"},{"data":"Prepared","floor":8,"key":"SMITH"}],"circlet_count":0,"master_deck":["AscendersBane","Strike_G","Strike_G","Strike_G","Strike_G","Strike_G","Defend_G","Defend_G","Defend_G","Defend_G","Defend_G","Survivor","Neutralize","Deadly Poison+1","Crippling Poison","Well Laid Plans","Prepared+1"],"relics":["Ring of the Snake","StoneCalendar","FaceOfCleric","Incense Burner","Eternal Feather"],"acts_visited":["Exordium"],"potions_floor_usage":[7,12],"damage_taken":[{"damage":8,"enemies":"Jaw Worm","floor":1,"turns":5},{"damage":0,"enemies":"Cultist","floor":3,"turns":4},{"damage":2,"enemies":"2 Louse","floor":4,"turns":3},{"damage":12,"enemies":"Lagavulin","floor":7,"turns":5},{"damage":28,"enemies":"Gremlin Gang","floor":10,"turns":5},{"damage":6,"enemies":"Blue Slaver","floor":11,"turns":4},{"damage":10,"enemies":"3 Sentries","floor":12,"turns":4}],"seed_played":"5549355105442422029","potions_obtained":[{"floor":1,"key":"Swift Potion"},{"floor":2,"key":"LiquidMemories"},{"floor":11,"key":"SteroidPotion"}],"is_trial":false,"path_per_floor":["M","?","M","M","?","R","E","R","T","M","M","E"],"character_chosen":"THE_SILENT","items_purchased":[],"campfire_rested":0,"item_purchase_floors":[],"current_hp_per_floor":[51,51,51,49,49,49,38,38,38,11,6,0,0],"gold":93,"neow_bonus":"ONE_RARE_RELIC","is_daily":false,"chose_seed":false,"campfire_upgraded":2,"win_rate":0.0,"timestamp":1608113844,"path_taken":["M","?","?","M","?","R","E","R","T","M","?","E"],"items_purchased_type":[],"build_version":"2020-12-13","purchased_purges":0,"victory":false,"max_hp_per_floor":[66,66,66,66,66,66,67,67,67,68,69,69,69],"relic_stats":{"FaceOfCleric":3,"counters":[7,30],"StoneCalendar":[0],"Eternal Feather":0,"obtain_stats":[{"FaceOfCleric":5,"StoneCalendar":0,"Eternal Feather":9,"Incense Burner":7,"Ring of the Snake":0},{"FaceOfCleric":3,"StoneCalendar":0,"Eternal Feather":4,"Incense Burner":4,"Ring of the Snake":0},{"FaceOfCleric":12,"StoneCalendar":0,"Eternal Feather":17,"Incense Burner":17,"Ring of the Snake":0}],"Ring of the Snake":[14]},"card_choices":[{"not_picked":["Masterful Stab","Infinite Blades"],"picked":"Deadly Poison","floor":1},{"not_picked":["Distraction","Terror"],"picked":"Crippling Poison","floor":3},{"not_picked":["Flying Knee","Slice"],"picked":"Well Laid Plans","floor":4},{"not_picked":["Bane","Outmaneuver"],"picked":"Prepared","floor":7},{"not_picked":["Setup","Flying Knee","Choke"],"picked":"SKIP","floor":10},{"not_picked":["Well Laid Plans","Flechettes","Dagger Spray"],"picked":"SKIP","floor":11}],"player_experience":681415,"relics_obtained":[{"floor":7,"key":"Incense Burner"},{"floor":9,"key":"Eternal Feather"}],"event_choices":[{"damage_healed":0,"gold_gain":0,"player_choice":"Got Potions","damage_taken":0,"max_hp_gain":0,"max_hp_loss":0,"event_name":"Lab","floor":2,"gold_loss":0},{"damage_healed":0,"gold_gain":0,"player_choice":"Trade","damage_taken":0,"relics_obtained":["FaceOfCleric"],"max_hp_gain":0,"max_hp_loss":0,"event_name":"FaceTrader","floor":5,"gold_loss":0}],"is_beta":false,"boss_relics":[],"items_purged_floors":[],"is_endless":false,"potions_floor_spawned":[1,11],"killed_by":"3 Sentries","ascension_level":16}}