{"host":"hvwa7s69zr612rn1","time":1608105673,"event":{"mods":["BaseMod","Colored Map","Colored Powertips","Koishi","Minty Spire (QoL Compilation)","StSLib"],"gold_per_floor":[113,126,146,157,169,169,180,180,180,200,212,242,255,31,31,31,31],"floor_reached":16,"playtime":1261,"items_purged":["Koishi:BasicStrike"],"score":158,"play_id":"3866dce0-cd6d-4f32-9f0a-1543d2257b31","local_time":"20201216190113","is_ascension_mode":false,"campfire_choices":[{"data":"Koishi:PerfectMindControl","floor":6,"key":"SMITH"},{"floor":15,"key":"DIG"}],"circlet_count":0,"master_deck":["Koishi:BasicStrike","Koishi:BasicStrike","Koishi:BasicStrike","Koishi:BasicDefend","Koishi:BasicDefend","Koishi:BasicDefend","Koishi:BasicDefend","Koishi:Provoke","Koishi:HauntingSlash","Koishi:ParalyzingFear","Koishi:TraumaticStroke","Koishi:UnseenTerror+1","Koishi:PerfectMindControl+1","Koishi:GeneticsOfTheUnconscious","Koishi:EmbersOfLove","Koishi:DNAsFlaw","Koishi:PerfectMindControl+1"],"relics":["Koishi:ImaginaryFriend","Letter Opener","Shovel","DollysMirror","Toxic Egg 2"],"acts_visited":["Exordium"],"potions_floor_usage":[10,12,16],"damage_taken":[{"damage":2,"enemies":"Small Slimes","floor":1,"turns":5},{"damage":2,"enemies":"Cultist","floor":2,"turns":4},{"damage":2,"enemies":"2 Louse","floor":3,"turns":2},{"damage":7,"enemies":"Exordium Thugs","floor":4,"turns":7},{"damage":10,"enemies":"Red Slaver","floor":5,"turns":4},{"damage":6,"enemies":"3 Louse","floor":7,"turns":3},{"damage":6,"enemies":"Exordium Thugs","floor":10,"turns":6},{"damage":7,"enemies":"Blue Slaver","floor":11,"turns":4},{"damage":37,"enemies":"3 Sentries","floor":12,"turns":10},{"damage":0,"enemies":"2 Fungi Beasts","floor":13,"turns":4}],"seed_played":"-952409617890495868","potions_obtained":[{"floor":3,"key":"LiquidBronze"},{"floor":5,"key":"Ancient Potion"},{"floor":11,"key":"SneckoOil"},{"floor":12,"key":"Block Potion"},{"floor":13,"key":"Strength Potion"}],"is_trial":false,"path_per_floor":["M","M","M","M","M","R","M","?","T","M","M","E","M","$","R","B"],"character_chosen":"KOISHI","items_purchased":["DollysMirror"],"campfire_rested":0,"item_purchase_floors":[14],"current_hp_per_floor":[66,66,64,59,52,52,47,47,47,43,40,8,11,11,11,0,0],"gold":31,"neow_bonus":"TEN_PERCENT_HP_BONUS","is_daily":false,"chose_seed":false,"campfire_upgraded":1,"win_rate":0.0,"timestamp":1608105673,"path_taken":["M","M","M","M","M","R","M","?","T","M","M","E","M","$","R","BOSS"],"items_purchased_type":["Relic"],"build_version":"2020-12-13","purchased_purges":1,"victory":false,"max_hp_per_floor":[66,66,66,66,66,66,66,66,66,66,66,66,66,66,66,66,66],"card_choices":[{"not_picked":["Koishi:SubconsciousSweep","Koishi:Jaunt","Koishi:UnconsciousUprising"],"picked":"SKIP","floor":1},{"not_picked":["Koishi:Prune","Koishi:LastRemote"],"picked":"Koishi:ParalyzingFear","floor":2},{"not_picked":["Koishi:MindNumbingTerror","Koishi:PhantomBarrier"],"picked":"Koishi:TraumaticStroke","floor":3},{"not_picked":["Koishi:FleetingPhantom","Koishi:BloodcurdlingScream"],"picked":"Koishi:UnseenTerror","floor":4},{"not_picked":["Koishi:EmbersOfLove","Koishi:SubconsciousSweep"],"picked":"Koishi:PerfectMindControl","floor":5},{"not_picked":["Koishi:FreudianInstinct","Koishi:LastRemote","Koishi:UnconsciousUprising"],"picked":"SKIP","floor":7},{"not_picked":["Koishi:Untouchable","Koishi:Jaunt","Koishi:SpiritedAway"],"picked":"SKIP","floor":10},{"not_picked":["Koishi:GhostParty","Koishi:LastRemote"],"picked":"Koishi:GeneticsOfTheUnconscious","floor":11},{"not_picked":["Koishi:ReleaseOfTheId","Koishi:Possession"],"picked":"Koishi:EmbersOfLove","floor":12},{"not_picked":["Koishi:GeneticsOfTheUnconscious","Koishi:Prune"],"picked":"Koishi:DNAsFlaw","floor":13}],"player_experience":313208,"relics_obtained":[{"floor":9,"key":"Letter Opener"},{"floor":12,"key":"Shovel"},{"floor":15,"key":"Toxic Egg 2"}],"event_choices":[{"damage_healed":0,"gold_gain":0,"player_choice":"Upgraded","damage_taken":0,"max_hp_gain":0,"max_hp_loss":0,"event_name":"Upgrade Shrine","floor":8,"gold_loss":0,"cards_upgraded":["Koishi:UnseenTerror"]}],"is_beta":false,"boss_relics":[],"items_purged_floors":[14],"is_endless":false,"potions_floor_spawned":[3,5,11,12,13],"killed_by":"The Guardian","ascension_level":0}}