{"host":"0ojbcjhl22e0lupc","time":1608154694,"event":{"mods":["AchievementEnabler","BaseMod","Better Altar","Better Note","Better Sensory Stone","Better Skull","Better Third Choice","BetterRewards","Colored Map","Colored Powertips","Curses Come First","Custom Start","Friendly Minions","Gold Saver","Hermit","Highlight Path","Marked Mod","Minty Spire (QoL Compilation)","Permanent Neow","QueenMod","Random Character Button","Random Character Mod","Replay The Spire","Spicy Shops","StSLib","The Blue Laboratory","The Cursed","The Forsaken","The Hierophant","The Jungle","Transform Curses","Treasure Hunter"],"gold_per_floor":[100561,100561,100580,100594,100606,100638,99313,99313,99338,97838,97866,97879,97879,97894,97894,97993,97993,98003,98013,98013,98030,98043,98043,98043],"floor_reached":23,"playtime":1953,"items_purged":["theForsaken:TheForsaken_Defend","theForsaken:TheForsaken_Defend","theForsaken:TheForsaken_Strike"],"score":446,"play_id":"b24b276f-8518-43a3-9fce-58376e5818df","local_time":"20201216163814","is_ascension_mode":true,"campfire_choices":[{"floor":8,"key":"REST"},{"floor":13,"key":"RECALL"},{"data":"theForsaken:DarkBargain","floor":15,"key":"SMITH"}],"circlet_count":0,"master_deck":["theForsaken:TheForsaken_Strike","theForsaken:TheForsaken_Strike+1","theForsaken:TheForsaken_Defend","theForsaken:TheForsaken_Defend+1","theForsaken:Smite","theForsaken:Penitence","theForsaken:DarkBargain+1","theForsaken:FuryStrikes","theForsaken:StoreUp+1","theForsaken:FatRoll","theForsaken:DarkBarrier","Pain","theForsaken:MagicWeapon","Purity","TH:Mimic","Injury","ReplayTheSpireMod:Splinters","Dramatic Entrance","theForsaken:Bolster","TH:EnergyPotion+1","theForsaken:DesperatePlea","theForsaken:WordsOfMight+1","theForsaken:DefensiveStance"],"relics":["theForsaken:JudgementScales","Unceasing Top","theForsaken:Gavel","Strange Spoon","Blue Doll","theForsaken:Kindling","Pantograph","Gremlin Food","Du-Vu Doll","HornCleat","MealTicket","Sling","TheAbacus","Happy Flower","ReplayTheSpireMod:CursedCoin","Shovel","Bottled Lightning","Letter Opener","TH:Anvil","HandDrill","Nloth\u0027s Gift"],"acts_visited":["Exordium","TheCity"],"potions_floor_usage":[3,14,18,21],"damage_taken":[{"damage":2,"enemies":"2 Louse","floor":1,"turns":3},{"damage":0,"enemies":"Cultist","floor":3,"turns":3},{"damage":2,"enemies":"Small Slimes","floor":4,"turns":4},{"damage":9,"enemies":"Exordium Thugs","floor":5,"turns":6},{"damage":13,"enemies":"3 Sentries","floor":6,"turns":11},{"damage":0,"enemies":"Gremlin Nob","floor":11,"turns":4},{"damage":6,"enemies":"Exordium Wildlife","floor":12,"turns":3},{"damage":13,"enemies":"Looter","floor":14,"turns":2},{"damage":4,"enemies":"Hexaghost","floor":16,"turns":10},{"damage":5,"enemies":"Spheric Guardian","floor":18,"turns":3},{"damage":28,"enemies":"3 Byrds","floor":19,"turns":6},{"damage":11,"enemies":"Shelled Parasite and Fungi","floor":21,"turns":3},{"damage":20,"enemies":"Snake Plant","floor":22,"turns":4},{"damage":18,"enemies":"Gremlin Leader","floor":23,"turns":1}],"seed_played":"4856159029380791563","potions_obtained":[{"floor":1,"key":"blueLaboratory:FruitPunch"},{"floor":12,"key":"blueLaboratory:FruitPunch"},{"floor":14,"key":"Death Potion"},{"floor":16,"key":"blueLaboratory:HummingbirdPotion"},{"floor":19,"key":"blueLaboratory:LouseDecoction"},{"floor":21,"key":"Energy Potion"}],"is_trial":false,"path_per_floor":["M","?","M","M","M","E","$","R","T","$","E","M","R","M","R","B",null,"M","M","?","M","M","E"],"character_chosen":"THE_FORSAKEN","items_purchased":["theForsaken:DarkBargain","theForsaken:Gavel","Strange Spoon","Blue Doll","Pantograph","theForsaken:FuryStrikes","Du-Vu Doll","HornCleat","MealTicket","Sling","TheAbacus","Happy Flower","theForsaken:MagicWeapon","Purity","ReplayTheSpireMod:CursedCoin","Shovel","Bottled Lightning","Letter Opener","TH:Anvil","HandDrill","Dramatic Entrance","theForsaken:Bolster"],"campfire_rested":1,"item_purchase_floors":[0,0,0,0,0,0,7,7,7,7,7,7,7,7,10,10,10,10,10,10,10,10],"current_hp_per_floor":[57,44,46,44,35,28,28,53,53,68,70,64,64,53,53,72,74,71,45,45,37,17,0,0],"gold":98043,"neow_bonus":"","is_daily":false,"chose_seed":false,"campfire_upgraded":1,"win_rate":0.0,"timestamp":1608154694,"path_taken":["M","?","M","M","M","E","$","R","T","$","E","M","R","M","R","BOSS","M","M","?","?","M","E"],"items_purchased_type":["Card","Relic","Relic","Relic","Relic","Card","Relic","Relic","Relic","Relic","Relic","Relic","Card","Card","Relic","Relic","Relic","Relic","Relic","Relic","Card","Card"],"build_version":"2020-12-13","purchased_purges":3,"victory":false,"max_hp_per_floor":[65,65,67,67,67,67,67,72,72,72,72,72,72,74,74,74,74,74,74,74,74,74,74,74],"card_choices":[{"not_picked":["theForsaken:HymnOfRest","theForsaken:PowerUp","theForsaken:Thunderbolt"],"picked":"SKIP","floor":1},{"not_picked":["theForsaken:WordOfPower","theForsaken:WordsOfPestilence"],"picked":"theForsaken:StoreUp","floor":3},{"not_picked":["theForsaken:BottledPlague","theForsaken:BindingThorns"],"picked":"theForsaken:FatRoll","floor":4},{"not_picked":["theForsaken:BattleHymn","theForsaken:HorrifyingStrike","theForsaken:FuryStrikes"],"picked":"SKIP","floor":5},{"not_picked":["theForsaken:PowerUp","theForsaken:HorrifyingStrike"],"picked":"theForsaken:DarkBarrier","floor":6},{"not_picked":["TH:ArmorSpikes","TH:DeckOfManyThings"],"picked":"SKIP","floor":6},{"not_picked":["TH:DeckOfManyThings"],"picked":"TH:Mimic","floor":9},{"not_picked":["TH:DeckOfManyThings"],"picked":"TH:EnergyPotion","floor":11},{"not_picked":["theForsaken:Parry","theForsaken:FatRoll","theForsaken:FuryStrikes"],"picked":"SKIP","floor":11},{"not_picked":["theForsaken:PanicDive","theForsaken:Horror","theForsaken:PreciseStrike"],"picked":"SKIP","floor":12},{"not_picked":["theForsaken:Thunderbolt","theForsaken:SolarFlare","theForsaken:CorruptedWord"],"picked":"SKIP","floor":14},{"not_picked":["theForsaken:Temperance","theForsaken:CorruptedForm"],"picked":"theForsaken:DesperatePlea","floor":16},{"not_picked":["theForsaken:HorrifyingStrike+1","theForsaken:PowerUp+1","theForsaken:ShieldBash+1"],"picked":"SKIP","floor":18},{"not_picked":["theForsaken:Devotion","theForsaken:ShieldBash","theForsaken:ChargeAttack+1"],"picked":"SKIP","floor":19},{"not_picked":["theForsaken:HorrifyingStrike","theForsaken:NobleSacrifice"],"picked":"theForsaken:WordsOfMight+1","floor":21},{"not_picked":["theForsaken:ShieldBash","theForsaken:BindingThorns"],"picked":"theForsaken:DefensiveStance","floor":22}],"player_experience":310921,"relics_obtained":[{"floor":6,"key":"Gremlin Food"},{"floor":11,"key":"Lantern"}],"event_choices":[{"damage_healed":57,"gold_gain":0,"player_choice":"Upgrade","damage_taken":13,"max_hp_gain":0,"max_hp_loss":65,"event_name":"betterThird:BetterShining","floor":2,"gold_loss":0,"cards_upgraded":["theForsaken:TheForsaken_Defend","theForsaken:TheForsaken_Strike"]},{"damage_healed":0,"gold_gain":0,"player_choice":"Traded Relic","damage_taken":0,"relics_obtained":["Nloth\u0027s Gift"],"max_hp_gain":0,"max_hp_loss":0,"event_name":"N\u0027loth","floor":20,"relics_lost":["Lantern"],"gold_loss":0}],"is_beta":false,"boss_relics":[{"not_picked":["Painkiller Herb","ChewingGum","Replay:Bronze Core"]}],"items_purged_floors":[7,10,10],"is_endless":false,"potions_floor_spawned":[1,12,14,16,19,21],"killed_by":"Gremlin Leader","ascension_level":7}}