{"host":"Sumable","time":1608110984,"event":{"mods":["AchievementEnabler","BaseMod","Better Note","BetterRewards","Googly Eyes","Hermit","Minty Spire (QoL Compilation)","Quick Restart","Shop Mod","StSLib","The Cursed","everything is the same but u backflip on backflip","slay the spire mod where everything is the same but ironclad has a cowboy hat"],"gold_per_floor":[112,112,112,131,149,149,174,174,174,200,215,66,96,114,114,213,213,227,129,129,129,129,161,172,172,172,24,57,57,67,87,87,87,87],"floor_reached":33,"playtime":4896,"items_purged":[],"score":535,"play_id":"d4299ee6-aa2f-4205-a286-01e2c81930da","local_time":"20201216022944","is_ascension_mode":true,"campfire_choices":[{"floor":6,"key":"REST"},{"floor":8,"key":"REST"},{"floor":15,"key":"REST"},{"data":"Feed","floor":25,"key":"SMITH"},{"floor":32,"key":"REST"}],"circlet_count":0,"master_deck":["AscendersBane","Strike_R+1","Strike_R+1","Strike_R+1","Strike_R+1","Strike_R+1","Defend_R+1","Defend_R+1","Defend_R+1","Defend_R+1","Bash","Shrug It Off","Pain","Iron Wave","Fire Breathing","Pommel Strike+1","Bloodletting","Feed+1","Anger","Feed+1","Pommel Strike+1"],"relics":["Burning Blood","Smiling Mask","WarpedTongs","TungstenRod","Blue Candle","Nunchaku","Whetstone","StrikeDummy","SacredBark","Prayer Wheel","Molten Egg 2","Membership Card","Bottled Flame","Ornamental Fan"],"acts_visited":["Exordium","TheCity"],"potions_floor_usage":[5,7,13,16,18,23,28,31,31,33],"damage_taken":[{"damage":10,"enemies":"Small Slimes","floor":1,"turns":4},{"damage":5,"enemies":"2 Louse","floor":4,"turns":4},{"damage":10,"enemies":"Cultist","floor":5,"turns":4},{"damage":45,"enemies":"Lagavulin","floor":7,"turns":8},{"damage":35,"enemies":"Gremlin Nob","floor":10,"turns":6},{"damage":18,"enemies":"Exordium Thugs","floor":11,"turns":4},{"damage":15,"enemies":"3 Sentries","floor":13,"turns":6},{"damage":2,"enemies":"Large Slime","floor":14,"turns":4},{"damage":4,"enemies":"Slime Boss","floor":16,"turns":9},{"damage":15,"enemies":"Chosen","floor":18,"turns":4},{"damage":18,"enemies":"Slavers","floor":23,"turns":5},{"damage":18,"enemies":"3 Byrds","floor":24,"turns":6},{"damage":12,"enemies":"Gremlin Leader","floor":28,"turns":11},{"damage":24,"enemies":"Centurion and Healer","floor":30,"turns":7},{"damage":25,"enemies":"Snake Plant","floor":31,"turns":5},{"damage":129,"enemies":"Collector","floor":33,"turns":11}],"seed_played":"1656211364121291271","potions_obtained":[{"floor":4,"key":"BloodPotion"},{"floor":5,"key":"SneckoOil"},{"floor":10,"key":"GamblersBrew"},{"floor":11,"key":"AttackPotion"},{"floor":16,"key":"GamblersBrew"},{"floor":24,"key":"Energy Potion"},{"floor":28,"key":"FearPotion"},{"floor":30,"key":"Fruit Juice"},{"floor":31,"key":"BloodPotion"}],"is_trial":false,"path_per_floor":["M","?","?","M","M","R","E","R","T","E","M","$","E","M","R","B",null,"M","$","?","?","$","E","M","R","T","$","E","T","M","M","R","B"],"character_chosen":"IRONCLAD","items_purchased":["Whetstone","Anger","DistilledChaos","Membership Card"],"campfire_rested":4,"item_purchase_floors":[12,19,19,27],"current_hp_per_floor":[68,52,52,53,65,80,41,65,65,36,24,24,15,19,43,45,71,62,62,62,80,80,72,64,64,64,64,58,58,48,43,76,0,0],"gold":87,"neow_bonus":"RANDOM_COMMON_RELIC","is_daily":false,"chose_seed":false,"campfire_upgraded":1,"win_rate":0.0,"timestamp":1608110984,"path_taken":["M","?","?","?","M","R","E","R","T","E","M","$","E","M","R","BOSS","M","$","?","?","$","E","?","R","T","?","E","?","M","M","R","BOSS"],"items_purchased_type":["Relic","Card","Potion","Relic"],"build_version":"2020-12-07","purchased_purges":0,"victory":false,"max_hp_per_floor":[80,80,80,80,80,80,80,80,80,80,80,80,80,80,80,80,80,80,80,80,80,80,84,88,88,88,88,88,88,96,110,110,110,110],"card_choices":[{"not_picked":["Armaments","Iron Wave"],"picked":"Shrug It Off","floor":1},{"not_picked":["Clothesline","Clash"],"picked":"Iron Wave","floor":4},{"not_picked":["Uppercut","Shockwave"],"picked":"Bloodletting","floor":5},{"not_picked":["Double Tap","Cleave"],"picked":"Fire Breathing","floor":7},{"not_picked":["Battle Trance","Flame Barrier"],"picked":"Pommel Strike","floor":10},{"not_picked":["Clothesline","Clash","Feel No Pain"],"picked":"SKIP","floor":11},{"not_picked":["Flame Barrier","Infernal Blade"],"picked":"Bloodletting","floor":13},{"not_picked":["Body Slam","Sword Boomerang","Cleave"],"picked":"SKIP","floor":14},{"not_picked":["Fiend Fire","Reaper"],"picked":"Feed","floor":16},{"not_picked":["Iron Wave","Heavy Blade","Clothesline"],"picked":"SKIP","floor":18},{"not_picked":["Dropkick","Hemokinesis","Cleave+1"],"picked":"SKIP","floor":23},{"not_picked":["Metallicize","Shockwave","Feel No Pain"],"picked":"SKIP","floor":24},{"not_picked":["Second Wind","Intimidate+1","Iron Wave"],"picked":"SKIP","floor":24},{"not_picked":["Thunderclap+1","Iron Wave+1"],"picked":"Feed+1","floor":28},{"not_picked":["True Grit","Battle Trance"],"picked":"Pommel Strike+1","floor":30},{"not_picked":["Blood for Blood+1","Havoc","True Grit"],"picked":"SKIP","floor":30},{"not_picked":["Flame Barrier","Sword Boomerang+1","Headbutt+1"],"picked":"SKIP","floor":31},{"not_picked":["Cleave+1","Metallicize","Power Through"],"picked":"SKIP","floor":31}],"player_experience":986013,"relics_obtained":[{"floor":7,"key":"TungstenRod"},{"floor":9,"key":"Blue Candle"},{"floor":10,"key":"Nunchaku"},{"floor":13,"key":"StrikeDummy"},{"floor":23,"key":"Prayer Wheel"},{"floor":26,"key":"Molten Egg 2"},{"floor":28,"key":"Bottled Flame"},{"floor":29,"key":"Ornamental Fan"}],"event_choices":[{"damage_healed":0,"gold_gain":0,"player_choice":"Entered Light","damage_taken":16,"max_hp_gain":0,"max_hp_loss":0,"event_name":"Shining Light","floor":2,"gold_loss":0,"cards_upgraded":["Strike_R","Defend_R"]},{"damage_healed":0,"gold_gain":0,"player_choice":"Rummage","damage_taken":0,"relics_obtained":["WarpedTongs"],"max_hp_gain":0,"max_hp_loss":0,"event_name":"Accursed Blacksmith","floor":3,"gold_loss":0,"cards_obtained":["Pain"]},{"damage_healed":0,"gold_gain":0,"player_choice":"Simplicity","damage_taken":0,"max_hp_gain":0,"max_hp_loss":0,"event_name":"Back to Basics","floor":20,"gold_loss":0,"cards_upgraded":["Strike_R","Strike_R","Strike_R","Defend_R","Defend_R","Defend_R"]},{"cards_removed":["Bloodletting"],"damage_healed":18,"gold_gain":0,"player_choice":"Offered Uncommon","damage_taken":0,"max_hp_gain":0,"max_hp_loss":0,"event_name":"Bonfire Elementals","floor":21,"gold_loss":0}],"is_beta":true,"boss_relics":[{"not_picked":["Coffee Dripper","Pandora\u0027s Box"],"picked":"SacredBark"}],"items_purged_floors":[],"is_endless":false,"potions_floor_spawned":[4,5,10,11,16,24,28,30,31],"killed_by":"Collector","ascension_level":12}}