{"host":"15dd7v8o90xso62x","time":1608085006,"event":{"mods":["BaseMod","Minty Spire (QoL Compilation)","Quick Restart","StSLib"],"gold_per_floor":[119,194,194,210,62,62,91,91,91,118,130,157,14,79,79,166,166,186,136,158,169,119,119,119,143,197,229,199,241,48,61,61,145,145,161,173,183,133,144,144,190,140,140,156,156,57,57,76,85,85],"floor_reached":51,"playtime":2376,"items_purged":["Pain","Strike_B","Strike_B","Strike_B","Defend_B","Defend_B","Defend_B"],"score":1271,"play_id":"ff1dc187-66fa-44d1-b099-03f7d8490832","local_time":"20201216111646","is_ascension_mode":true,"campfire_choices":[{"data":"Recycle","floor":6.0,"key":"SMITH"},{"data":"Zap","floor":8.0,"key":"SMITH"},{"data":"Coolheaded","floor":15.0,"key":"SMITH"},{"data":"Meteor Strike","floor":23.0,"key":"SMITH"},{"floor":32.0,"key":"REST"},{"data":"Buffer","floor":40,"key":"SMITH"},{"data":"Seek","floor":47,"key":"SMITH"},{"floor":49,"key":"REST"}],"circlet_count":0,"master_deck":["AscendersBane","Zap+1","Dualcast","Recycle+1","Sweeping Beam","Self Repair","Electrodynamics","Coolheaded+1","Meteor Strike+1","Turbo+1","Buffer+1","BootSequence","Seek+1","Coolheaded"],"relics":["Cracked Core","NeowsBlessing","WarpedTongs","Centennial Puzzle","Bottled Lightning","Thread and Needle","CeramicFish","PreservedInsect","Smiling Mask","SacredBark","Dream Catcher","MealTicket","Ancient Tea Set","Juzu Bracelet","Black Star","Unceasing Top","Kunai"],"acts_visited":["Exordium","TheCity","TheBeyond"],"potions_floor_usage":[37,41],"damage_taken":[{"damage":0.0,"enemies":"Jaw Worm","floor":1.0,"turns":1.0},{"damage":2.0,"enemies":"2 Louse","floor":4.0,"turns":1.0},{"damage":0.0,"enemies":"Lagavulin","floor":7.0,"turns":1.0},{"damage":29.0,"enemies":"3 Sentries","floor":10.0,"turns":7.0},{"damage":0.0,"enemies":"Cultist","floor":11.0,"turns":3.0},{"damage":16.0,"enemies":"Gremlin Nob","floor":14.0,"turns":3.0},{"damage":1.0,"enemies":"The Guardian","floor":16.0,"turns":13.0},{"damage":0.0,"enemies":"Chosen","floor":18.0,"turns":5.0},{"damage":31.0,"enemies":"2 Thieves","floor":20.0,"turns":3.0},{"damage":0.0,"enemies":"3 Cultists","floor":21.0,"turns":3.0},{"damage":2.0,"enemies":"Cultist and Chosen","floor":25.0,"turns":3.0},{"damage":0.0,"enemies":"Gremlin Leader","floor":27.0,"turns":5.0},{"damage":52.0,"enemies":"Book of Stabbing","floor":29.0,"turns":7.0},{"damage":9.0,"enemies":"Sentry and Sphere","floor":31.0,"turns":4.0},{"damage":14.0,"enemies":"Collector","floor":33.0,"turns":9.0},{"damage":2.0,"enemies":"Orb Walker","floor":35.0,"turns":5.0},{"damage":14.0,"enemies":"3 Shapes","floor":36.0,"turns":5.0},{"damage":24,"enemies":"Writhing Mass","floor":37,"turns":9},{"damage":0,"enemies":"Maw","floor":39,"turns":10},{"damage":13,"enemies":"2 Orb Walkers","floor":41,"turns":5},{"damage":13,"enemies":"Spire Growth","floor":44,"turns":5},{"damage":33,"enemies":"Transient","floor":48,"turns":5},{"damage":31,"enemies":"Awakened One","floor":50,"turns":5}],"seed_played":"2289040099865287482","potions_obtained":[{"floor":4.0,"key":"BlessingOfTheForge"},{"floor":7.0,"key":"DuplicationPotion"},{"floor":10.0,"key":"Ancient Potion"},{"floor":20.0,"key":"Swift Potion"},{"floor":21.0,"key":"LiquidMemories"},{"floor":28.0,"key":"PotionOfCapacity"},{"floor":28.0,"key":"FairyPotion"},{"floor":31.0,"key":"GamblersBrew"},{"floor":35.0,"key":"FocusPotion"},{"floor":39,"key":"Weak Potion"}],"is_trial":false,"path_per_floor":["M","?","?","M","$","R","E","R","T","E","M","T","$","?","R","B",null,"M","$","M","M","$","R","?","M","T","E","?","E","$","M","R","B",null,"M","M","M","$","M","R","?","$","T","M","?","$","R","M","R","B",null],"character_chosen":"DEFECT","items_purchased":["Self Repair","PreservedInsect","Juzu Bracelet","PowerPotion"],"campfire_rested":2,"item_purchase_floors":[5,13,30,46],"current_hp_per_floor":[64,53,53,51,51,51,58,58,58,39,46,46,46,37,37,43,64,71,71,47,57,57,57,57,62,62,71,71,26,41,39,60,53,67,71,67,50,65,71,71,65,71,71,68,68,71,71,45,66,35],"gold":85,"neow_bonus":"THREE_ENEMY_KILL","is_daily":false,"chose_seed":false,"campfire_upgraded":6,"win_rate":0.0,"timestamp":1608085006,"path_taken":["M","?","?","?","$","R","E","R","T","E","M","?","$","?","R","BOSS","M","$","M","M","$","R","?","M","T","E","?","E","$","M","R","BOSS","M","M","M","$","M","R","?","$","T","M","?","$","R","M","R","BOSS"],"items_purchased_type":["Card","Relic","Relic","Potion"],"build_version":"2020-12-13","purchased_purges":7,"victory":true,"max_hp_per_floor":[71,71,71,71,71,71,71,71,71,71,71,71,71,71,71,71,71,71,71,71,71,71,71,71,71,71,71,71,71,71,71,71,71,71,71,71,71,71,71,71,71,71,71,71,71,71,71,71,71,71],"card_choices":[{"not_picked":["Hologram","Turbo"],"picked":"Recycle","floor":1.0},{"not_picked":["Cold Snap","Hello World"],"picked":"Sweeping Beam","floor":4.0},{"not_picked":["Redo","Steam","Barrage"],"picked":"SKIP","floor":7.0},{"not_picked":["Redo","Steam","Barrage"],"picked":"SKIP","floor":7.0},{"not_picked":["Compile Driver","Recycle"],"picked":"Electrodynamics","floor":10.0},{"not_picked":["Recycle","Chaos"],"picked":"Coolheaded","floor":11.0},{"not_picked":["Echo Form","Rainbow"],"picked":"Meteor Strike","floor":16.0},{"not_picked":["Leap","Steam","Go for the Eyes"],"picked":"SKIP","floor":18.0},{"not_picked":["Rebound","Coolheaded"],"picked":"Turbo+1","floor":20.0},{"not_picked":["Steam","Turbo","Static Discharge"],"picked":"SKIP","floor":21.0},{"not_picked":["FTL","Redo"],"picked":"Buffer","floor":25.0},{"not_picked":["Storm","Coolheaded","Sweeping Beam"],"picked":"SKIP","floor":27.0},{"not_picked":["Force Field+1","Redo"],"picked":"BootSequence","floor":29.0},{"not_picked":["Doom and Gloom","Lockon","Compile Driver"],"picked":"SKIP","floor":31.0},{"not_picked":["All For One","Fission"],"picked":"Seek","floor":33.0},{"not_picked":["Compile Driver","Gash","Stack+1"],"picked":"SKIP","floor":35.0},{"not_picked":["White Noise","Stack+1","Sweeping Beam"],"picked":"SKIP","floor":36.0},{"not_picked":["Conserve Battery+1","Reprogram","Hologram"],"picked":"SKIP","floor":37},{"not_picked":["Chaos","Turbo","Rebound"],"picked":"SKIP","floor":39},{"not_picked":["Echo Form","Loop","Auto Shields"],"picked":"SKIP","floor":44},{"not_picked":["Leap","Doom and Gloom","Compile Driver"],"picked":"SKIP","floor":48},{"not_picked":["Redo","Hologram"],"picked":"Coolheaded","floor":49}],"player_experience":911956,"relics_obtained":[{"floor":7.0,"key":"Centennial Puzzle"},{"floor":9.0,"key":"Bottled Lightning"},{"floor":10.0,"key":"Thread and Needle"},{"floor":12.0,"key":"CeramicFish"},{"floor":14.0,"key":"Smiling Mask"},{"floor":26.0,"key":"Dream Catcher"},{"floor":27.0,"key":"MealTicket"},{"floor":29.0,"key":"Ancient Tea Set"},{"floor":41,"key":"Unceasing Top"},{"floor":43,"key":"Kunai"}],"event_choices":[{"damage_healed":0.0,"max_hp_gain":0.0,"max_hp_loss":0.0,"gold_gain":75.0,"event_name":"World of Goop","player_choice":"Gather Gold","floor":2.0,"gold_loss":0.0,"damage_taken":11.0},{"damage_healed":0.0,"max_hp_gain":0.0,"max_hp_loss":0.0,"gold_gain":0.0,"event_name":"Accursed Blacksmith","player_choice":"Rummage","floor":3.0,"gold_loss":0.0,"damage_taken":0.0,"relics_obtained":["WarpedTongs"],"cards_obtained":["Pain"]},{"damage_healed":0.0,"max_hp_gain":0.0,"max_hp_loss":0.0,"gold_gain":0.0,"event_name":"Dead Adventurer","player_choice":"Searched \u00272\u0027 times","floor":14.0,"gold_loss":0.0,"damage_taken":0.0},{"cards_removed":["Strike_B"],"damage_healed":0.0,"max_hp_gain":0.0,"max_hp_loss":0.0,"gold_gain":0.0,"event_name":"Back to Basics","player_choice":"Elegance","floor":24.0,"gold_loss":0.0,"damage_taken":0.0},{"damage_healed":0.0,"max_hp_gain":0.0,"max_hp_loss":0.0,"gold_gain":0.0,"event_name":"The Woman in Blue","player_choice":"Bought 2 Potions","floor":28.0,"gold_loss":0.0,"damage_taken":0.0},{"damage_healed":0,"gold_gain":0,"player_choice":"Fight","damage_taken":0,"max_hp_gain":0,"max_hp_loss":0,"event_name":"Mysterious Sphere","floor":41,"gold_loss":0},{"cards_removed":["Defend_B"],"damage_healed":0,"gold_gain":0,"player_choice":"Removed Skill","damage_taken":0,"max_hp_gain":0,"max_hp_loss":0,"event_name":"Falling","floor":45,"gold_loss":0}],"is_beta":false,"boss_relics":[{"not_picked":["Fusion Hammer","Velvet Choker"],"picked":"SacredBark"},{"not_picked":["Philosopher\u0027s Stone","Calling Bell"],"picked":"Black Star"}],"items_purged_floors":[5,19,22,30,38,42,46],"is_endless":false,"potions_floor_spawned":[4,7,10,20,21,31,35,39],"ascension_level":14}}