{"host":"0cm5wy4nhuju7tij","time":1608089061,"event":{"mods":["2.2 Compatiblity","AchievementEnabler","BaseMod","Better Third Choice","BetterRewards","CCEM","Colored Powertips","Curses Come First","Custom Start","Displayed Cursed Tome","Downfall","Energized Spire","Filter the Spire","Fireblade Mod","Highlight Path","Minty Spire (QoL Compilation)","Permanent Neow","Railgun Mod","Robot Space Explorer","Shop Mod","Spicy Shops","StSLib","The Elementalist","The Mystic","The Servant 0.9.4"],"gold_per_floor":[118,118,138,158,168,168,195,207,207,220,254,267,267,97,97,97,97],"floor_reached":16,"playtime":1188,"items_purged":["Strike_S"],"score":120,"play_id":"5aba1894-f0f7-4abb-9189-31e8219a3b64","local_time":"20201215222421","is_ascension_mode":true,"campfire_choices":[{"data":"FlawlessForm","floor":6,"key":"SMITH"},{"floor":13,"key":"REST"},{"floor":15,"key":"REST"}],"circlet_count":0,"master_deck":["Strike_S","Strike_S","Strike_S","Defend_S","Defend_S","Defend_S","Defend_S","KidneyShot+1","Exchange+1","ShatteredReality","BottledTime","Ricochet","FlawlessForm+1","Reset","Rearm","BottledTime+1","Desolation","Rearm+1","Defy+1","ReturningBlade"],"relics":["Uniform","HornCleat","Toxic Egg 2","CCEMRelics:Barrel"],"acts_visited":["Exordium"],"potions_floor_usage":[16],"damage_taken":[{"damage":0,"enemies":"Cultist","floor":1,"turns":4},{"damage":0,"enemies":"2 Louse","floor":3,"turns":3},{"damage":11,"enemies":"Jaw Worm","floor":4,"turns":3},{"damage":11,"enemies":"Lots of Slimes","floor":5,"turns":4},{"damage":26,"enemies":"Gremlin Nob","floor":7,"turns":6},{"damage":0,"enemies":"Large Slime","floor":8,"turns":6},{"damage":3,"enemies":"Red Slaver","floor":10,"turns":4},{"damage":6,"enemies":"3 Sentries","floor":11,"turns":10},{"damage":2,"enemies":"Looter","floor":12,"turns":3},{"damage":56,"enemies":"The Guardian","floor":16,"turns":14}],"seed_played":"6055192110504852073","potions_obtained":[{"floor":3,"key":"LiquidBronze"},{"floor":7,"key":"GamblersBrew"},{"floor":10,"key":"SneckoOil"}],"is_trial":false,"path_per_floor":["M","?","M","M","M","R","E","M","T","M","E","M","R","$","R","B"],"character_chosen":"THE_SERVANT","items_purchased":["Defy+1","ReturningBlade"],"campfire_rested":2,"item_purchase_floors":[14,14],"current_hp_per_floor":[65,65,65,54,43,43,17,17,17,14,8,6,25,25,44,0,0],"gold":97,"neow_bonus":"UPGRADE_CARD","is_daily":false,"chose_seed":false,"campfire_upgraded":1,"win_rate":0.0,"timestamp":1608089061,"path_taken":["M","?","M","M","M","R","E","M","T","M","E","M","R","?","R","BOSS"],"items_purchased_type":["Card","Card"],"build_version":"2020-12-13","purchased_purges":1,"victory":false,"max_hp_per_floor":[65,65,65,65,65,65,65,65,65,65,65,65,65,65,65,65,65],"card_choices":[{"not_picked":["Revamp","Spin"],"picked":"ShatteredReality","floor":1},{"not_picked":["Revamp","Unruled"],"picked":"BottledTime","floor":3},{"not_picked":["Snipe","Rewind"],"picked":"Ricochet","floor":4},{"not_picked":["TimeWarp","Alleviate"],"picked":"FlawlessForm","floor":5},{"not_picked":["Barrier","Unruled"],"picked":"Reset","floor":7},{"not_picked":["Ricochet","Rewind"],"picked":"Rearm","floor":8},{"not_picked":["Snipe","Foresight"],"picked":"BottledTime+1","floor":10},{"not_picked":["Revamp+1","Replace+1"],"picked":"Desolation","floor":11},{"not_picked":["DoubleEdge","MoonPhase"],"picked":"Rearm+1","floor":12}],"player_experience":219996,"relics_obtained":[{"floor":7,"key":"HornCleat"},{"floor":9,"key":"Toxic Egg 2"},{"floor":11,"key":"CCEMRelics:Barrel"}],"event_choices":[{"damage_healed":0,"gold_gain":0,"player_choice":"Forge","damage_taken":0,"max_hp_gain":0,"max_hp_loss":0,"event_name":"Accursed Blacksmith","floor":2,"gold_loss":0,"cards_upgraded":["Exchange"]}],"is_beta":false,"boss_relics":[],"items_purged_floors":[14],"is_endless":false,"potions_floor_spawned":[3,7,10,12],"killed_by":"The Guardian","ascension_level":1}}