{"host":"onmzcmq5a68cxj3d","time":1608153001,"event":{"mods":["BaseMod","Colored Map","Minty Spire (QoL Compilation)","Remove Card Discount Mod"],"gold_per_floor":[117,128,144,134,134,134,134,134,183,31,31,31,44,42,42,163,163,73,73,73,73,73,73,73,73,73,73,73],"floor_reached":27,"playtime":1662,"items_purged":["Wraith Form v2","Defend_B","Defend_B","Dualcast","Strike_B","Defend_B","Defend_B"],"score":193,"play_id":"771a0738-d335-485a-9cb3-60845d84328b","local_time":"20201216141001","daily_mods":["Heirloom","Time Dilation","Flight"],"is_ascension_mode":false,"campfire_choices":[{"floor":6.0,"key":"REST"},{"data":"DevaForm","floor":11.0,"key":"SMITH"},{"data":"Echo Form","floor":15.0,"key":"SMITH"},{"data":"Demon Form","floor":23.0,"key":"SMITH"},{"data":"Self Repair","floor":24.0,"key":"SMITH"},{"data":"Conserve Battery","floor":25.0,"key":"SMITH"}],"circlet_count":0,"master_deck":["Demon Form+1","Echo Form+1","DevaForm+1","Strike_B+1","Strike_B+1","Strike_B+1","Zap","Sweeping Beam","Leap","Conserve Battery+1","Leap","Conserve Battery","Core Surge","Defragment+1","Self Repair+1"],"relics":["Unceasing Top","Thread and Needle","Golden Idol","Whetstone","DollysMirror","Dead Branch","Toxic Egg 2"],"acts_visited":["Exordium","TheCity"],"potions_floor_usage":[],"damage_taken":[{"damage":3.0,"enemies":"Cultist","floor":1.0,"turns":5.0},{"damage":24.0,"enemies":"Small Slimes","floor":2.0,"turns":5.0},{"damage":6.0,"enemies":"Jaw Worm","floor":3.0,"turns":4.0},{"damage":0.0,"enemies":"Looter","floor":13.0,"turns":4.0},{"damage":32.0,"enemies":"Hexaghost","floor":16.0,"turns":8.0},{"damage":13.0,"enemies":"2 Thieves","floor":18.0,"turns":5.0},{"damage":43,"enemies":"Colosseum Slavers","floor":27,"turns":6},{"damage":64,"enemies":"Colosseum Nobs","floor":27,"turns":5}],"seed_played":"-1662928370682541891","potions_obtained":[{"floor":2.0,"key":"Regen Potion"},{"floor":13.0,"key":"Ancient Potion"}],"is_trial":true,"path_per_floor":["M","M","M","$","?","R","?","$","T","$","R","?","M","$","R","B",null,"M","$","?","$","?","R","R","R","T","?"],"character_chosen":"DEFECT","items_purchased":["DollysMirror"],"campfire_rested":1,"item_purchase_floors":[10],"current_hp_per_floor":[72,48,42,42,24,46,51,51,51,51,51,44,44,44,44,27,80,67,67,67,67,67,67,67,67,67,0,0],"gold":73,"neow_bonus":"","is_daily":false,"chose_seed":false,"campfire_upgraded":5,"win_rate":0.0,"timestamp":1608153001,"path_taken":["M","?","M","$","?","R","?","?","T","$","R","?","?","?","R","BOSS","M","$","?","$","?","R","R","R","T","?"],"items_purchased_type":["Relic"],"build_version":"2020-12-13","purchased_purges":7,"victory":false,"max_hp_per_floor":[75,75,75,75,75,75,80,80,80,80,80,80,80,80,80,80,80,80,80,80,80,80,80,80,80,80,80,80],"card_choices":[{"not_picked":["Stack","Glacier"],"picked":"Sweeping Beam","floor":1.0},{"not_picked":["Fusion","Reprogram"],"picked":"Leap","floor":2.0},{"not_picked":["Steam","Streamline"],"picked":"Conserve Battery","floor":3.0},{"not_picked":["Melter","Consume"],"picked":"Conserve Battery","floor":13.0},{"not_picked":["Creative AI","Machine Learning"],"picked":"Core Surge","floor":16.0},{"not_picked":["Ball Lightning","Go for the Eyes"],"picked":"Defragment+1","floor":18.0}],"player_experience":426379,"relics_obtained":[{"floor":9.0,"key":"Whetstone"},{"floor":26.0,"key":"Toxic Egg 2"}],"event_choices":[{"damage_healed":0.0,"max_hp_gain":0.0,"max_hp_loss":0.0,"gold_gain":0.0,"event_name":"Golden Idol","player_choice":"Take Damage","floor":5.0,"gold_loss":0.0,"damage_taken":18.0,"relics_obtained":["Golden Idol"]},{"damage_healed":0.0,"max_hp_gain":5.0,"max_hp_loss":0.0,"gold_gain":0.0,"event_name":"Big Fish","player_choice":"Donut","floor":7.0,"gold_loss":0.0,"damage_taken":0.0},{"damage_healed":0.0,"max_hp_gain":0.0,"max_hp_loss":0.0,"gold_gain":0.0,"event_name":"Scrap Ooze","player_choice":"Success","floor":12.0,"gold_loss":0.0,"damage_taken":7.0,"relics_obtained":["Dead Branch"]},{"damage_healed":0.0,"max_hp_gain":0.0,"max_hp_loss":0.0,"gold_gain":0.0,"event_name":"The Library","player_choice":"Read","floor":20.0,"gold_loss":0.0,"damage_taken":0.0,"cards_obtained":["Self Repair"]},{"damage_healed":0.0,"max_hp_gain":0.0,"max_hp_loss":0.0,"gold_gain":0.0,"event_name":"Back to Basics","player_choice":"Simplicity","floor":22.0,"gold_loss":0.0,"damage_taken":0.0,"cards_upgraded":["Strike_B"]},{"damage_healed":0,"gold_gain":0,"player_choice":"Fight","damage_taken":0,"max_hp_gain":0,"max_hp_loss":0,"event_name":"Colosseum","floor":27,"gold_loss":0},{"damage_healed":0,"gold_gain":0,"player_choice":"Fought Nobs","damage_taken":0,"max_hp_gain":0,"max_hp_loss":0,"event_name":"Colosseum","floor":27,"gold_loss":0}],"is_beta":false,"boss_relics":[{"not_picked":["Pandora\u0027s Box","Runic Pyramid","Sozu"]}],"items_purged_floors":[4,4,4,4,4,10,14],"is_endless":false,"potions_floor_spawned":[2,13],"killed_by":"Colosseum Nobs","ascension_level":0}}