{"host":"zxezw9t7myeayiva","time":1608150608,"event":{"mods":["2.2 Compatiblity","Act Like it!","BaseMod","Colored Map","Downfall","Hallownest","Hermit","Infinite Spire","Lobotomy","Marisa????????","Minty Spire (QoL Compilation)","Replay The Spire","Somnambulant","StSLib","The Animator","The Cursed","The Disciple","The Hierophant","The Jungle","The Servant 0.9.4"],"gold_per_floor":[116,116,135,135,149,183,33,33,33,33,48,83,32,48,48,149,149,167,167,187,286,299,199,199],"floor_reached":23,"playtime":3149,"items_purged":["Defend_P"],"score":201,"play_id":"37dc2a81-deeb-48b4-9c90-a92470cf6c4c","local_time":"20201216143008","is_ascension_mode":false,"campfire_choices":[{"data":"LessonLearned","floor":8,"key":"SMITH"},{"floor":15,"key":"REST"},{"data":"WindmillStrike","floor":15,"key":"SMITH"}],"circlet_count":0,"master_deck":["Strike_P","Strike_P+1","Strike_P","Defend_P","Defend_P+1","Defend_P","Eruption","Vigilance","SandsOfTime","WindmillStrike+1","Replay:Battleflow","Replay:Vibes","LessonLearned+1","Sanctity+1","Replay:ManipulateFuture","DevaForm+1","Crescendo"],"relics":["PureWater","Durian","Onion Ring","FossilizedHelix","infinitespire:Magic Flask","Replay:Kaleidoscope","Replay:Wax Seal","Snecko Eye"],"acts_visited":["Exordium","TheCity"],"potions_floor_usage":[22,22],"damage_taken":[{"damage":2,"enemies":"2 Louse","floor":1,"turns":2},{"damage":4,"enemies":"Jaw Worm","floor":3,"turns":4},{"damage":2,"enemies":"Small Slimes","floor":5,"turns":4},{"damage":9,"enemies":"Lagavulin","floor":6,"turns":7},{"damage":0,"enemies":"Exordium Wildlife","floor":11,"turns":3},{"damage":1,"enemies":"3 Sentries","floor":12,"turns":5},{"damage":0,"enemies":"Looter","floor":14,"turns":1},{"damage":47,"enemies":"Hexaghost","floor":16,"turns":12},{"damage":0,"enemies":"Spheric Guardian","floor":18,"turns":2},{"damage":6,"enemies":"Shell Parasite","floor":20,"turns":4},{"damage":0,"enemies":"3 Cultists","floor":22,"turns":4},{"damage":60,"enemies":"Slavers","floor":23,"turns":3}],"seed_played":"9058460731156076571","potions_obtained":[{"floor":5,"key":"Swift Potion"},{"floor":12,"key":"Dexterity Potion"},{"floor":16,"key":"Death Potion"}],"is_trial":false,"path_per_floor":["M","?","M","?","M","E","$","R","T","T","M","E","$","M","R","B",null,"M","?","M","?","M","E"],"character_chosen":"WATCHER","items_purchased":["LessonLearned","Replay:Wax Seal"],"campfire_rested":1,"item_purchase_floors":[7,13],"current_hp_per_floor":[75,75,71,71,69,60,60,60,60,60,60,59,59,59,77,30,77,77,63,57,57,57,0,0],"gold":199,"neow_bonus":"RANDOM_EVENT","is_daily":false,"chose_seed":false,"campfire_upgraded":2,"win_rate":0.0,"timestamp":1608150608,"path_taken":["M","?","M","?","M","E","?","R","T","?","?","E","$","M","R","BOSS","M","?","M","?","M","E"],"items_purchased_type":["Card","Relic"],"build_version":"2020-12-13","purchased_purges":1,"victory":false,"max_hp_per_floor":[77,77,77,77,77,77,77,77,77,77,77,77,77,77,77,77,77,77,82,82,82,82,82,82],"card_choices":[{"not_picked":["BowlingBash","Replay:BluntJabs"],"picked":"SandsOfTime","floor":1},{"not_picked":["BowlingBash","ThirdEye"],"picked":"WindmillStrike","floor":3},{"not_picked":["Ragnarok","Replay:BluntJabs"],"picked":"Replay:Battleflow","floor":5},{"not_picked":["Collect","CutThroughFate"],"picked":"Replay:Vibes","floor":6},{"not_picked":["SandsOfTime","PathToVictory","Replay:BluntJabs"],"picked":"SKIP","floor":11},{"not_picked":["Replay:AtTheReady","ThirdEye"],"picked":"Sanctity","floor":12},{"not_picked":["SashWhip","Crescendo"],"picked":"Replay:ManipulateFuture","floor":14},{"not_picked":["Blasphemy","ConjureBlade"],"picked":"DevaForm","floor":16},{"not_picked":["Replay:BluntJabs","BowlingBash","WaveOfTheHand"],"picked":"SKIP","floor":18},{"not_picked":["EmptyFist","WreathOfFlame","FollowUp+1"],"picked":"SKIP","floor":20},{"not_picked":["FlurryOfBlows","FollowUp"],"picked":"Crescendo","floor":22}],"player_experience":299365,"relics_obtained":[{"floor":6,"key":"Onion Ring"},{"floor":9,"key":"FossilizedHelix"},{"floor":10,"key":"infinitespire:Magic Flask"},{"floor":12,"key":"Replay:Kaleidoscope"}],"event_choices":[{"damage_healed":0,"gold_gain":0,"player_choice":"Box","damage_taken":0,"relics_obtained":["Durian"],"max_hp_gain":0,"max_hp_loss":0,"event_name":"Big Fish","floor":0,"gold_loss":0,"cards_obtained":["Regret"]},{"cards_removed":["Regret"],"damage_healed":0,"gold_gain":0,"player_choice":"Forget","damage_taken":0,"max_hp_gain":0,"max_hp_loss":0,"event_name":"Living Wall","floor":4,"gold_loss":0},{"damage_healed":0,"gold_gain":0,"player_choice":"Shed Blood","damage_taken":19,"max_hp_gain":5,"max_hp_loss":0,"event_name":"Forgotten Altar","floor":19,"gold_loss":0},{"damage_healed":0,"gold_gain":99,"player_choice":"Stole From Cult","damage_taken":0,"max_hp_gain":0,"max_hp_loss":0,"event_name":"Nest","floor":21,"gold_loss":0}],"is_beta":false,"boss_relics":[{"not_picked":["SacredBark","Black Star"],"picked":"Snecko Eye"}],"items_purged_floors":[13],"is_endless":false,"potions_floor_spawned":[5,12,16,18,20],"killed_by":"Slavers","ascension_level":0}}