{"host":"17xjy7b7ubl548g2","time":1608100775,"event":{"mods":["2.2 Compatiblity","Act Like it!","Aspiration","Astrologer","Bard","BaseMod","Bestiary","Challenge The Spire","ChefMod","Colored Map","Conspire","Elementarium","Energized Spire","GifTheSpireLib","Halation","Hallownest","Hermit","Hubris","Infinite Spire","Jedi Mod","Jorbs\u0027s Wanderer Trilogy","Marisa（霧雨　魔理沙）","Marked Mod","Minty Spire (QoL Compilation)","Pale of the Ancients","Permanent Neow","Puzzle Mod","Replay The Spire","Robot Space Explorer","Spicy Shops","StSLib","Stuff the Spire","The Blue Laboratory","The Bug Knight","The Construct","The Disciple","The Hayseed","The Hierophant","The Runesmith","The Sage"],"gold_per_floor":[115,115,135,151,167,167,192,192,192,210,210,240,257,271,271,345,345,361,361,13,26,38,38,68,68,68,68,82,82,111,130,130,218,218,251,282,0,20,20,47,47,61,61,85,124,124,158,195,207,225],"floor_reached":51,"playtime":4147,"items_purged":["Strike_P"],"score":1778,"play_id":"bdd9d31f-bf13-4a67-a78d-38dd8fbf2709","local_time":"20201216013935","is_ascension_mode":true,"campfire_choices":[{"data":"ForeignInfluence","floor":6,"key":"SMITH"},{"data":"Meditate","floor":8,"key":"SMITH"},{"data":"Vigilance","floor":15,"key":"SMITH"},{"floor":23,"key":"REST"},{"data":"TalkToTheHand","floor":27,"key":"SMITH"},{"data":"Strike_P","floor":32,"key":"PURGE"},{"floor":41,"key":"REST"},{"floor":46,"key":"DIG"},{"floor":49,"key":"DIG"}],"circlet_count":0,"master_deck":["AscendersBane","Strike_P","Defend_P","Defend_P","Defend_P","Defend_P","Eruption+1","Vigilance+1","ForeignInfluence+1","BowlingBash+1","FlurryOfBlows+1","Meditate+1","Tantrum+1","LessonLearned","Establishment+1","TalkToTheHand+1","Prostrate+1","Ragnarok+1","Consecrate+1","Prostrate","Omniscience+1","FlurryOfBlows+1","Prostrate+1","Evaluate+1","Sanctity+1","Vault+1","LikeWater","CutThroughFate","FollowUp+1","MarkedMod:PinPointDefense+1","Halt+1","CarveReality+1","DeceiveReality+1"],"relics":["PureWater","conspire:TopHat","Simple Rune","Golden Egg","Ring of Chaos","Replay:Baseball","Durian","Toxic Egg 2","infinitespire:Midas Blood","infinitespire:EvilPickle","Painkiller Herb","Red Mask","construct:RocketBooster","Damaru","StuffTheSpire:EmeraldSignet","Shovel","TungstenRod","MawBank","Replay:Towering Pillar of Hats"],"acts_visited":["Exordium","TheCity","TheBeyond"],"potions_floor_usage":[7,10,16,22,33,38,40,47,50],"damage_taken":[{"damage":0,"enemies":"Jaw Worm","floor":1,"turns":2},{"damage":0,"enemies":"Cultist","floor":3,"turns":4},{"damage":11,"enemies":"Small Slimes","floor":4,"turns":5},{"damage":1,"enemies":"Red Slaver","floor":5,"turns":3},{"damage":2,"enemies":"3 Sentries","floor":7,"turns":3},{"damage":0,"enemies":"Looter","floor":10,"turns":1},{"damage":3,"enemies":"Replay:BlueRogue","floor":12,"turns":3},{"damage":0,"enemies":"2 Fungi Beasts","floor":13,"turns":3},{"damage":5,"enemies":"Red Slaver","floor":14,"turns":4},{"damage":20,"enemies":"Hexaghost","floor":16,"turns":7},{"damage":23,"enemies":"2 Thieves","floor":18,"turns":4},{"damage":0,"enemies":"Shell Parasite","floor":21,"turns":3},{"damage":24,"enemies":"Snake Plant","floor":22,"turns":2},{"damage":9,"enemies":"HollowMod:Nosk","floor":24,"turns":5},{"damage":0,"enemies":"Chosen and Byrds","floor":28,"turns":3},{"damage":14,"enemies":"Book of Stabbing","floor":30,"turns":3},{"damage":0,"enemies":"conspire:HollyBat","floor":31,"turns":4},{"damage":1,"enemies":"Pondfish","floor":33,"turns":9},{"damage":5,"enemies":"3 Darklings","floor":35,"turns":4},{"damage":0,"enemies":"Orb Walker","floor":36,"turns":4},{"damage":11,"enemies":"Jaw Worm Horde","floor":38,"turns":4},{"damage":0,"enemies":"HollowMod:StalkingDevout","floor":40,"turns":5},{"damage":0,"enemies":"Sphere and 2 Shapes","floor":42,"turns":3},{"damage":0,"enemies":"Maw","floor":44,"turns":6},{"damage":0,"enemies":"Giant Head","floor":45,"turns":4},{"damage":0,"enemies":"Reptomancer","floor":47,"turns":2},{"damage":0,"enemies":"4 Shapes","floor":48,"turns":3},{"damage":76,"enemies":"Donu and Deca","floor":50,"turns":9}],"seed_played":"6891202227534531478","potions_obtained":[{"floor":5,"key":"blueLaboratory:FruitPunch"},{"floor":7,"key":"blueLaboratory:BottledHope"},{"floor":13,"key":"GamblersBrew"},{"floor":18,"key":"SteroidPotion"},{"floor":24,"key":"StancePotion"},{"floor":30,"key":"PowerPotion"},{"floor":31,"key":"blueLaboratory:RecallPotion"},{"floor":35,"key":"Fire Potion"},{"floor":40,"key":"blueLaboratory:PhilterOfMotion"},{"floor":44,"key":"SpeedPotion"},{"floor":47,"key":"blueLaboratory:Moonshine"}],"is_trial":false,"path_per_floor":["M","?","M","M","M","R","E","R","T","M","?","E","M","M","R","B",null,"M","?","$","M","M","R","E","?","T","R","M","?","E","M","R_BF","B",null,"?","?","?","?","AVR","E","T","?","T","?","E","T","E","?","T","B",null],"character_chosen":"WATCHER","items_purchased":["Prostrate","Ragnarok","Replay:Baseball"],"campfire_rested":2,"item_purchase_floors":[20,20,20],"current_hp_per_floor":[67,67,67,56,55,55,55,55,55,55,55,52,52,47,47,27,64,41,41,41,41,17,39,35,35,35,35,35,35,21,21,21,20,66,61,61,61,50,50,50,74,74,74,76,80,80,80,80,80,4],"gold":237,"neow_bonus":"TEN_PERCENT_HP_BONUS","is_daily":false,"chose_seed":false,"campfire_upgraded":4,"win_rate":0.0,"timestamp":1608100775,"path_taken":["M","?","M","M","M","R","E","R","T","?","?","E","?","M","R","BOSS","M","?","$","?","M","R","E","?","T","R","M","?","E","M","R_BF","BOSS","?","?","?","?","AVR","E","T","?","T","?","E","T","E","?","T","BOSS"],"items_purchased_type":["Card","Card","Relic"],"build_version":"2020-12-13","purchased_purges":1,"victory":true,"max_hp_per_floor":[74,74,74,74,74,74,76,76,76,76,76,76,76,76,76,76,76,76,76,76,76,76,76,81,81,81,81,81,81,81,81,81,81,81,81,81,81,81,81,81,81,81,81,81,81,81,81,81,81,81],"card_choices":[{"not_picked":["MarkedMod:GentlePulse","JustLucky"],"picked":"ForeignInfluence","floor":1},{"not_picked":["CutThroughFate","MarkedMod:GentlePulse"],"picked":"BowlingBash","floor":3},{"not_picked":["MarkedMod:FirstStrike","Adaptation"],"picked":"FlurryOfBlows","floor":4},{"not_picked":["InnerPeace","JustLucky"],"picked":"Meditate","floor":5},{"not_picked":["Replay:ManipulateFuture","Study","JustLucky"],"picked":"SKIP","floor":7},{"not_picked":["Study","Prostrate"],"picked":"Tantrum","floor":10},{"not_picked":["Replay:AtTheReady","JustLucky","CrushJoints"],"picked":"SKIP","floor":12},{"not_picked":["Replay:ManipulateFuture","FlurryOfBlows","Replay:AtTheReady"],"picked":"SKIP","floor":13},{"not_picked":["Replay:ManipulateFuture","FlurryOfBlows","Replay:AtTheReady"],"picked":"SKIP","floor":13},{"not_picked":["SashWhip","Replay:Cycle","WindmillStrike"],"picked":"SKIP","floor":14},{"not_picked":["Replay:AllIn","Scrawl"],"picked":"Establishment","floor":16},{"not_picked":["MarkedMod:FirstStrike","Crescendo"],"picked":"TalkToTheHand","floor":18},{"not_picked":["MarkedMod:FirstStrike","Wireheading"],"picked":"Consecrate","floor":21},{"not_picked":["WreathOfFlame","PathToVictory"],"picked":"Prostrate","floor":22},{"not_picked":["ReachHeaven","Meditate+1"],"picked":"Omniscience","floor":24},{"not_picked":["MarkedMod:GentlePulse+1","CarveReality"],"picked":"FlurryOfBlows+1","floor":28},{"not_picked":["SignatureMove","WindmillStrike"],"picked":"Evaluate+1","floor":30},{"not_picked":["FollowUp","Meditate+1"],"picked":"Sanctity+1","floor":31},{"not_picked":["Alpha+1","Replay:AllIn+1"],"picked":"Vault+1","floor":33},{"not_picked":["Replay:AtTheReady+1","Replay:BluntJabs"],"picked":"LikeWater","floor":35},{"not_picked":["EmptyFist","Weave"],"picked":"CutThroughFate","floor":36},{"not_picked":["Alpha+1","Evaluate+1"],"picked":"FollowUp+1","floor":38},{"not_picked":["PathToVictory+1","MarkedMod:GentlePulse+1","Consecrate"],"picked":"SKIP","floor":40},{"not_picked":["Meditate+1","CrushJoints"],"picked":"MarkedMod:PinPointDefense+1","floor":42},{"not_picked":["CutThroughFate","FlurryOfBlows"],"picked":"Halt+1","floor":44},{"not_picked":["Conclude","EmptyFist"],"picked":"CarveReality+1","floor":45},{"not_picked":["MarkedMod:PinPointDefense","Alpha+1"],"picked":"DeceiveReality+1","floor":47},{"not_picked":["CrushJoints+1","Crescendo+1","Replay:ManipulateFuture+1"],"picked":"SKIP","floor":48},{"not_picked":["CrushJoints+1","Crescendo+1","Replay:ManipulateFuture+1"],"picked":"SKIP","floor":48}],"player_experience":1560695,"relics_obtained":[{"floor":7,"key":"conspire:TopHat"},{"floor":9,"key":"Simple Rune"},{"floor":12,"key":"Golden Egg"},{"floor":24,"key":"Durian"},{"floor":26,"key":"Toxic Egg 2"},{"floor":30,"key":"infinitespire:Midas Blood"},{"floor":40,"key":"Damaru"},{"floor":43,"key":"StuffTheSpire:EmeraldSignet"},{"floor":45,"key":"Shovel"},{"floor":46,"key":"TungstenRod"},{"floor":47,"key":"MawBank"},{"floor":49,"key":"Replay:Towering Pillar of Hats"}],"event_choices":[{"damage_healed":0,"gold_gain":0,"player_choice":"Upgraded","damage_taken":0,"max_hp_gain":0,"max_hp_loss":0,"event_name":"Upgrade Shrine","floor":2,"gold_loss":0,"cards_upgraded":["Eruption"]},{"damage_healed":0,"gold_gain":0,"player_choice":"1 cards matched","damage_taken":0,"max_hp_gain":0,"max_hp_loss":0,"event_name":"Match and Keep!","floor":11,"gold_loss":0,"cards_obtained":["LessonLearned"]},{"cards_removed":["Strike_P"],"damage_healed":0,"gold_gain":0,"player_choice":"Purged","damage_taken":0,"max_hp_gain":0,"max_hp_loss":0,"event_name":"Purifier","floor":19,"gold_loss":0},{"damage_healed":0,"gold_gain":0,"player_choice":"Copied","damage_taken":0,"max_hp_gain":0,"max_hp_loss":0,"event_name":"Duplicator","floor":29,"gold_loss":0,"cards_obtained":["Prostrate"]},{"damage_healed":0,"gold_gain":0,"player_choice":"Paid","damage_taken":0,"relics_obtained":["Red Mask"],"max_hp_gain":0,"max_hp_loss":0,"event_name":"Tomb of Lord Red Mask","floor":37,"gold_loss":282}],"is_beta":false,"boss_relics":[{"not_picked":["StuffTheSpire:Kangaroo","Tiny House"],"picked":"Ring of Chaos"},{"not_picked":["Honey Jar","infinitespire:Cupcake"],"picked":"Painkiller Herb"}],"items_purged_floors":[39],"is_endless":false,"potions_floor_spawned":[5,7,13,18,24,30,31,35,40,44,45,47],"ascension_level":15}}