{"host":"ufl0k2so27eic2iy","time":1608125423,"event":{"mods":["BaseMod","Minty Spire (QoL Compilation)","StSLib","The Animator"],"gold_per_floor":[119,119,44,76,103,131,147,147,147,168,168,188,233,249,249,324,324,336,357,357,404,422,453,453,504,531,556,556,578,610,632,632,710,760,777,808,808,421,421,421,438,471,494,513,550,563,58,78,78,82,82,82,9,36,40],"floor_reached":56,"playtime":5126,"items_purged":["animator:Strike","animator:Strike","Pain"],"score":2124,"play_id":"aee3ccfc-5e7b-4ae9-902c-f581bf360f72","local_time":"20201216133023","is_ascension_mode":true,"campfire_choices":[{"data":"animator:Suigintou","floor":8.0,"key":"SMITH"},{"floor":11.0,"key":"REST"},{"floor":15.0,"key":"REST"},{"floor":24.0,"key":"REST"},{"floor":28.0,"key":"REST"},{"data":"animator:Geryuganshoop","floor":32.0,"key":"SMITH"},{"floor":40.0,"key":"RECALL"},{"data":"animator:Hinaichigo","floor":49.0,"key":"SMITH"},{"data":"animator:Geryuganshoop","floor":52.0,"key":"SMITH"}],"circlet_count":0,"master_deck":["AscendersBane","animator:Strike_RozenMaiden","animator:Defend_RozenMaiden","animator:Defend","animator:Defend+1","animator:Defend","animator:Souseiseki","animator:Hinaichigo+1","animator:Nanami","animator:Geryuganshoop+1","animator:Melzalgald","animator:MeguKakizaki","animator:Suigintou+2","animator:GuildGirl","animator:Kagari+1","animator:Benimaru","animator:Shirosaki","animator:Biyorigo+1","animator:JunSakurada+12","Injury","animator:TomoeKashiwaba+1","animator:Sonic","animator:Nanami","animator:FeridBathory+1","Injury","animator:Suiseiseki","animator:Enju+1","animator:Sonic","animator:Shirosaki","animator:Mikaela+1","animator:HinaKagiyama+1","animator:Curse_Dizziness","animator:LuciaKonohana+1","animator:Geryuganshoop+1","Clumsy","animator:Kaijin+1","animator:Kagari+1","animator:Kagari+1","animator:Suiseiseki"],"relics":["animator:LivingPicture","animator:TheMissingPiece","Lantern","Frozen Egg 2","MealTicket","Cursed Key","Mummified Hand","Anchor","animator:WornHelmet","Akabeko","Tiny House","Torii","WarpedTongs","animator:AlchemistGlove","Bag of Preparation","Centennial Puzzle","animator:WizardHat","Unceasing Top"],"acts_visited":["Exordium","TheCity","TheBeyond","TheEnding"],"potions_floor_usage":[55,55],"damage_taken":[{"damage":3.0,"enemies":"Small Slimes","floor":1.0,"turns":3.0},{"damage":3.0,"enemies":"Cultist","floor":4.0,"turns":4.0},{"damage":2.0,"enemies":"Jaw Worm","floor":5.0,"turns":3.0},{"damage":29.0,"enemies":"3 Sentries","floor":6.0,"turns":11.0},{"damage":0.0,"enemies":"2 Fungi Beasts","floor":7.0,"turns":5.0},{"damage":9.0,"enemies":"Exordium Thugs","floor":10.0,"turns":4.0},{"damage":16.0,"enemies":"Lots of Slimes","floor":12.0,"turns":6.0},{"damage":18.0,"enemies":"Lagavulin","floor":13.0,"turns":6.0},{"damage":7.0,"enemies":"3 Louse","floor":14.0,"turns":4.0},{"damage":3.0,"enemies":"The Guardian","floor":16.0,"turns":10.0},{"damage":11.0,"enemies":"3 Byrds","floor":18.0,"turns":5.0},{"damage":19.0,"enemies":"2 Thieves","floor":19.0,"turns":4.0},{"damage":10.0,"enemies":"Sentry and Sphere","floor":21.0,"turns":4.0},{"damage":8.0,"enemies":"Snake Plant","floor":22.0,"turns":4.0},{"damage":31.0,"enemies":"Gremlin Leader","floor":23.0,"turns":6.0},{"damage":15.0,"enemies":"Book of Stabbing","floor":25.0,"turns":6.0},{"damage":6.0,"enemies":"Shelled Parasite and Fungi","floor":27.0,"turns":5.0},{"damage":0.0,"enemies":"Centurion and Healer","floor":29.0,"turns":6.0},{"damage":21.0,"enemies":"Gremlin Leader","floor":30.0,"turns":7.0},{"damage":0.0,"enemies":"Chosen and Byrds","floor":31.0,"turns":5.0},{"damage":17.0,"enemies":"Automaton","floor":33.0,"turns":13.0},{"damage":2.0,"enemies":"Orb Walker","floor":35.0,"turns":4.0},{"damage":0.0,"enemies":"3 Shapes","floor":36.0,"turns":7.0},{"damage":15.0,"enemies":"Spire Growth","floor":41.0,"turns":6.0},{"damage":1.0,"enemies":"Nemesis","floor":42.0,"turns":7.0},{"damage":0.0,"enemies":"4 Shapes","floor":44.0,"turns":5.0},{"damage":0.0,"enemies":"Reptomancer","floor":45.0,"turns":6.0},{"damage":22.0,"enemies":"Jaw Worm Horde","floor":46.0,"turns":4.0},{"damage":0.0,"enemies":"Writhing Mass","floor":48.0,"turns":5.0},{"damage":54.0,"enemies":"Awakened One","floor":50.0,"turns":11.0},{"damage":26,"enemies":"Shield and Spear","floor":54,"turns":8},{"damage":37,"enemies":"The Heart","floor":55,"turns":9}],"seed_played":"25052615357345423","potions_obtained":[{"floor":4.0,"key":"EssenceOfSteel"},{"floor":7.0,"key":"ColorlessPotion"},{"floor":12.0,"key":"Energy Potion"},{"floor":13.0,"key":"FearPotion"},{"floor":14.0,"key":"PowerPotion"},{"floor":16.0,"key":"LiquidMemories"},{"floor":19.0,"key":"SmokeBomb"},{"floor":30.0,"key":"Dexterity Potion"},{"floor":31.0,"key":"ColorlessPotion"},{"floor":33.0,"key":"Swift Potion"},{"floor":46.0,"key":"Ancient Potion"},{"floor":54,"key":"FearPotion"}],"is_trial":false,"path_per_floor":["M","?","$","M","M","E","M","R","T","M","R","M","E","M","R","B",null,"M","M","T","M","M","E","R","E","T","M","R","M","E","M","R","B",null,"M","M","?","$","?","R","M","E","T","M","E","M","$","M","R","B",null,"R","$","E","B",null],"character_chosen":"THE_ANIMATOR","items_purchased":["Torii","animator:WizardHat","animator:Kagari+1","animator:Kagari+1"],"campfire_rested":4,"item_purchase_floors":[38,47,47,53],"current_hp_per_floor":[57,57,57,54,52,30,30,30,30,27,47,37,19,12,32,35,59,54,42,42,38,37,12,32,23,23,25,46,52,37,43,43,32,66,70,77,77,77,77,77,68,73,73,77,77,55,70,76,76,28,65,65,77,57,26],"gold":40,"neow_bonus":"TEN_PERCENT_HP_BONUS","is_daily":false,"chose_seed":true,"campfire_upgraded":4,"win_rate":0.0,"timestamp":1608125423,"path_taken":["M","?","$","M","M","E","M","R","T","M","R","M","E","M","R","BOSS","M","M","?","M","M","E","R","E","T","M","R","M","E","M","R","BOSS","M","M","?","$","?","R","M","E","T","?","E","M","$","M","R","BOSS","R","$","E","BOSS"],"items_purchased_type":["Relic","Relic","Card","Card"],"build_version":"2020-12-13","purchased_purges":3,"victory":true,"max_hp_per_floor":[66,66,66,66,66,67,67,67,67,67,67,67,67,67,67,67,67,67,68,68,68,69,69,69,69,69,71,71,71,71,71,71,71,76,76,77,77,77,77,77,77,77,77,77,77,77,77,77,77,77,77,77,77,77,77],"card_choices":[{"not_picked":["animator:SilverFang","animator:UneriGinkaku"],"picked":"animator:Nanami","floor":1.0},{"not_picked":["animator:Hinaichigo","animator:TsurugaMeisai"],"picked":"animator:Melzalgald","floor":4.0},{"not_picked":["animator:MumenRider","animator:SilverFang"],"picked":"animator:MeguKakizaki","floor":5.0},{"not_picked":["animator:Souseiseki","animator:Hinaichigo"],"picked":"animator:Suigintou","floor":6.0},{"not_picked":["animator:Shuna","animator:Yoichi"],"picked":"animator:GuildGirl","floor":7.0},{"not_picked":["animator:Shuna","animator:ToukaNishikujou"],"picked":"animator:Kagari+1","floor":10.0},{"not_picked":["animator:Shigure","animator:Midou"],"picked":"animator:Benimaru","floor":12.0},{"not_picked":["animator:NoriSakurada","animator:TomoeKashiwaba"],"picked":"animator:Shirosaki","floor":13.0},{"not_picked":["animator:Shinoa","animator:ShizuruNakatsu"],"picked":"animator:Suigintou","floor":14.0},{"not_picked":["animator:KotoriKanbe","animator:SwordMaiden"],"picked":"animator:Biyorigo+1","floor":16.0},{"not_picked":["animator:SakuyaOhtori","animator:SougenEsaka","animator:ZankiKiguchi"],"picked":"SKIP","floor":18.0},{"not_picked":["animator:CrowleyEusford","animator:ZankiKiguchi"],"picked":"animator:JunSakurada","floor":19.0},{"not_picked":["animator:MeguKakizaki","animator:Souseiseki"],"picked":"animator:TomoeKashiwaba","floor":21.0},{"not_picked":["animator:Shinoa","animator:CowGirl"],"picked":"animator:Sonic","floor":22.0},{"not_picked":["animator:KotarouTennouji","animator:Yoichi"],"picked":"animator:Nanami","floor":23.0},{"not_picked":["animator:Millim+1","animator:Biyorigo+1"],"picked":"animator:FeridBathory+1","floor":25.0},{"not_picked":["animator:JunSakurada","animator:Hinaichigo"],"picked":"animator:Suiseiseki","floor":27.0},{"not_picked":["animator:MumenRider","animator:CrowleyEusford","animator:DwarfShaman"],"picked":"SKIP","floor":29.0},{"not_picked":["animator:Vesta","animator:Millim","animator:MetalKnight"],"picked":"SKIP","floor":30.0},{"not_picked":["animator:Shion","animator:MumenRider","animator:Chibimoth"],"picked":"SKIP","floor":31.0},{"not_picked":["animator:Saitama","animator:Biyorigo+1"],"picked":"animator:Enju+1","floor":33.0},{"not_picked":["animator:LuciaKonohana","animator:Genos+1"],"picked":"animator:Sonic","floor":34.0},{"not_picked":["animator:TomoeKashiwaba","animator:Souseiseki"],"picked":"animator:Shirosaki","floor":35.0},{"not_picked":["animator:DwarfShaman","animator:Togame"],"picked":"animator:Mikaela+1","floor":36.0},{"not_picked":["animator:CrowleyEusford","animator:Midou"],"picked":"animator:LuciaKonohana+1","floor":41.0},{"not_picked":["animator:SilverFang","animator:UneriGinkaku"],"picked":"animator:Geryuganshoop","floor":42.0},{"not_picked":["animator:Benimaru","animator:ToukaNishikujou"],"picked":"animator:Kaijin+1","floor":45.0},{"not_picked":["animator:Konayuki","animator:Hinaichigo","animator:Shion"],"picked":"SKIP","floor":46.0},{"not_picked":["animator:Genos","animator:Shirosaki+1","animator:Midou+1"],"picked":"SKIP","floor":48.0},{"not_picked":["animator:Souseiseki","animator:NoriSakurada"],"picked":"animator:Suiseiseki","floor":54}],"player_experience":2298215,"relics_obtained":[{"floor":6.0,"key":"Lantern"},{"floor":9.0,"key":"Frozen Egg 2"},{"floor":13.0,"key":"MealTicket"},{"floor":20.0,"key":"Mummified Hand"},{"floor":23.0,"key":"Anchor"},{"floor":25.0,"key":"animator:WornHelmet"},{"floor":30.0,"key":"Akabeko"},{"floor":42.0,"key":"animator:AlchemistGlove"},{"floor":43.0,"key":"Bag of Preparation"},{"floor":45.0,"key":"Centennial Puzzle"},{"floor":54,"key":"Unceasing Top"}],"event_choices":[{"damage_healed":0.0,"max_hp_gain":0.0,"max_hp_loss":0.0,"gold_gain":0.0,"cards_transformed":["animator:Strike"],"event_name":"Transmorgrifier","player_choice":"Transformed","floor":2.0,"gold_loss":0.0,"damage_taken":0.0,"cards_obtained":["animator:Geryuganshoop"]},{"damage_healed":0.0,"max_hp_gain":0.0,"max_hp_loss":0.0,"gold_gain":0.0,"event_name":"Accursed Blacksmith","player_choice":"Rummage","floor":39.0,"gold_loss":0.0,"damage_taken":0.0,"relics_obtained":["WarpedTongs"],"cards_obtained":["Pain"]}],"is_beta":false,"boss_relics":[{"not_picked":["Pandora\u0027s Box","Fusion Hammer"],"picked":"Cursed Key"},{"not_picked":["animator:CursedBlade","Astrolabe"],"picked":"Tiny House"}],"items_purged_floors":[3,38,47],"is_endless":false,"potions_floor_spawned":[4,7,12,13,14,16,19,22,30,31,33,36,44,46,54],"ascension_level":15}}