{"host":"j0a1jfichhxu8b8p","time":1608114474,"event":{"mods":["BaseMod","Colored Map","DeckTracker","Keyboard Shortcuts","Minty Spire (QoL Compilation)","Permanent Neow","StSLib"],"gold_per_floor":[118,134,151,151,151,151,194,194,194,210,210,210,290,321,321,411,411,426,450,450,466,489,520,520,556,556,572,572,326,364,383,383,473,473,493,508,527,176,509,509,509],"floor_reached":40,"playtime":1750,"items_purged":["Strike_R","Strike_R"],"score":1012,"play_id":"0f06a08f-ae46-467f-919d-edf6dd122066","local_time":"20201216192754","is_ascension_mode":true,"campfire_choices":[{"data":"Apotheosis","floor":6.0,"key":"SMITH"},{"data":"Inflame","floor":8.0,"key":"SMITH"},{"data":"Battle Trance","floor":11.0,"key":"SMITH"},{"data":"Shrug It Off","floor":15.0,"key":"SMITH"},{"data":"Shockwave","floor":24.0,"key":"SMITH"},{"data":"Inflame","floor":28.0,"key":"SMITH"},{"data":"Inflame","floor":32.0,"key":"SMITH"}],"circlet_count":0,"master_deck":["AscendersBane","Strike_R","Strike_R","Defend_R","Defend_R","Defend_R","Defend_R","Bash","Apotheosis+1","Shrug It Off+1","Battle Trance+1","Flex","Inflame+1","Heavy Blade","Burning Pact","Offering","CurseOfTheBell","Inflame+1","Thunderclap","Evolve","Shockwave+1","Double Tap","Offering","Inflame+1","Pummel","Second Wind","Exhume","Shrug It Off","Shrug It Off","Twin Strike"],"relics":["Burning Blood","Magic Flower","Bottled Tornado","Question Card","Mummified Hand","Calling Bell","Paper Frog","StoneCalendar","Nloth\u0027s Gift","Calipers","Happy Flower","Sundial","Red Skull","Dead Branch","Busted Crown","Membership Card","Vajra"],"acts_visited":["Exordium","TheCity","TheBeyond"],"potions_floor_usage":[33],"damage_taken":[{"damage":12.0,"enemies":"2 Louse","floor":1.0,"turns":3.0},{"damage":4.0,"enemies":"Small Slimes","floor":2.0,"turns":4.0},{"damage":2.0,"enemies":"Jaw Worm","floor":3.0,"turns":6.0},{"damage":20.0,"enemies":"Lagavulin","floor":7.0,"turns":6.0},{"damage":6.0,"enemies":"Red Slaver","floor":10.0,"turns":4.0},{"damage":3.0,"enemies":"Gremlin Nob","floor":14.0,"turns":3.0},{"damage":17.0,"enemies":"Hexaghost","floor":16.0,"turns":9.0},{"damage":17.0,"enemies":"Shell Parasite","floor":18.0,"turns":3.0},{"damage":7.0,"enemies":"2 Thieves","floor":19.0,"turns":4.0},{"damage":10.0,"enemies":"Centurion and Healer","floor":21.0,"turns":4.0},{"damage":6.0,"enemies":"Snake Plant","floor":22.0,"turns":2.0},{"damage":25.0,"enemies":"Book of Stabbing","floor":23.0,"turns":4.0},{"damage":31.0,"enemies":"Slavers","floor":25.0,"turns":6.0},{"damage":6.0,"enemies":"3 Cultists","floor":27.0,"turns":4.0},{"damage":12.0,"enemies":"Gremlin Leader","floor":30.0,"turns":4.0},{"damage":6.0,"enemies":"Snecko","floor":31.0,"turns":2.0},{"damage":29,"enemies":"Collector","floor":33,"turns":4},{"damage":6,"enemies":"3 Shapes","floor":35,"turns":1},{"damage":17,"enemies":"Orb Walker","floor":36,"turns":3},{"damage":24,"enemies":"Jaw Worm Horde","floor":37,"turns":3},{"damage":38,"enemies":"Reptomancer","floor":40,"turns":3}],"seed_played":"-4139333941466717053","potions_obtained":[{"floor":1.0,"key":"BlessingOfTheForge"},{"floor":3.0,"key":"DuplicationPotion"},{"floor":10.0,"key":"FearPotion"},{"floor":21.0,"key":"SpeedPotion"},{"floor":22.0,"key":"Dexterity Potion"},{"floor":27.0,"key":"Regen Potion"},{"floor":33,"key":"ColorlessPotion"}],"is_trial":false,"path_per_floor":["M","M","M","?","?","R","E","R","T","M","R","?","T","E","R","B",null,"M","M","?","M","M","E","R","E","T","M","R","$","E","M","R","B",null,"M","M","M","$","?","E"],"character_chosen":"IRONCLAD","items_purchased":["Red Skull","Membership Card","Vajra","Shrug It Off","Twin Strike"],"campfire_rested":0,"item_purchase_floors":[29,38,38,38,38],"current_hp_per_floor":[62,64,68,68,45,45,31,31,31,34,34,34,34,40,40,32,59,51,53,53,52,55,39,39,17,17,20,20,20,31,34,34,14,55,58,50,35,35,35,0,0],"gold":509,"neow_bonus":"RANDOM_COLORLESS_2","is_daily":false,"chose_seed":false,"campfire_upgraded":7,"win_rate":0.0,"timestamp":1608114474,"path_taken":["M","M","M","?","?","R","E","R","T","M","R","?","?","E","R","BOSS","M","M","?","?","M","E","R","E","T","M","R","$","E","M","R","BOSS","M","M","M","$","?","E"],"items_purchased_type":["Relic","Relic","Relic","Card","Card"],"build_version":"2020-12-13","purchased_purges":2,"victory":false,"max_hp_per_floor":[68,68,68,68,68,68,68,68,68,68,68,68,68,68,68,68,68,68,68,68,68,68,68,68,68,68,68,68,68,68,68,68,68,68,68,68,68,68,68,68,68],"card_choices":[{"not_picked":["Magnetism","Secret Technique"],"picked":"Apotheosis","floor":0.0},{"not_picked":["Flame Barrier","Flex"],"picked":"Shrug It Off","floor":1.0},{"not_picked":["Hemokinesis","Thunderclap"],"picked":"Battle Trance","floor":2.0},{"not_picked":["Searing Blow","Wild Strike"],"picked":"Flex","floor":3.0},{"not_picked":["Bloodletting","Impervious"],"picked":"Inflame","floor":7.0},{"not_picked":["Rupture","Armaments"],"picked":"Heavy Blade","floor":10.0},{"not_picked":["Disarm","Iron Wave","Armaments"],"picked":"Burning Pact","floor":14.0},{"not_picked":["Double Tap","Brutality","Exhume"],"picked":"Offering","floor":16.0},{"not_picked":["Iron Wave+1","Bloodletting","Blood for Blood"],"picked":"Inflame","floor":18.0},{"not_picked":["Sever Soul","Iron Wave","Seeing Red"],"picked":"Thunderclap","floor":19.0},{"not_picked":["Rupture","Dual Wield","Thunderclap"],"picked":"Evolve","floor":21.0},{"not_picked":["Flame Barrier+1","Armaments+1","Clash"],"picked":"Shockwave","floor":22.0},{"not_picked":["Sword Boomerang+1","Battle Trance","Perfected Strike"],"picked":"Double Tap","floor":23.0},{"not_picked":["Body Slam","Exhume","Clash"],"picked":"Offering","floor":25.0},{"not_picked":["Headbutt+1","Body Slam","Entrench"],"picked":"Inflame","floor":27.0},{"not_picked":["Intimidate","Spot Weakness","Shockwave"],"picked":"Pummel","floor":30.0},{"not_picked":["Infernal Blade","Perfected Strike","Searing Blow"],"picked":"Second Wind","floor":31.0},{"not_picked":["Berserk","Juggernaut","Bludgeon"],"picked":"Exhume","floor":33},{"not_picked":["Ghostly Armor"],"picked":"Shrug It Off","floor":35},{"not_picked":["Body Slam+1","Clothesline"],"picked":"SKIP","floor":36},{"not_picked":["Blood for Blood+1","Body Slam"],"picked":"SKIP","floor":37}],"player_experience":318838,"relics_obtained":[{"floor":7.0,"key":"Magic Flower"},{"floor":9.0,"key":"Bottled Tornado"},{"floor":13.0,"key":"Question Card"},{"floor":14.0,"key":"Mummified Hand"},{"floor":17.0,"key":"Regal Pillow"},{"floor":17.0,"key":"Paper Frog"},{"floor":17.0,"key":"StoneCalendar"},{"floor":23.0,"key":"Calipers"},{"floor":25.0,"key":"Happy Flower"},{"floor":26.0,"key":"Sundial"},{"floor":30.0,"key":"Dead Branch"}],"event_choices":[{"cards_removed":["Strike_R"],"damage_healed":0.0,"max_hp_gain":0.0,"max_hp_loss":0.0,"gold_gain":0.0,"event_name":"Living Wall","player_choice":"Forget","floor":4.0,"gold_loss":0.0,"damage_taken":0.0},{"damage_healed":0.0,"max_hp_gain":0.0,"max_hp_loss":0.0,"gold_gain":0.0,"event_name":"Golden Idol","player_choice":"Take Damage","floor":5.0,"gold_loss":0.0,"damage_taken":23.0,"relics_obtained":["Golden Idol"]},{"damage_healed":0.0,"max_hp_gain":0.0,"max_hp_loss":0.0,"gold_gain":0.0,"event_name":"Liars Game","player_choice":"Ignored","floor":12.0,"gold_loss":0.0,"damage_taken":0.0},{"damage_healed":0.0,"max_hp_gain":0.0,"max_hp_loss":0.0,"gold_gain":0.0,"event_name":"N\u0027loth","player_choice":"Traded Relic","floor":20.0,"relics_lost":["Regal Pillow"],"gold_loss":0.0,"damage_taken":0.0,"relics_obtained":["Nloth\u0027s Gift"]},{"damage_healed":0,"gold_gain":333,"player_choice":"Gave Idol","damage_taken":0,"max_hp_gain":0,"max_hp_loss":0,"event_name":"The Moai Head","floor":39,"relics_lost":["Golden Idol"],"gold_loss":0}],"is_beta":false,"boss_relics":[{"not_picked":["Tiny House","Velvet Choker"],"picked":"Calling Bell"},{"not_picked":["Snecko Eye","Runic Pyramid"],"picked":"Busted Crown"}],"items_purged_floors":[29,38],"is_endless":false,"potions_floor_spawned":[1,3,10,21,22,25,27,33],"killed_by":"Reptomancer","ascension_level":19}}