{"host":"mi0eibewekhugwl1","time":1608118490,"event":{"mods":["AchievementEnabler","BaseMod","Colored Map","Colored Powertips","DeckTracker","Keyboard Shortcuts","Minty Spire (QoL Compilation)","Quick Restart","Rare Cards Sparkle","Relic Stats","StSLib","SuperFastMode","everything is the same but u backflip on backflip"],"gold_per_floor":[213,288,306,323,335,335,335,348,348,25,43,43,63,76,76,76,76],"floor_reached":16,"playtime":207,"items_purged":[],"score":192,"play_id":"8b2335df-e8bd-4906-8e13-bc723f8ff9ed","local_time":"20201216203450","is_ascension_mode":true,"campfire_choices":[{"data":"Whirlwind","floor":6,"key":"SMITH"},{"floor":15,"key":"REST"}],"circlet_count":0,"master_deck":["AscendersBane","Strike_R","Strike_R","Strike_R","Strike_R","Defend_R","Defend_R","Defend_R","Defend_R","Bash","Whirlwind+1","Disarm","Pummel","Inflame"],"relics":["Burning Blood","Mummified Hand","Dead Branch"],"acts_visited":["Exordium"],"potions_floor_usage":[11,14,16,16],"damage_taken":[{"damage":1,"enemies":"Cultist","floor":1,"turns":3},{"damage":12,"enemies":"Jaw Worm","floor":3,"turns":2},{"damage":9,"enemies":"Small Slimes","floor":4,"turns":5},{"damage":17,"enemies":"Exordium Wildlife","floor":5,"turns":4},{"damage":0,"enemies":"3 Louse","floor":8,"turns":1},{"damage":23,"enemies":"Exordium Thugs","floor":11,"turns":4},{"damage":13,"enemies":"Large Slime","floor":13,"turns":5},{"damage":11,"enemies":"Exordium Wildlife","floor":14,"turns":3},{"damage":34,"enemies":"The Guardian","floor":16,"turns":2}],"seed_played":"-9196630165541828238","potions_obtained":[{"floor":1,"key":"DuplicationPotion"},{"floor":4,"key":"LiquidBronze"},{"floor":13,"key":"SteroidPotion"},{"floor":14,"key":"LiquidBronze"}],"is_trial":false,"path_per_floor":["M","?","M","M","M","R","?","M","T","$","M","?","M","M","R","B"],"character_chosen":"IRONCLAD","items_purchased":["Dead Branch"],"campfire_rested":1,"item_purchase_floors":[10],"current_hp_per_floor":[73,62,56,53,42,42,35,41,41,41,24,24,17,12,34,0,0],"gold":76,"neow_bonus":"HUNDRED_GOLD","is_daily":false,"chose_seed":false,"campfire_upgraded":1,"win_rate":0.0,"timestamp":1608118490,"path_taken":["M","?","M","M","M","R","?","M","T","$","M","?","M","M","R","BOSS"],"items_purchased_type":["Relic"],"build_version":"2020-12-13","purchased_purges":0,"victory":false,"max_hp_per_floor":[75,75,75,75,75,75,75,75,75,75,75,75,75,75,75,75,75],"relic_stats":{"counters":[9,29],"Mummified Hand":[0],"Dead Branch":[12],"obtain_stats":[{"Mummified Hand":9,"Dead Branch":10,"Burning Blood":0},{"Mummified Hand":5,"Dead Branch":5,"Burning Blood":0},{"Mummified Hand":15,"Dead Branch":15,"Burning Blood":0}],"Burning Blood":48},"card_choices":[{"not_picked":["Feel No Pain","Iron Wave","Perfected Strike"],"picked":"SKIP","floor":1},{"not_picked":["Body Slam","Armaments","Headbutt"],"picked":"SKIP","floor":3},{"not_picked":["Perfected Strike","Cleave"],"picked":"Whirlwind","floor":4},{"not_picked":["Warcry","Anger","Rampage"],"picked":"SKIP","floor":5},{"not_picked":["Sword Boomerang","Metallicize"],"picked":"Disarm","floor":8},{"not_picked":["Clothesline","Body Slam"],"picked":"Pummel","floor":11},{"not_picked":["Sword Boomerang","Havoc","Heavy Blade"],"picked":"SKIP","floor":13},{"not_picked":["Clash","Hemokinesis"],"picked":"Inflame","floor":14}],"player_experience":1670277,"relics_obtained":[{"floor":9,"key":"Mummified Hand"}],"event_choices":[{"damage_healed":0,"gold_gain":75,"player_choice":"Gather Gold","damage_taken":11,"max_hp_gain":0,"max_hp_loss":0,"event_name":"World of Goop","floor":2,"gold_loss":0},{"cards_removed":["Strike_R"],"damage_healed":0,"gold_gain":0,"player_choice":"Card Removal","damage_taken":7,"max_hp_gain":0,"max_hp_loss":0,"event_name":"Golden Wing","floor":7,"gold_loss":0},{"damage_healed":0,"gold_gain":0,"player_choice":"Ignored","damage_taken":0,"max_hp_gain":0,"max_hp_loss":0,"event_name":"Liars Game","floor":12,"gold_loss":0}],"is_beta":false,"boss_relics":[],"items_purged_floors":[],"is_endless":false,"potions_floor_spawned":[1,4,13,14],"killed_by":"The Guardian","ascension_level":20}}