{"host":"1c52r9kaxdyo25eq","time":1608096978,"event":{"mods":["AchievementEnabler","BaseMod","Minty Spire (QoL Compilation)","Rare Cards Sparkle","SuperFastMode","everything is the same but u backflip on backflip"],"gold_per_floor":[99,49,49,49,49,49,49,49,49,49,49,49,49,49,49,49,49],"floor_reached":16,"playtime":247,"items_purged":[],"score":200,"play_id":"8eba97d6-c1b3-4faf-b62c-cfd647fa5733","local_time":"20201216143618","is_ascension_mode":true,"campfire_choices":[{"data":"Choke","floor":6.0,"key":"SMITH"},{"data":"Prepared","floor":12.0,"key":"SMITH"},{"data":"Neutralize","floor":15,"key":"SMITH"}],"circlet_count":0,"master_deck":["AscendersBane","Strike_G","Strike_G","Strike_G","Strike_G","Defend_G","Defend_G","Defend_G","Defend_G","Survivor","Neutralize+1","Tactician","Prepared+1","Choke+1","Reflex","Quick Slash"],"relics":["Ectoplasm","Ice Cream"],"acts_visited":["Exordium"],"potions_floor_usage":[14],"damage_taken":[{"damage":7.0,"enemies":"Jaw Worm","floor":1.0,"turns":4.0},{"damage":8.0,"enemies":"Cultist","floor":3.0,"turns":6.0},{"damage":0.0,"enemies":"2 Louse","floor":7.0,"turns":2.0},{"damage":22.0,"enemies":"Lagavulin","floor":8.0,"turns":6.0},{"damage":0.0,"enemies":"Looter","floor":10.0,"turns":1.0},{"damage":0,"enemies":"Exordium Thugs","floor":14,"turns":1},{"damage":0,"enemies":"The Guardian","floor":16,"turns":2}],"seed_played":"6566920658482969849","potions_obtained":[{"floor":3.0,"key":"Fire Potion"},{"floor":7.0,"key":"DistilledChaos"},{"floor":8.0,"key":"SmokeBomb"}],"is_trial":false,"path_per_floor":["M","$","M","?","$","R","M","E","T","M","?","R","?","M","R","B"],"character_chosen":"THE_SILENT","items_purchased":["Prepared"],"campfire_rested":0,"item_purchase_floors":[2],"current_hp_per_floor":[52,52,44,44,44,44,44,22,22,22,22,22,15,15,15,15,15],"gold":49,"neow_bonus":"BOSS_RELIC","is_daily":false,"chose_seed":false,"campfire_upgraded":3,"win_rate":0.0,"timestamp":1608096978,"path_taken":["M","$","M","?","?","R","?","E","T","?","?","R","?","M","R","BOSS"],"items_purchased_type":["Card"],"build_version":"2020-12-13","purchased_purges":0,"victory":false,"max_hp_per_floor":[66,66,66,66,66,66,66,66,66,66,66,66,66,66,66,66,66],"card_choices":[{"not_picked":["Blade Dance","Footwork"],"picked":"Tactician","floor":1.0},{"not_picked":["Escape Plan","Infinite Blades"],"picked":"Choke","floor":3.0},{"not_picked":["Terror","Infinite Blades","Prepared"],"picked":"SKIP","floor":7.0},{"not_picked":["Predator","Phantasmal Killer"],"picked":"Reflex","floor":8.0},{"not_picked":["All Out Attack","Reflex"],"picked":"Quick Slash","floor":10.0}],"player_experience":481965,"relics_obtained":[{"floor":8.0,"key":"Ice Cream"}],"event_choices":[{"cards_removed":["Strike_G"],"damage_healed":0.0,"max_hp_gain":0.0,"max_hp_loss":0.0,"gold_gain":0.0,"event_name":"Bonfire Elementals","player_choice":"Offered Basic","floor":4.0,"gold_loss":0.0,"damage_taken":0.0},{"damage_healed":0.0,"max_hp_gain":0.0,"max_hp_loss":0.0,"gold_gain":0.0,"event_name":"Liars Game","player_choice":"Ignored","floor":11.0,"gold_loss":0.0,"damage_taken":0.0},{"cards_removed":["Defend_G"],"damage_healed":0.0,"max_hp_gain":0.0,"max_hp_loss":0.0,"gold_gain":0.0,"event_name":"Golden Wing","player_choice":"Card Removal","floor":13.0,"gold_loss":0.0,"damage_taken":7.0}],"is_beta":false,"boss_relics":[],"items_purged_floors":[],"is_endless":false,"potions_floor_spawned":[3,7,8,14],"killed_by":"The Guardian","ascension_level":20}}