{"host":"63rwe7p34ct1i0qu","time":1608105792,"event":{"mods":["BaseMod","DeckTracker","Minty Spire (QoL Compilation)","Permanent Neow","Quick Restart","StSLib"],"gold_per_floor":[12,12,29,29,39,39,59,59,84,111,111,111,177,193,193,290,290,304,329,176,101,116,147,147,177,227,227,239,239,252,267,267,370,370,385,607,607,532,550,550,550,563,563,582,597,597,557,590,590,590],"floor_reached":51,"playtime":1208,"items_purged":["Strike_R"],"score":1123,"play_id":"c4bd8239-a38a-4316-8710-dd90efcc51d8","local_time":"20201216170312","is_ascension_mode":true,"campfire_choices":[{"data":"Searing Blow","floor":6.0,"key":"SMITH"},{"data":"Searing Blow+1","floor":8.0,"key":"SMITH"},{"data":"Searing Blow+2","floor":12.0,"key":"SMITH"},{"data":"Searing Blow+3","floor":15.0,"key":"SMITH"},{"data":"Searing Blow+4","floor":24.0,"key":"SMITH"},{"data":"Searing Blow+5","floor":27.0,"key":"SMITH"},{"data":"Searing Blow+6","floor":32.0,"key":"SMITH"},{"data":"Searing Blow+7","floor":40.0,"key":"SMITH"},{"data":"Searing Blow+8","floor":46.0,"key":"SMITH"},{"data":"Searing Blow+9","floor":49.0,"key":"SMITH"}],"circlet_count":0,"master_deck":["Strike_R","Defend_R","Defend_R","Defend_R","Defend_R","Bash","Dark Embrace","Sword Boomerang","Immolate","Searing Blow+10","Exhume","Headbutt","Immolate","Second Wind","Offering","Battle Trance+1","Feel No Pain","Double Tap","Corruption","Evolve"],"relics":["Burning Blood","Lantern","Dream Catcher","Mark of Pain","Red Mask","Orrery","Eternal Feather","Thread and Needle","Omamori","SacredBark","Charon\u0027s Ashes","Magic Flower"],"acts_visited":["Exordium","TheCity","TheBeyond"],"potions_floor_usage":[50,50,50],"damage_taken":[{"damage":13.0,"enemies":"Jaw Worm","floor":1.0,"turns":4.0},{"damage":3.0,"enemies":"Cultist","floor":3.0,"turns":4.0},{"damage":7.0,"enemies":"Small Slimes","floor":5.0,"turns":3.0},{"damage":2.0,"enemies":"2 Fungi Beasts","floor":7.0,"turns":2.0},{"damage":10.0,"enemies":"3 Sentries","floor":10.0,"turns":3.0},{"damage":6.0,"enemies":"Blue Slaver","floor":14.0,"turns":3.0},{"damage":0.0,"enemies":"Slime Boss","floor":16.0,"turns":5.0},{"damage":19.0,"enemies":"Shell Parasite","floor":18.0,"turns":4.0},{"damage":0.0,"enemies":"Masked Bandits","floor":19.0,"turns":2.0},{"damage":0.0,"enemies":"3 Byrds","floor":22.0,"turns":4.0},{"damage":19.0,"enemies":"Gremlin Leader","floor":23.0,"turns":5.0},{"damage":12.0,"enemies":"Book of Stabbing","floor":25.0,"turns":3.0},{"damage":6.0,"enemies":"Snake Plant","floor":28.0,"turns":2.0},{"damage":13.0,"enemies":"Centurion and Healer","floor":30.0,"turns":3.0},{"damage":6.0,"enemies":"Snecko","floor":31.0,"turns":4.0},{"damage":26.0,"enemies":"Champ","floor":33.0,"turns":6.0},{"damage":9.0,"enemies":"3 Shapes","floor":35.0,"turns":5.0},{"damage":0.0,"enemies":"3 Darklings","floor":39.0,"turns":1.0},{"damage":0.0,"enemies":"Nemesis","floor":41.0,"turns":1.0},{"damage":4.0,"enemies":"Spire Growth","floor":42.0,"turns":3.0},{"damage":12.0,"enemies":"Maw","floor":44.0,"turns":5.0},{"damage":29.0,"enemies":"Writhing Mass","floor":45.0,"turns":3.0},{"damage":6.0,"enemies":"Giant Head","floor":48.0,"turns":2.0},{"damage":69,"enemies":"Donu and Deca","floor":50,"turns":5}],"seed_played":"-8425171200218001100","potions_obtained":[{"floor":1.0,"key":"Weak Potion"},{"floor":10.0,"key":"Weak Potion"},{"floor":14.0,"key":"LiquidBronze"},{"floor":19.0,"key":"SkillPotion"},{"floor":23.0,"key":"SkillPotion"},{"floor":25.0,"key":"EssenceOfSteel"},{"floor":30.0,"key":"SteroidPotion"},{"floor":37.0,"key":"AttackPotion"},{"floor":37.0,"key":"SmokeBomb"},{"floor":37.0,"key":"Fire Potion"},{"floor":42.0,"key":"Fruit Juice"},{"floor":47.0,"key":"Explosive Potion"},{"floor":47.0,"key":"LiquidMemories"},{"floor":47.0,"key":"DistilledChaos"},{"floor":48.0,"key":"GamblersBrew"}],"is_trial":false,"path_per_floor":["M","?","M","$","M","R","M","R","T","E","$","R","?","M","R","B",null,"M","?","$","?","M","E","R","E","T","R","M","?","M","M","R","B",null,"M","?","?","$","M","R","E","M","T","M","M","R","?","E","R","B",null],"character_chosen":"IRONCLAD","items_purchased":["Orrery"],"campfire_rested":0,"item_purchase_floors":[20],"current_hp_per_floor":[65,65,68,68,67,67,71,71,71,67,67,67,67,67,67,73,78,65,71,71,71,77,64,73,67,67,76,76,76,69,69,78,58,75,72,72,72,72,78,80,80,90,90,84,61,73,73,73,85,25],"gold":590,"neow_bonus":"TRANSFORM_TWO_CARDS","is_daily":false,"chose_seed":false,"campfire_upgraded":10,"win_rate":0.0,"timestamp":1608105792,"path_taken":["M","?","M","?","?","R","M","R","T","E","$","R","?","M","R","BOSS","M","?","$","?","M","E","R","E","T","R","M","?","M","M","R","BOSS","M","?","?","$","?","R","E","?","T","M","M","R","?","E","R","BOSS"],"items_purchased_type":["Relic"],"build_version":"2020-12-13","purchased_purges":1,"victory":true,"max_hp_per_floor":[80,80,80,80,80,80,80,80,80,80,80,80,80,80,80,80,80,80,80,80,80,80,80,80,80,80,80,80,80,80,80,80,80,80,80,80,80,80,80,80,80,90,90,90,90,90,90,90,90,90],"card_choices":[{"not_picked":["Spot Weakness","True Grit","Heavy Blade"],"picked":"SKIP","floor":1.0},{"not_picked":["Cleave","Warcry","Flex"],"picked":"SKIP","floor":3.0},{"not_picked":["Infernal Blade","Flex"],"picked":"Searing Blow","floor":5.0},{"not_picked":["Searing Blow","Evolve","Disarm"],"picked":"SKIP","floor":7.0},{"not_picked":["Pommel Strike","Warcry"],"picked":"Exhume","floor":10.0},{"not_picked":["Shockwave","Dual Wield"],"picked":"Headbutt","floor":14.0},{"not_picked":["Fiend Fire","Limit Break"],"picked":"Immolate","floor":16.0},{"not_picked":["Clash+1","Flex+1","Spot Weakness+1"],"picked":"SKIP","floor":18.0},{"not_picked":["Iron Wave","Clash+1"],"picked":"Second Wind","floor":19.0},{"not_picked":["Metallicize","Disarm"],"picked":"Offering","floor":20.0},{"not_picked":["Pommel Strike","Feel No Pain+1"],"picked":"Battle Trance+1","floor":20.0},{"not_picked":["Flex+1","Rupture"],"picked":"Feel No Pain","floor":22.0},{"not_picked":["Clash+1","Sword Boomerang","Twin Strike"],"picked":"SKIP","floor":23.0},{"not_picked":["Body Slam","Heavy Blade"],"picked":"Double Tap","floor":25.0},{"not_picked":["Twin Strike","Clothesline+1","Dropkick"],"picked":"SKIP","floor":28.0},{"not_picked":["Thunderclap","Rampage+1","Carnage"],"picked":"SKIP","floor":30.0},{"not_picked":["Pummel","Perfected Strike","Hemokinesis"],"picked":"SKIP","floor":31.0},{"not_picked":["Demon Form","Double Tap"],"picked":"Corruption","floor":33.0},{"not_picked":["Iron Wave+1","Blood for Blood+1","Carnage"],"picked":"SKIP","floor":35.0},{"not_picked":["Armaments","True Grit+1"],"picked":"Evolve","floor":39.0},{"not_picked":["Perfected Strike","Wild Strike+1","Fire Breathing"],"picked":"SKIP","floor":42.0},{"not_picked":["Blood for Blood","Sword Boomerang+1","Disarm+1"],"picked":"SKIP","floor":44.0},{"not_picked":["Ghostly Armor","Iron Wave+1","Clash"],"picked":"SKIP","floor":45.0},{"not_picked":["Flame Barrier","Headbutt+1","Uppercut"],"picked":"SKIP","floor":48.0}],"player_experience":779076,"relics_obtained":[{"floor":9.0,"key":"Lantern"},{"floor":10.0,"key":"Dream Catcher"},{"floor":19.0,"key":"Red Mask"},{"floor":23.0,"key":"Eternal Feather"},{"floor":25.0,"key":"Thread and Needle"},{"floor":26.0,"key":"Omamori"},{"floor":43.0,"key":"Charon\u0027s Ashes"},{"floor":48.0,"key":"Magic Flower"}],"event_choices":[{"damage_healed":0.0,"max_hp_gain":0.0,"max_hp_loss":0.0,"gold_gain":0.0,"event_name":"Match and Keep!","player_choice":"1 cards matched","floor":2.0,"gold_loss":0.0,"damage_taken":0.0,"cards_obtained":["Immolate"]},{"damage_healed":0.0,"max_hp_gain":0.0,"max_hp_loss":0.0,"gold_gain":66.0,"event_name":"Golden Wing","player_choice":"Gained Gold","floor":13.0,"gold_loss":0.0,"damage_taken":0.0},{"damage_healed":0.0,"max_hp_gain":0.0,"max_hp_loss":0.0,"gold_gain":0.0,"event_name":"Masked Bandits","player_choice":"Fought Bandits","floor":19.0,"gold_loss":0.0,"damage_taken":0.0},{"cards_removed":["Strike_R"],"damage_healed":0.0,"max_hp_gain":0.0,"max_hp_loss":0.0,"gold_gain":0.0,"event_name":"Beggar","player_choice":"Gave Gold","floor":21.0,"gold_loss":75.0,"damage_taken":0.0},{"damage_healed":0.0,"max_hp_gain":0.0,"max_hp_loss":0.0,"gold_gain":0.0,"event_name":"Ghosts","player_choice":"Ignored","floor":29.0,"gold_loss":0.0,"damage_taken":0.0},{"damage_healed":0.0,"max_hp_gain":0.0,"max_hp_loss":0.0,"gold_gain":222.0,"event_name":"Tomb of Lord Red Mask","player_choice":"Wore Mask","floor":36.0,"gold_loss":0.0,"damage_taken":0.0},{"damage_healed":0.0,"max_hp_gain":0.0,"max_hp_loss":0.0,"gold_gain":0.0,"event_name":"Lab","player_choice":"Got Potions","floor":37.0,"gold_loss":0.0,"damage_taken":0.0},{"damage_healed":0.0,"max_hp_gain":0.0,"max_hp_loss":0.0,"gold_gain":0.0,"event_name":"The Woman in Blue","player_choice":"Bought 3 Potions","floor":47.0,"gold_loss":0.0,"damage_taken":0.0}],"is_beta":false,"boss_relics":[{"not_picked":["Velvet Choker","Calling Bell"],"picked":"Mark of Pain"},{"not_picked":["Black Star","Runic Dome"],"picked":"SacredBark"}],"items_purged_floors":[38],"is_endless":false,"potions_floor_spawned":[1,10,14,16,19,23,25,30,39,42,48],"ascension_level":7}}