{"host":"g1wmg2w41xhsnw8g","time":1608079063,"event":{"mods":["2.2 Compatiblity","Act Like it!","BaseMod","Better Altar","Better Match","Better Note","Better Sensory Stone","Better Skull","Better Third Choice","BetterRewards","Booster Modes","CapriCore","CatGirl Mod","Colored Map","Colored Powertips","Curses Come First","Defuse TimeMaze Blight","Displayed Cursed Tome","Friendly Minions","GifTheSpireLib","Googly Eyes","Hubris","Infinite Spire","Minty Spire (QoL Compilation)","Red Circlet Mod","Relic Sorter","SCP261 Mod","Shop Mod","Spicy Shops","StSLib","The Poker Player","The Sage","Transform Curses","Wandering Minibosses","????"],"gold_per_floor":[119,119,119,119,129,164,164,69,92,112,112,112,87,101,101,196,246,246,246],"floor_reached":18,"playtime":988,"items_purged":["theCatGirl:Defend","theCatGirl:Defend","theCatGirl:Strike","theCatGirl:Strike","theCatGirl:Defend"],"score":331,"play_id":"5b053858-32bb-4bb9-91af-f0905e4731f0","local_time":"20201215193743","is_ascension_mode":true,"campfire_choices":[{"data":"theCatGirl:ShockedWitness","floor":12,"key":"SMITH"},{"data":"theCatGirl:DefensiveStance","floor":15,"key":"SMITH"}],"circlet_count":0,"master_deck":["PokerPlayerMod:Overdeal+1","theCatGirl:Defend","theCatGirl:ClawStrike+1","theCatGirl:Evasion","theCatGirl:ShockedWitness+1","theCatGirl:DefensiveStance+1","theCatGirl:BloodScent","theCatGirl:FocusedStrike","Sadistic Nature","theCatGirl:TrainWreck","theCatGirl:UnrelentingAssault+1","theCatGirl:ScratchFlurry+1","theCatGirl:AngryForm","hubris:NaturalOne","theCatGirl:Claws+1","theCatGirl:Howl"],"relics":["theCatGirl:TrainedRelic","hubris:Icosahedron","Membership Card","MerchantsRug","hubris:TenFootPole","Pen Nib","Akabeko","theCatGirl:LostAndFound","sagemod:Blowpipe","Tiny Chest","Anchor","Bird Faced Urn","hubris:BottledRain","hubris:SlimyHat","Toy Ornithopter","Happy Flower","theCatGirl:MonsterGuide","Medical Kit","Molten Egg 2","theCatGirl:ThrowingDagger","Bag of Marbles","Oddly Smooth Stone","PreservedInsect","hubris:Metronome","Juzu Bracelet","Sling","Bottled Flame","hubris:Potato","hubris:MobiusCoin","theCatGirl:DriedFish","Turnip","infinitespire:Satchel","infinitespire:ShieldingShard","Bronze Scales","hubris:ToyBattleship","Meat on the Bone","hubris:GrandSneckoEye"],"acts_visited":["Exordium","TheCity"],"potions_floor_usage":[6,14],"damage_taken":[{"damage":0.0,"enemies":"Jaw Worm","floor":1.0,"turns":2.0},{"damage":6,"enemies":"Cultist","floor":5,"turns":3},{"damage":36,"enemies":"Lagavulin","floor":6,"turns":4},{"damage":0,"enemies":"Small Slimes","floor":10,"turns":3},{"damage":15,"enemies":"3 Sentries","floor":13,"turns":3},{"damage":10,"enemies":"Red Slaver","floor":14,"turns":3},{"damage":3,"enemies":"Hexaghost","floor":16,"turns":4},{"damage":18,"enemies":"Spheric Guardian","floor":18,"turns":4}],"seed_played":"658461852978219497","potions_obtained":[{"floor":5,"key":"ColorlessPotion"},{"floor":6,"key":"SCP261:ClockworkPotion"},{"floor":13,"key":"Swift Potion"},{"floor":16,"key":"SCP261:PenguinPunchPotion"}],"is_trial":false,"path_per_floor":["M","?","?","?","M","E","T","$","T","M","?","R","E","M","R","B",null,"M"],"character_chosen":"THE_CATGIRL","items_purchased":["Membership Card","MerchantsRug","hubris:TenFootPole","Pen Nib","Akabeko","theCatGirl:LostAndFound","theCatGirl:ShockedWitness","theCatGirl:DefensiveStance","Tiny Chest","Anchor","theCatGirl:BloodScent","hubris:BottledRain","hubris:SlimyHat","Toy Ornithopter","Happy Flower","Whetstone","Medical Kit","theCatGirl:FocusedStrike","Molten Egg 2","theCatGirl:ThrowingDagger","Bag of Marbles","Oddly Smooth Stone","Sadistic Nature","PreservedInsect","hubris:Metronome","Juzu Bracelet","Sling","Bottled Flame","theCatGirl:TrainWreck","hubris:MobiusCoin","theCatGirl:DriedFish","infinitespire:Satchel","infinitespire:ShieldingShard"],"campfire_rested":0,"item_purchase_floors":[0,0,0,0,0,0,0,0,0,0,0,0,0,0,0,0,0,0,0,0,0,0,0,0,0,0,0,0,0,0,0,8,8],"current_hp_per_floor":[70,70,70,70,64,38,38,38,38,62,62,62,51,52,52,59,70,52,52],"gold":246,"neow_bonus":"","is_daily":false,"chose_seed":false,"campfire_upgraded":2,"win_rate":0.0,"timestamp":1608079063,"path_taken":["M","?","?","?","M","E","?","$","T","M","?","R","E","M","R","BOSS","M"],"items_purchased_type":["Relic","Relic","Relic","Relic","Relic","Relic","Card","Card","Relic","Relic","Card","Relic","Relic","Relic","Relic","Relic","Relic","Card","Relic","Relic","Relic","Relic","Card","Relic","Relic","Relic","Relic","Relic","Card","Relic","Relic","Relic","Relic"],"build_version":"2020-12-13","purchased_purges":5,"victory":false,"max_hp_per_floor":[70,70,70,70,70,70,70,70,70,70,70,70,70,70,70,70,70,70,70],"card_choices":[{"not_picked":["theCatGirl:AccidentalSlap+1","theCatGirl:BodyBlow+1","theCatGirl:PlayAround+1"],"picked":"SKIP","floor":1.0},{"not_picked":["theCatGirl:LostTrinket","theCatGirl:QuickStrike+1","theCatGirl:TryingMyBest+1"],"picked":"SKIP","floor":5},{"not_picked":["theCatGirl:LuckyBlow+1","theCatGirl:SearchBackpack"],"picked":"theCatGirl:AngryForm","floor":6},{"not_picked":["theCatGirl:BloodBath+1","theCatGirl:ScratchFlurry+1","theCatGirl:ShockedWitness"],"picked":"SKIP","floor":10},{"not_picked":["theCatGirl:AccidentalSlap+1","theCatGirl:ClenchYourTeeth","theCatGirl:GoddessOfMisfortune"],"picked":"SKIP","floor":13},{"not_picked":["theCatGirl:LostTrinket","theCatGirl:PlayAround+1"],"picked":"theCatGirl:Claws+1","floor":14},{"not_picked":["theCatGirl:BleedingWounds","theCatGirl:NeverGivingUp"],"picked":"theCatGirl:Howl","floor":16}],"player_experience":1038837,"relics_obtained":[{"floor":6,"key":"Turnip"},{"floor":9,"key":"Bronze Scales"},{"floor":11,"key":"hubris:ToyBattleship"},{"floor":13,"key":"Meat on the Bone"}],"event_choices":[{"damage_healed":0,"gold_gain":0,"cards_transformed":["theCatGirl:Strike"],"player_choice":"Transformed","damage_taken":0,"max_hp_gain":0,"max_hp_loss":0,"event_name":"Transmorgrifier","floor":2,"gold_loss":0,"cards_obtained":["theCatGirl:UnrelentingAssault"]},{"damage_healed":0,"gold_gain":0,"cards_transformed":["theCatGirl:Strike"],"player_choice":"Change","damage_taken":0,"max_hp_gain":0,"max_hp_loss":0,"event_name":"Living Wall","floor":4,"gold_loss":0,"cards_obtained":["theCatGirl:ScratchFlurry"]}],"is_beta":false,"boss_relics":[{"not_picked":["Sozu","Cursed Key"],"picked":"hubris:GrandSneckoEye"}],"items_purged_floors":[0,0,0,0,0],"is_endless":false,"potions_floor_spawned":[5,6,13,16],"killed_by":"Spheric Guardian","ascension_level":1}}