{"host":"fdq5pmhluajjrf8d","time":1608082602,"event":{"mods":["BaseMod","Minty Spire (QoL Compilation)"],"gold_per_floor":[109,109,122,122,137,137,62,134,181,256,271,271,296,316,316,412,412,426,426,426],"floor_reached":19,"playtime":638,"items_purged":["Injury"],"score":310,"play_id":"aee546e2-c27b-4fc0-9097-42ef18fc45ff","local_time":"20201215203642","is_ascension_mode":true,"campfire_choices":[{"data":"Zap","floor":6,"key":"SMITH"},{"data":"Beam Cell","floor":15,"key":"SMITH"}],"circlet_count":0,"master_deck":["AscendersBane","Strike_B","Strike_B","Strike_B","Defend_B+1","Defend_B","Defend_B+1","Zap+1","Dualcast","BootSequence","Beam Cell+1","Gash","Skim","Machine Learning","Gash"],"relics":["Cracked Core","Golden Idol","Oddly Smooth Stone","Empty Cage"],"acts_visited":["Exordium","TheCity"],"potions_floor_usage":[11,14,16,19],"damage_taken":[{"damage":2,"enemies":"Jaw Worm","floor":1,"turns":3},{"damage":0,"enemies":"2 Louse","floor":3,"turns":2},{"damage":0,"enemies":"Small Slimes","floor":5,"turns":3},{"damage":0,"enemies":"Exordium Thugs","floor":11,"turns":3},{"damage":10,"enemies":"Gremlin Gang","floor":13,"turns":5},{"damage":0,"enemies":"Large Slime","floor":14,"turns":6},{"damage":27,"enemies":"Slime Boss","floor":16,"turns":9},{"damage":21,"enemies":"Spheric Guardian","floor":18,"turns":4},{"damage":49,"enemies":"3 Byrds","floor":19,"turns":4}],"seed_played":"4323998603347377276","potions_obtained":[{"floor":1,"key":"SteroidPotion"},{"floor":3,"key":"EssenceOfDarkness"},{"floor":11,"key":"SkillPotion"},{"floor":16,"key":"SpeedPotion"}],"is_trial":false,"path_per_floor":["M","?","M","?","M","R","$","?","T","?","M","?","M","M","R","B",null,"M","M"],"character_chosen":"DEFECT","items_purchased":[],"campfire_rested":0,"item_purchase_floors":[],"current_hp_per_floor":[69,46,46,46,46,46,46,46,46,35,35,78,68,68,68,41,69,48,0,0],"gold":426,"neow_bonus":"TEN_PERCENT_HP_BONUS","is_daily":false,"chose_seed":false,"campfire_upgraded":2,"win_rate":0.0,"timestamp":1608082602,"path_taken":["M","?","M","?","M","R","$","?","T","?","M","?","M","?","R","BOSS","M","M"],"items_purchased_type":[],"build_version":"2020-12-13","purchased_purges":1,"victory":false,"max_hp_per_floor":[78,78,78,78,78,78,78,78,78,78,78,78,78,78,78,78,78,78,78,78],"card_choices":[{"not_picked":["Double Energy","Turbo"],"picked":"BootSequence","floor":1},{"not_picked":["Auto Shields","Double Energy","Stack"],"picked":"SKIP","floor":3},{"not_picked":["Turbo","Sweeping Beam"],"picked":"Sunder","floor":5},{"not_picked":["Conserve Battery","Leap"],"picked":"Beam Cell","floor":11},{"not_picked":["Fusion","Turbo"],"picked":"Gash","floor":13},{"not_picked":["Self Repair","Barrage"],"picked":"Skim","floor":14},{"not_picked":["Electrodynamics","Meteor Strike"],"picked":"Machine Learning","floor":16},{"not_picked":["Compile Driver","Sweeping Beam"],"picked":"Gash","floor":18}],"player_experience":1867432,"relics_obtained":[{"floor":9,"key":"Oddly Smooth Stone"}],"event_choices":[{"damage_healed":0,"gold_gain":0,"player_choice":"Entered Light","damage_taken":23,"max_hp_gain":0,"max_hp_loss":0,"event_name":"Shining Light","floor":2,"gold_loss":0,"cards_upgraded":["Defend_B","Defend_B"]},{"damage_healed":0,"gold_gain":0,"player_choice":"Take Wound","damage_taken":0,"relics_obtained":["Golden Idol"],"max_hp_gain":0,"max_hp_loss":0,"event_name":"Golden Idol","floor":4,"gold_loss":0,"cards_obtained":["Injury"]},{"damage_healed":0,"gold_gain":72,"player_choice":"Gained Gold","damage_taken":0,"max_hp_gain":0,"max_hp_loss":0,"event_name":"Golden Wing","floor":8,"gold_loss":0},{"damage_healed":0,"gold_gain":75,"player_choice":"Gather Gold","damage_taken":11,"max_hp_gain":0,"max_hp_loss":0,"event_name":"World of Goop","floor":10,"gold_loss":0},{"cards_removed":["Sunder"],"damage_healed":43,"gold_gain":0,"player_choice":"Offered Uncommon","damage_taken":0,"max_hp_gain":0,"max_hp_loss":0,"event_name":"Bonfire Elementals","floor":12,"gold_loss":0}],"is_beta":false,"boss_relics":[{"not_picked":["Ectoplasm","Black Star"],"picked":"Empty Cage"}],"items_purged_floors":[7],"is_endless":false,"potions_floor_spawned":[1,3,11,16],"killed_by":"3 Byrds","ascension_level":19}}