{"host":"m3rs92yjkwi06hli","time":1608130289,"event":{"mods":["Act Like it!","Aspiration","BaseMod","Colored Map","Conspire","Defuse TimeMaze Blight","Energized Spire","Hubris","Infinite Spire","Minty Spire (QoL Compilation)","Relic Stats","Replay The Spire","Spicy Shops","StSLib","The Necromancer"],"gold_per_floor":[115,115,125,17,29,64,64,94,94,94,113,139,35,35,35,159,159,173,273,288,288,312,312,353,353,377,400,433,453,453,453,453,611,611,666,722,722,790,790,790,816,816,842,933,1018,1207,1207,142,142,142,142],"floor_reached":50,"playtime":1620,"items_purged":["Doubt","hubris:Disease","ReplayTheSpireMod:Splinters"],"score":1092,"play_id":"e3a8c528-4008-4b97-bbd3-59694ee69b4f","local_time":"20201216085129","is_ascension_mode":true,"campfire_choices":[{"data":"Summon_Undead","floor":7,"key":"SMITH"},{"data":"Negative_Energy_Sphere","floor":10,"key":"SMITH"},{"data":"Pandemic","floor":15,"key":"SMITH"},{"data":"Summon_Undead","floor":23,"key":"SMITH"},{"data":"Disarm","floor":25,"key":"SMITH"},{"data":"Requiem","floor":32,"key":"SMITH"},{"data":"ReplayReversal","floor":40,"key":"SMITH"},{"floor":49,"key":"DIG"}],"circlet_count":0,"master_deck":["Summon_Death_Knight+1","Strike_W","Strike_W","Strike_W","Strike_W","Defend_W","Defend_W","Defend_W","Defend_W","Negative_Energy_Arrows","Bone_Wall","Blood_Curse+1","Blood_Whip","Summon_Undead+1","Negative_Energy_Shield","Negative_Energy_Shield","Negative_Energy_Sphere+1","Death_Knell","Pandemic+1","Requiem+1","Uncharnel+1","Summon_Undead+1","ReplayReversal+1","Disarm+1","Life Link+1","Blood_Curse+1","Summon_Undead+1","Reap_The_Weak","Negative_Energy_Shield+1","Massacre+1","Thunderclap+1","hubris:Rewind+1","Body Slam+1"],"relics":["Vampire_Amulet","NeowsBlessing","conspire:DecoderRing","Tiny Chest","infinitespire:Broken Mirror","hubris:Spice","Garlic","Golden Idol","energizedSpire:CursedPentagram","Iron Hammer","aspiration:IroncladSkillbook","aspiration:Lifesprig","infinitespire:EvilPickle","energizedSpire:SpiderWeb","aspiration:SecretTechniqueScroll","Medical Kit","ReplayTheSpireMod:TigerMarble","hubris:Icosahedron","hubris:GlazedTorus","infinitespire:WardingShard"],"acts_visited":["Exordium","TheCity","TheBeyond"],"potions_floor_usage":[16,50,50],"damage_taken":[{"damage":0,"enemies":"Jaw Worm","floor":1,"turns":1},{"damage":0,"enemies":"Cultist","floor":3,"turns":1},{"damage":0,"enemies":"2 Louse","floor":5,"turns":1},{"damage":14,"enemies":"Gremlin Nob","floor":6,"turns":4},{"damage":2,"enemies":"3 Sentries","floor":8,"turns":7},{"damage":0,"enemies":"Red Slaver","floor":11,"turns":3},{"damage":4,"enemies":"Lagavulin","floor":12,"turns":4},{"damage":2,"enemies":"Slime Boss","floor":16,"turns":9},{"damage":2,"enemies":"3 Byrds","floor":18,"turns":4},{"damage":2,"enemies":"Spheric Guardian","floor":20,"turns":3},{"damage":1,"enemies":"Snake Plant","floor":22,"turns":4},{"damage":25,"enemies":"Slavers","floor":24,"turns":4},{"damage":2,"enemies":"conspire:HollyBat","floor":27,"turns":6},{"damage":3,"enemies":"Gremlin Leader","floor":28,"turns":4},{"damage":0,"enemies":"3 Cultists","floor":29,"turns":4},{"damage":3,"enemies":"Pondfish","floor":33,"turns":9},{"damage":7,"enemies":"3 Darklings","floor":35,"turns":4},{"damage":0,"enemies":"Orb Walker","floor":36,"turns":3},{"damage":21,"enemies":"4 Shapes","floor":38,"turns":4},{"damage":13,"enemies":"Nightmare","floor":44,"turns":7},{"damage":25,"enemies":"Sphere and 2 Shapes","floor":45,"turns":5},{"damage":0,"enemies":"3 Darklings","floor":46,"turns":4},{"damage":26,"enemies":"Replay:Hell Engine","floor":50,"turns":6}],"seed_played":"5338821567641190893","potions_obtained":[{"floor":6,"key":"Weak Potion"},{"floor":8,"key":"Explosive Potion"},{"floor":11,"key":"SteroidPotion"},{"floor":18,"key":"Languid Potion"},{"floor":38,"key":"Dexterity Potion"}],"is_trial":false,"path_per_floor":["M","?","M","$","M","E","R","E","T","R","M","E","$","?","R","B",null,"M","?","M","AVR","M","R","E","R","T","M","E","M","T","?","R","B",null,"M","M","AVR","M","?","R","T","?","T","NM","M","M","?","$","R_BF","B"],"character_chosen":"NECROMANCER","items_purchased":["Summon_Undead","Garlic","infinitespire:WardingShard","hubris:Spice","hubris:Spice","hubris:Spice"],"campfire_rested":0,"item_purchase_floors":[4,13,48,48,48,48],"current_hp_per_floor":[75,75,75,75,75,63,63,67,67,67,69,75,75,55,55,61,83,83,83,83,83,83,83,82,82,82,91,83,75,67,67,67,67,67,67,67,67,58,58,58,58,58,58,51,39,45,45,27,19,0,0],"gold":142,"neow_bonus":"THREE_ENEMY_KILL","is_daily":false,"chose_seed":false,"campfire_upgraded":7,"win_rate":0.0,"timestamp":1608130289,"path_taken":["M","?","?","?","M","E","R","E","T","R","M","E","$","?","R","BOSS","M","?","?","AVR","M","R","E","R","T","M","E","M","?","?","R","BOSS","M","M","AVR","?","?","R","?","?","T","NM","M","M","?","?","R_BF","BOSS"],"items_purchased_type":["Card","Relic","Relic","Relic","Relic","Relic"],"build_version":"2020-12-13","purchased_purges":3,"victory":false,"max_hp_per_floor":[75,75,75,75,75,75,75,75,75,75,75,83,83,83,83,83,83,83,83,83,83,83,83,91,91,91,91,83,75,67,67,67,67,67,67,67,67,67,67,67,67,67,59,51,51,51,51,27,19,19,19],"relic_stats":{"counters":[23,101],"Golden Idol":111,"Tiny Chest":2,"Medical Kit":[6],"obtain_stats":[{"aspiration:Lifesprig":26,"NeowsBlessing":0,"Golden Idol":14,"aspiration:SecretTechniqueScroll":37,"energizedSpire:SpiderWeb":34,"Medical Kit":37,"aspiration:IroncladSkillbook":21,"infinitespire:EvilPickle":33,"energizedSpire:CursedPentagram":17,"hubris:Icosahedron":42,"infinitespire:WardingShard":48,"infinitespire:Broken Mirror":9,"hubris:Spice":12,"conspire:DecoderRing":6,"Tiny Chest":8,"Vampire_Amulet":0,"Iron Hammer":21,"Garlic":13,"ReplayTheSpireMod:TigerMarble":41,"hubris:GlazedTorus":44},{"aspiration:Lifesprig":12,"NeowsBlessing":0,"Golden Idol":7,"aspiration:SecretTechniqueScroll":18,"energizedSpire:SpiderWeb":16,"Medical Kit":18,"aspiration:IroncladSkillbook":10,"infinitespire:EvilPickle":16,"energizedSpire:CursedPentagram":8,"hubris:Icosahedron":19,"infinitespire:WardingShard":22,"infinitespire:Broken Mirror":5,"hubris:Spice":7,"conspire:DecoderRing":4,"Tiny Chest":5,"Vampire_Amulet":0,"Iron Hammer":10,"Garlic":7,"ReplayTheSpireMod:TigerMarble":19,"hubris:GlazedTorus":20},{"aspiration:Lifesprig":45,"NeowsBlessing":0,"Golden Idol":21,"aspiration:SecretTechniqueScroll":75,"energizedSpire:SpiderWeb":68,"Medical Kit":75,"aspiration:IroncladSkillbook":37,"infinitespire:EvilPickle":68,"energizedSpire:CursedPentagram":30,"hubris:Icosahedron":79,"infinitespire:WardingShard":95,"infinitespire:Broken Mirror":14,"hubris:Spice":21,"conspire:DecoderRing":7,"Tiny Chest":14,"Vampire_Amulet":0,"Iron Hammer":37,"Garlic":21,"ReplayTheSpireMod:TigerMarble":79,"hubris:GlazedTorus":86}]},"card_choices":[{"not_picked":["Consume_Illness","Chill_Blood"],"picked":"Blood_Curse","floor":1},{"not_picked":["Exploit","Life_Drain"],"picked":"Blood_Whip","floor":3},{"not_picked":["Violent_Necrosis","Death_Coil"],"picked":"Negative_Energy_Shield","floor":5},{"not_picked":["Chill_Blood","Bone_Shift"],"picked":"Negative_Energy_Shield","floor":6},{"not_picked":["Negative_Energy_Javelin","Blood_Whip"],"picked":"Negative_Energy_Sphere","floor":8},{"not_picked":["Bone_Bullets","Spectral_Walk"],"picked":"Death_Knell","floor":11},{"not_picked":["Life_Tap","Blood_Wake"],"picked":"Pandemic","floor":12},{"not_picked":["Blood_Magic","Negative_Energy_Bomb"],"picked":"Requiem","floor":16},{"not_picked":["Strike_from_Beyond","Bone_Spikes+1"],"picked":"Uncharnel+1","floor":18},{"not_picked":["Toxic_Smoke_Screen+1","Consume_Illness"],"picked":"Summon_Undead","floor":20},{"not_picked":["Replay:Undeath\u0027s Touch","Run Through+1","Finger_Of_Death+1"],"picked":"ReplayReversal","floor":22},{"not_picked":["Double Tap","Bones_to_Steel","Blood_Shield"],"picked":"Disarm","floor":24},{"not_picked":["Blood_for_Blood","Clash","Clothesline"],"picked":"Life Link+1","floor":27},{"not_picked":["Negative_Energy_Mist","Vampiric_Strike","Thousand_Bone_Knives+1"],"picked":"Blood_Curse+1","floor":28},{"not_picked":["Body Slam","Run Through","ReplayTheSpireMod:LeadingStrike+1"],"picked":"hubris:SpiceAddiction","floor":29},{"not_picked":["Demonic Infusion","hubris:SpiceAddiction","Double Tap"],"picked":"Reap_The_Weak","floor":33},{"not_picked":["Bones_to_Steel+1","Cleave+1","Negative_Energy_Mist"],"picked":"Negative_Energy_Shield+1","floor":35},{"not_picked":["Clash+1","hubris:SpiceAddiction","Warcry"],"picked":"Massacre+1","floor":36},{"not_picked":["Exploit","Perfected Strike","Negative_Energy_Javelin"],"picked":"Thunderclap+1","floor":38},{"not_picked":["ReplayTheSpireMod:Haul","infinitespire:UltimateForm"],"picked":"hubris:Rewind","floor":44},{"not_picked":["Anger+1","hubris:SpiceAddiction","Double Tap"],"picked":"hubris:SpiceAddiction","floor":44},{"not_picked":["Wild Strike","Warcry+1","Bones_to_Steel+1"],"picked":"Body Slam+1","floor":45},{"not_picked":["conspire:Charge","Shade_Step","Warcry","Shackles_Of_Pain+1"],"picked":"SKIP","floor":46}],"player_experience":748974,"relics_obtained":[{"floor":6,"key":"conspire:DecoderRing"},{"floor":8,"key":"Tiny Chest"},{"floor":9,"key":"infinitespire:Broken Mirror"},{"floor":12,"key":"hubris:Spice"},{"floor":24,"key":"hubris:Spice"},{"floor":26,"key":"aspiration:Lifesprig"},{"floor":28,"key":"hubris:Spice"},{"floor":30,"key":"hubris:Spice"},{"floor":41,"key":"ReplayTheSpireMod:TigerMarble"},{"floor":43,"key":"hubris:Spice"},{"floor":44,"key":"hubris:GlazedTorus"},{"floor":49,"key":"hubris:Spice"}],"event_choices":[{"damage_healed":0,"gold_gain":0,"player_choice":"Upgraded","damage_taken":0,"max_hp_gain":0,"max_hp_loss":0,"event_name":"Upgrade Shrine","floor":2,"gold_loss":0,"cards_upgraded":["Blood_Curse"]},{"damage_healed":0,"gold_gain":0,"player_choice":"Take Damage","damage_taken":20,"relics_obtained":["Golden Idol"],"max_hp_gain":0,"max_hp_loss":0,"event_name":"Golden Idol","floor":14,"gold_loss":0},{"damage_healed":0,"gold_gain":100,"player_choice":"Pray","damage_taken":0,"max_hp_gain":0,"max_hp_loss":0,"event_name":"Golden Shrine","floor":19,"gold_loss":0},{"damage_healed":0,"gold_gain":0,"player_choice":"Copied","damage_taken":0,"max_hp_gain":0,"max_hp_loss":0,"event_name":"Duplicator","floor":31,"gold_loss":0,"cards_obtained":["Summon_Undead"]}],"is_beta":false,"boss_relics":[{"not_picked":["hubris:Spice","hubris:Spice"],"picked":"energizedSpire:CursedPentagram"},{"not_picked":["ReplayTheSpireMod:DimensionalGlitch","hubris:Spice"],"picked":"energizedSpire:SpiderWeb"}],"items_purged_floors":[21,37,48],"is_endless":true,"potions_floor_spawned":[6,8,11,12,18,20,24,28,35,38],"killed_by":"Replay:Hell Engine","ascension_level":3}}