{"host":"h5golg54dem4i27y","time":1608162712,"event":{"mods":["BaseMod","Colored Map","Colored Powertips","Minty Spire (QoL Compilation)","Replay The Spire","StSLib","SuperFastMode"],"gold_per_floor":[109,5,5,15,15,44,44,56,56,88,88,163,163,163,163,265,265,278,289,289,289,44,77,77,27,54,85,85,25,36,47,47,148,148,159,159,39,58,69,69,119,145,170,16,46,0,53,69,69,69],"floor_reached":51,"playtime":2719,"items_purged":["Defend_G"],"score":1217,"play_id":"ee45b8b4-378e-4e83-8333-692cc0f508cb","local_time":"20201217085152","is_ascension_mode":true,"campfire_choices":[{"data":"Predator","floor":11.0,"key":"SMITH"},{"floor":13.0,"key":"REST"},{"data":"Neutralize","floor":15.0,"key":"SMITH"},{"floor":24.0,"key":"REST"},{"floor":28.0,"key":"REST"},{"data":"After Image","floor":32.0,"key":"SMITH"},{"data":"Caltrops","floor":40.0,"key":"SMITH"}],"circlet_count":0,"master_deck":["Strike_G","Strike_G","Strike_G","Strike_G","Defend_G","Defend_G","Defend_G","Defend_G","Survivor","Neutralize+1","Dagger Throw","Backflip","Predator+1","After Image+1","ReplayTheSpireMod:Speed Training+1","Quick Slash+1","Cloak And Dagger+1","Footwork","Eviscerate","Venomology","Eviscerate+1","Madness","Madness","Caltrops+1","Blade Dance","Prepared","Outmaneuver+1","Hidden Blade+1","Accuracy+1","White Noise+1","Cloak And Dagger+1","Dash+1"],"relics":["Ring of the Snake","NeowsBlessing","Question Card","Kunai","InkBottle","Smiling Mask","Replay:Bronze Core","Ninja Scroll","Matryoshka","Onion Ring","Potion Belt","Strawberry","Sozu","FossilizedHelix","Bag of Marbles","ReplayTheSpireMod:Ninjato","Blood Vial","PrismaticShard","Counterbalance","Red Mask","Replay:Kaleidoscope"],"acts_visited":["TheBeyond"],"potions_floor_usage":[],"damage_taken":[{"damage":0.0,"enemies":"2 Louse","floor":1.0,"turns":1.0},{"damage":0.0,"enemies":"Jaw Worm","floor":4.0,"turns":1.0},{"damage":0.0,"enemies":"3 Sentries","floor":6.0,"turns":2.0},{"damage":2.0,"enemies":"Small Slimes","floor":8.0,"turns":5.0},{"damage":7.0,"enemies":"Lagavulin","floor":10.0,"turns":5.0},{"damage":49.0,"enemies":"Hexaghost","floor":16.0,"turns":16.0},{"damage":0.0,"enemies":"Chosen","floor":18.0,"turns":6.0},{"damage":1.0,"enemies":"Shell Parasite","floor":19.0,"turns":10.0},{"damage":34.0,"enemies":"Gremlin Leader","floor":23.0,"turns":9.0},{"damage":10.0,"enemies":"Slavers","floor":27.0,"turns":9.0},{"damage":0.0,"enemies":"Sentry and Sphere","floor":30.0,"turns":8.0},{"damage":1.0,"enemies":"Shelled Parasite and Fungi","floor":31.0,"turns":7.0},{"damage":57.0,"enemies":"Champ","floor":33.0,"turns":43.0},{"damage":0.0,"enemies":"3 Darklings","floor":35.0,"turns":8.0},{"damage":8.0,"enemies":"3 Shapes","floor":38.0,"turns":2.0},{"damage":21.0,"enemies":"Maw","floor":39.0,"turns":9.0},{"damage":0.0,"enemies":"Mind Bloom Boss Battle","floor":41.0,"turns":6.0},{"damage":0.0,"enemies":"R_Hoarder","floor":42.0,"turns":8.0},{"damage":0,"enemies":"Reptomancer","floor":45,"turns":5},{"damage":15,"enemies":"2 Orb Walkers","floor":47,"turns":6},{"damage":0,"enemies":"4 Shapes","floor":48,"turns":2},{"damage":0,"enemies":"Awakened One","floor":50,"turns":11}],"seed_played":"-2432005149307177251","potions_obtained":[{"floor":1.0,"key":"Death Potion"},{"floor":8.0,"key":"BlessingOfTheForge"},{"floor":10.0,"key":"DistilledChaos"},{"floor":18.0,"key":"Milkshake"},{"floor":30.0,"key":"Adrenaline Potion"},{"floor":31.0,"key":"Poison Potion"}],"is_trial":false,"path_per_floor":["M","$","?","M","?","E","?","M","T","E","R","?","R","?","R","B",null,"M","M","?","?","$","E","R","$","T","E","R","?","M","M","R","B",null,"M","?","$","M","M","R","?","E","T","$","E","?","?","M","R_BF","B",null],"character_chosen":"THE_SILENT","items_purchased":["Backflip","PowerPotion","Ninja Scroll","Caltrops","Blade Dance","PrismaticShard"],"campfire_rested":3,"item_purchase_floors":[2,2,22,37,37,44],"current_hp_per_floor":[63,63,38,38,31,31,54,52,52,45,45,34,55,55,55,6,54,54,53,53,53,53,19,40,40,40,37,60,60,60,59,59,2,58,58,48,48,40,19,19,19,19,19,19,21,21,8,10,33,35],"gold":69,"neow_bonus":"THREE_ENEMY_KILL","is_daily":false,"chose_seed":false,"campfire_upgraded":4,"win_rate":0.0,"timestamp":1608162712,"path_taken":["M","$","?","M","?","E","?","?","T","E","R","?","R","?","R","BOSS","M","M","?","?","$","E","R","$","T","E","R","?","M","M","R","BOSS","M","?","$","M","M","R","?","E","T","$","E","?","?","M","R_BF","BOSS"],"items_purchased_type":["Card","Potion","Relic","Card","Card","Relic"],"build_version":"2020-12-13","purchased_purges":1,"victory":true,"max_hp_per_floor":[70,70,70,70,70,70,70,70,70,70,70,70,70,70,70,70,70,70,70,70,70,70,70,70,70,70,77,77,77,77,77,77,77,77,77,77,77,77,77,77,77,77,77,77,77,77,77,77,77,77],"card_choices":[{"not_picked":["Catalyst","Hidden Blade"],"picked":"Dagger Throw","floor":1.0},{"not_picked":["Prepared","ReplayTheSpireMod:Shiv Toss","Infinite Blades","Blade Dance"],"picked":"SKIP","floor":4.0},{"not_picked":["ReplayTheSpireMod:Shiv Toss","Dodge and Roll","Prepared","Poison Darts"],"picked":"SKIP","floor":6.0},{"not_picked":["Dodge and Roll","Finisher","Terror"],"picked":"Predator","floor":8.0},{"not_picked":["ReplayTheSpireMod:Speed Training","Infinite Blades","Cloak And Dagger","Backflip"],"picked":"SKIP","floor":10.0},{"not_picked":["Envenom","Burst","Bullet Time"],"picked":"After Image","floor":16.0},{"not_picked":["Poisoned Stab+1","Deflect","Backstab","Setup"],"picked":"SKIP","floor":18.0},{"not_picked":["Poisoned Stab","Concentrate","Outmaneuver"],"picked":"ReplayTheSpireMod:Speed Training+1","floor":19.0},{"not_picked":["ReplayTheSpireMod:From All Sides","Dodge and Roll","Crippling Poison"],"picked":"Quick Slash+1","floor":23.0},{"not_picked":["Bane","Backflip","Deflect"],"picked":"Cloak And Dagger+1","floor":27.0},{"not_picked":["Dagger Spray","Prepared","Bane"],"picked":"Footwork","floor":30.0},{"not_picked":["Sucker Punch","Bullet Time","Flying Knee"],"picked":"Eviscerate","floor":31.0},{"not_picked":["Die Die Die","ReplayTheSpireMod:Necrosis","Replay:Bag of Tricks"],"picked":"Venomology","floor":33.0},{"not_picked":["Choke","Acrobatics","Bane+1"],"picked":"Eviscerate+1","floor":35.0},{"not_picked":["Quick Slash","Skewer+1","Dagger Throw+1"],"picked":"Prepared","floor":38.0},{"not_picked":["Poisoned Stab","Flying Knee+1","Dagger Throw"],"picked":"Outmaneuver+1","floor":39.0},{"not_picked":["ReplayTheSpireMod:The Works+1","Reflex","Dash"],"picked":"Hidden Blade","floor":41.0},{"not_picked":["Blade Dance","Sneak Up+1","Cloak And Dagger"],"picked":"Accuracy+1","floor":42.0},{"not_picked":["Wish","Leap","Intimidate"],"picked":"White Noise+1","floor":45},{"not_picked":["Dagger Throw","WreathOfFlame","Acrobatics"],"picked":"Cloak And Dagger+1","floor":47},{"not_picked":["Amplify","All Out Attack","ReplayTheSpireMod:Uncanny Aura+1"],"picked":"Dash+1","floor":48}],"player_experience":610869,"relics_obtained":[{"floor":6.0,"key":"Kunai"},{"floor":9.0,"key":"InkBottle"},{"floor":10.0,"key":"Smiling Mask"},{"floor":23.0,"key":"Matryoshka"},{"floor":26.0,"key":"Onion Ring"},{"floor":26.0,"key":"Potion Belt"},{"floor":27.0,"key":"Strawberry"},{"floor":41.0,"key":"FossilizedHelix"},{"floor":42.0,"key":"Bag of Marbles"},{"floor":43.0,"key":"ReplayTheSpireMod:Ninjato"},{"floor":43.0,"key":"Blood Vial"},{"floor":45,"key":"Counterbalance"},{"floor":47,"key":"Replay:Kaleidoscope"}],"event_choices":[{"damage_healed":0.0,"max_hp_gain":0.0,"max_hp_loss":0.0,"gold_gain":0.0,"event_name":"Scrap Ooze","player_choice":"Success","floor":3.0,"gold_loss":0.0,"damage_taken":25.0,"relics_obtained":["Question Card"]},{"cards_removed":["Strike_G"],"damage_healed":0.0,"max_hp_gain":0.0,"max_hp_loss":0.0,"gold_gain":0.0,"event_name":"Golden Wing","player_choice":"Card Removal","floor":5.0,"gold_loss":0.0,"damage_taken":7.0},{"damage_healed":23.0,"max_hp_gain":0.0,"max_hp_loss":0.0,"gold_gain":0.0,"event_name":"Big Fish","player_choice":"Banana","floor":7.0,"gold_loss":0.0,"damage_taken":0.0},{"damage_healed":0.0,"max_hp_gain":0.0,"max_hp_loss":0.0,"gold_gain":75.0,"event_name":"World of Goop","player_choice":"Gather Gold","floor":12.0,"gold_loss":0.0,"damage_taken":11.0},{"damage_healed":0.0,"max_hp_gain":0.0,"max_hp_loss":0.0,"gold_gain":0.0,"event_name":"Liars Game","player_choice":"Ignored","floor":14.0,"gold_loss":0.0,"damage_taken":0.0},{"damage_healed":0.0,"max_hp_gain":0.0,"max_hp_loss":0.0,"gold_gain":0.0,"event_name":"Vampires","player_choice":"Ignored","floor":20.0,"gold_loss":0.0,"damage_taken":0.0},{"damage_healed":0.0,"max_hp_gain":0.0,"max_hp_loss":0.0,"gold_gain":0.0,"event_name":"Ghosts","player_choice":"Ignored","floor":21.0,"gold_loss":0.0,"damage_taken":0.0},{"damage_healed":0.0,"max_hp_gain":0.0,"max_hp_loss":0.0,"gold_gain":0.0,"event_name":"Winding Halls","player_choice":"Embrace Madness","floor":36.0,"gold_loss":0.0,"damage_taken":10.0,"cards_obtained":["Madness","Madness"]},{"damage_healed":0.0,"max_hp_gain":0.0,"max_hp_loss":0.0,"gold_gain":0.0,"event_name":"MindBloom","player_choice":"Fight","floor":41.0,"gold_loss":0.0,"damage_taken":0.0},{"damage_healed":0,"gold_gain":0,"player_choice":"Paid","damage_taken":0,"relics_obtained":["Red Mask"],"max_hp_gain":0,"max_hp_loss":0,"event_name":"Tomb of Lord Red Mask","floor":46,"gold_loss":46},{"damage_healed":0,"gold_gain":0,"player_choice":"Fight","damage_taken":0,"max_hp_gain":0,"max_hp_loss":0,"event_name":"Mysterious Sphere","floor":47,"gold_loss":0}],"is_beta":false,"boss_relics":[{"not_picked":["Replay:Ancient Bell","Abe\u0027s Treasure"],"picked":"Replay:Bronze Core"},{"not_picked":["WristBlade","Runic Pyramid"],"picked":"Sozu"}],"items_purged_floors":[25],"is_endless":false,"potions_floor_spawned":[1,8,10,18,30,31,39,45,48],"ascension_level":9}}