{"host":"llpusn9usp8rznkj","time":1608141580,"event":{"mods":["2.2 Compatiblity","BaseMod","Colored Map","Colored Powertips","Conspire","Downfall","Hubris","Minty Spire (QoL Compilation)","Rare Cards Sparkle","Replay The Spire","StSLib","The Cursed"],"gold_per_floor":[113,113,113,131,147,181,181,207,207,207,207],"floor_reached":10,"playtime":435,"items_purged":[],"score":152,"play_id":"bc6721b0-6313-4da8-a487-17b3ff9c950c","local_time":"20201216125940","is_ascension_mode":true,"campfire_choices":[{"floor":7.0,"key":"REST"}],"circlet_count":0,"master_deck":["Strike_G","Strike_G","Strike_G","Strike_G","Strike_G","Defend_G","Defend_G","Defend_G","Defend_G","Defend_G","Survivor","Neutralize","Mayhem","Tactician","Calculated Gamble","Backflip","ReplayTheSpireMod:Scrap Shanks"],"relics":["Ring of the Snake","conspire:DecoderRing","Nunchaku","Golden Egg","hubris:GlazedTorus"],"acts_visited":["Exordium"],"potions_floor_usage":[],"damage_taken":[{"damage":2.0,"enemies":"2 Louse","floor":1.0,"turns":5.0},{"damage":0.0,"enemies":"Cultist","floor":4.0,"turns":3.0},{"damage":13.0,"enemies":"Jaw Worm","floor":5.0,"turns":7.0},{"damage":5.0,"enemies":"3 Sentries","floor":6.0,"turns":4.0},{"damage":12.0,"enemies":"Lagavulin","floor":8.0,"turns":7.0},{"damage":33,"enemies":"Gremlin Nob","floor":10,"turns":3}],"seed_played":"3512855854326367710","potions_obtained":[{"floor":1.0,"key":"PowerPotion"},{"floor":4.0,"key":"Weak Potion"}],"is_trial":false,"path_per_floor":["M","?","?","M","M","E","R","E","T","E"],"character_chosen":"THE_SILENT","items_purchased":[],"campfire_rested":1,"item_purchase_floors":[],"current_hp_per_floor":[42,42,42,42,29,24,43,31,31,0,0],"gold":207,"neow_bonus":"RANDOM_COLORLESS_2","is_daily":false,"chose_seed":false,"campfire_upgraded":0,"win_rate":0.0,"timestamp":1608141580,"path_taken":["M","?","?","M","?","E","R","E","T","E"],"items_purchased_type":[],"build_version":"2020-12-13","purchased_purges":0,"victory":false,"max_hp_per_floor":[66,66,66,66,66,66,66,66,66,66,66],"card_choices":[{"not_picked":["Crow Ritual","hubris:EnhanceAbility"],"picked":"Mayhem","floor":0.0},{"not_picked":["Bane","Cloak And Dagger"],"picked":"Tactician","floor":1.0},{"not_picked":["Dodge and Roll","Underhanded Strike"],"picked":"Calculated Gamble","floor":4.0},{"not_picked":["Choke","Sucker Punch"],"picked":"Backflip","floor":5.0},{"not_picked":["Catalyst","Dodge and Roll"],"picked":"ReplayTheSpireMod:Scrap Shanks","floor":6.0},{"not_picked":["Heel Hook","Malaise","Deflect"],"picked":"SKIP","floor":8.0}],"player_experience":981789,"relics_obtained":[{"floor":6.0,"key":"Nunchaku"},{"floor":8.0,"key":"Golden Egg"},{"floor":9.0,"key":"hubris:GlazedTorus"}],"event_choices":[{"damage_healed":0.0,"max_hp_gain":0.0,"max_hp_loss":0.0,"gold_gain":0.0,"event_name":"WeMeetAgain","player_choice":"Gave Potion","floor":3.0,"gold_loss":0.0,"damage_taken":0.0,"relics_obtained":["conspire:DecoderRing"]}],"is_beta":false,"boss_relics":[],"items_purged_floors":[],"is_endless":false,"potions_floor_spawned":[1,4],"killed_by":"Gremlin Nob","ascension_level":20}}