{"host":"ssviq0y9yg8c9gbe","time":1608156826,"event":{"mods":["AchievementEnabler","Act Like it!","BaseMod","Colored Map","Colored Powertips","Downfall","Hallownest","Highlight Path","Hubris","Minty Spire (QoL Compilation)","Replay The Spire","StSLib"],"gold_per_floor":[99,99,199,212,245,245,245,230,257,257,276,111,127,141,156,254,254,179,191,191,191,191,191,191,41,41,41],"floor_reached":26,"playtime":2099,"items_purged":[],"score":237,"play_id":"a4e433b7-f0c1-44ac-add8-8c056a6efcb5","local_time":"20201216171346","is_ascension_mode":false,"campfire_choices":[{"floor":1,"key":"DIG"},{"floor":10,"key":"REST"},{"floor":18,"key":"DIG"},{"floor":20,"key":"RECALL"},{"floor":25,"key":"REST"}],"circlet_count":0,"master_deck":["Guardian:Strike_Guardian","Guardian:Strike_Guardian","Guardian:Strike_Guardian","Guardian:Strike_Guardian","Guardian:Defend_Guardian","Guardian:Defend_Guardian","Guardian:Defend_Guardian","Guardian:Defend_Guardian+1","Guardian:CurlUp","Guardian:TwinSlam","Guardian:Suspension","Guardian:PiercingHide","Guardian:Recover","Guardian:TemporalStrike","Guardian:Planning","Guardian:BaubleBeam","Guardian:RollAttack+1"],"relics":["Guardian:ModeShifter","ReplayFunnel","hubris:Towel","hubris:OldNail","Shuriken","Lantern","Gremlin Food","downfall:HeartBlessingGreen","Pondfish Scales","hubris:Icosahedron","downfall:HeartBlessingBlue","downfall:HeartBlessingRed"],"acts_visited":["Exordium","TheCity"],"potions_floor_usage":[16,16,16,26,26],"damage_taken":[{"damage":4,"enemies":"Jaw Worm","floor":4,"turns":5},{"damage":27,"enemies":"Replay:BlueRogue","floor":5,"turns":9},{"damage":4,"enemies":"downfall:FleeingMerchant","floor":8,"turns":4},{"damage":38,"enemies":"3 Sentries","floor":9,"turns":18},{"damage":8,"enemies":"Small Slimes","floor":11,"turns":3},{"damage":0,"enemies":"downfall:FleeingMerchant","floor":12,"turns":4},{"damage":0,"enemies":"2 Louse","floor":13,"turns":3},{"damage":4,"enemies":"Blue Slaver","floor":14,"turns":5},{"damage":1,"enemies":"2 Fungi Beasts","floor":15,"turns":3},{"damage":25,"enemies":"downfall:Ironclad","floor":16,"turns":14},{"damage":4,"enemies":"Shell Parasite","floor":19,"turns":8},{"damage":107,"enemies":"Gremlin Leader","floor":26,"turns":8}],"seed_played":"319912668789931188","potions_obtained":[{"floor":9,"key":"Explosive Potion"},{"floor":13,"key":"Energy Potion"},{"floor":14,"key":"Swift Potion"},{"floor":16,"key":"Block Potion"},{"floor":19,"key":"DistilledChaos"}],"is_trial":false,"path_per_floor":["R_BF","?","?","M","E","?","T","$","E","R","M","$","M","M","M","B",null,"R_BF","M","R","?","?","?","T","R","E"],"character_chosen":"GUARDIAN","items_purchased":["Gremlin Food"],"campfire_rested":2,"item_purchase_floors":[12],"current_hp_per_floor":[88,88,88,84,57,57,57,53,15,41,33,33,33,29,28,3,88,88,84,84,67,67,67,67,103,0,0],"gold":41,"neow_bonus":"TEN_PERCENT_HP_BONUS","is_daily":false,"chose_seed":false,"campfire_upgraded":0,"win_rate":0.0,"timestamp":1608156826,"path_taken":["R_BF","?","?","M","E","?","T","?","E","R","?","$","M","M","M","BOSS","R_BF","M","R","?","?","?","T","R","E"],"items_purchased_type":["Relic"],"build_version":"2020-12-13","purchased_purges":0,"victory":false,"max_hp_per_floor":[88,88,88,88,88,88,88,88,88,88,88,88,88,88,88,88,88,88,88,88,93,93,93,93,103,103,103],"card_choices":[{"not_picked":["Guardian:Recover","Guardian:Gem_Synthetic"],"picked":"Guardian:Gem_Red","floor":4},{"not_picked":["Guardian:SphericShield","Guardian:RollAttack"],"picked":"Guardian:Suspension","floor":5},{"not_picked":["Guardian:Suspension","Guardian:TemporalShield"],"picked":"Guardian:Gem_Cyan","floor":8},{"not_picked":["Guardian:Suspension","Guardian:Gem_Blue"],"picked":"Guardian:PiercingHide","floor":9},{"not_picked":["Guardian:Gem_Fragmented","Guardian:Gem_Cyan"],"picked":"Guardian:Recover","floor":11},{"not_picked":["Guardian:RollAttack","Guardian:PiercingHide"],"picked":"Guardian:Gem_Orange","floor":12},{"not_picked":["Guardian:TimeCapacitor","Guardian:Gem_Cyan"],"picked":"Guardian:TemporalStrike","floor":13},{"not_picked":["Guardian:GuardianWhirl","Guardian:Gem_Lightblue"],"picked":"Guardian:Planning","floor":14},{"not_picked":["Guardian:BaubleBeam","Guardian:PrismaticBarrier"],"picked":"Guardian:Gem_Red","floor":15},{"not_picked":["Guardian:StasisField","Guardian:Gem_Synthetic"],"picked":"Guardian:BaubleBeam","floor":16},{"not_picked":["Guardian:Harden","Guardian:WalkerClaw"],"picked":"Guardian:RollAttack+1","floor":19}],"player_experience":115339,"relics_obtained":[{"floor":1,"key":"ReplayFunnel"},{"floor":5,"key":"hubris:OldNail"},{"floor":7,"key":"Shuriken"},{"floor":9,"key":"Lantern"},{"floor":18,"key":"Pondfish Scales"}],"event_choices":[],"is_beta":false,"boss_relics":[{"not_picked":["hubris:TerracottaHorce","hubris:BlackHole","Fusion Hammer"]}],"items_purged_floors":[],"is_endless":false,"potions_floor_spawned":[9,13,14,15,16,19],"killed_by":"Gremlin Leader","ascension_level":0}}