{"host":"an6uhul3yec8m0jh","time":1608092980,"event":{"mods":["Act Like it!","BaseMod","Colored Map","Colored Powertips","Gensokyo","Highlight Path","Minty Spire (QoL Compilation)","Quick Restart","StSLib","Waifu the Spire","noobMod"],"gold_per_floor":[115,115,129,129,29,29,56,56,56,88,106,135,185,220,220,319,319,332,332,350,0,12,12,45,45,98,98,98,124,144,244,244,342,342,354,41,58,68,68,68,103,120,120,138,170,170,183,183,183,183],"floor_reached":51,"playtime":2538,"items_purged":["Strike_G"],"score":1198,"play_id":"a8251f4c-9bb4-485d-bdae-ef105b727170","local_time":"20201216122940","is_ascension_mode":true,"campfire_choices":[{"data":"Gensokyo:CrescentMoonSlash","floor":6.0,"key":"SMITH"},{"data":"Blade Dance","floor":8.0,"key":"SMITH"},{"data":"Noxious Fumes","floor":15.0,"key":"SMITH"},{"data":"Acrobatics","floor":23.0,"key":"SMITH"},{"data":"Calculated Gamble","floor":25.0,"key":"SMITH"},{"floor":27.0,"key":"REST"},{"data":"Accuracy","floor":32.0,"key":"SMITH"},{"data":"Tactician","floor":40.0,"key":"SMITH"},{"data":"Reflex","floor":46.0,"key":"SMITH"},{"data":"Wraith Form v2","floor":49.0,"key":"SMITH"}],"circlet_count":0,"master_deck":["Strike_G","Strike_G","Strike_G","Strike_G","Defend_G","Defend_G","Defend_G+1","Defend_G","Defend_G","Survivor+1","Neutralize+1","Gensokyo:CrescentMoonSlash+1","Noxious Fumes+1","Blade Dance+1","Calculated Gamble+1","After Image+1","Acrobatics+1","Blade Dance+1","Acrobatics+1","Storm of Steel","Accuracy+1","After Image","Reflex+1","Concentrate+1","Tactician+1","Wraith Form v2+1"],"relics":["Ring of the Snake","ice","NeowsBlessing","Shuriken","Molten Egg 2","White Beast Statue","Matryoshka","Vajra","MealTicket","Art of War","Ancient Tea Set","Bottled Tornado","WristBlade","Mummified Hand","Bag of Marbles","Toy Ornithopter","Ornamental Fan","Turnip","Unceasing Top","Coffee Dripper","Letter Opener","Strawberry","Bag of Preparation"],"acts_visited":["Gensokyo:Gensokyo","Gensokyo:Gensokyoer","TheBeyond"],"potions_floor_usage":[50],"damage_taken":[{"damage":0.0,"enemies":"Gensokyo:Gryphon","floor":1.0,"turns":1.0},{"damage":0.0,"enemies":"Gensokyo:Python","floor":3.0,"turns":1.0},{"damage":0.0,"enemies":"Gensokyo:Mamizou","floor":7.0,"turns":2.0},{"damage":13.0,"enemies":"Gensokyo:Cirno","floor":10.0,"turns":6.0},{"damage":0.0,"enemies":"Gensokyo:3_Fairies","floor":11.0,"turns":3.0},{"damage":6.0,"enemies":"Gensokyo:Aya","floor":12.0,"turns":3.0},{"damage":10.0,"enemies":"Gensokyo:Mamizou","floor":14.0,"turns":5.0},{"damage":12.0,"enemies":"Gensokyo:Reimu","floor":16.0,"turns":4.0},{"damage":0.0,"enemies":"Gensokyo:2_Gloops","floor":18.0,"turns":4.0},{"damage":23.0,"enemies":"Gensokyo:3_Dogs","floor":20.0,"turns":4.0},{"damage":6.0,"enemies":"Gensokyo:Chomper_and_Gloop","floor":22.0,"turns":4.0},{"damage":0.0,"enemies":"Gensokyo:Reisen","floor":24.0,"turns":3.0},{"damage":0.0,"enemies":"Gensokyo:Tenshi","floor":29.0,"turns":1.0},{"damage":0.0,"enemies":"Gensokyo:3_Gloops","floor":30.0,"turns":2.0},{"damage":0.0,"enemies":"Gensokyo:3_Gloops","floor":31.0,"turns":3.0},{"damage":5.0,"enemies":"Gensokyo:Eternal_Rivals","floor":33.0,"turns":8.0},{"damage":0.0,"enemies":"3 Darklings","floor":35.0,"turns":2.0},{"damage":0.0,"enemies":"3 Shapes","floor":37.0,"turns":2.0},{"damage":0.0,"enemies":"Jaw Worm Horde","floor":38.0,"turns":2.0},{"damage":0.0,"enemies":"Reptomancer","floor":41.0,"turns":2.0},{"damage":5.0,"enemies":"4 Shapes","floor":42.0,"turns":3.0},{"damage":0.0,"enemies":"Sphere and 2 Shapes","floor":44.0,"turns":1.0},{"damage":0.0,"enemies":"Giant Head","floor":45.0,"turns":3.0},{"damage":0.0,"enemies":"Spire Growth","floor":47.0,"turns":3.0},{"damage":31,"enemies":"Time Eater","floor":50,"turns":7}],"seed_played":"-2812165371904843024","potions_obtained":[{"floor":3.0,"key":"Ancient Potion"},{"floor":10.0,"key":"Dexterity Potion"},{"floor":11.0,"key":"SkillPotion"},{"floor":12.0,"key":"CunningPotion"},{"floor":16.0,"key":"LiquidMemories"},{"floor":18.0,"key":"Weak Potion"},{"floor":20.0,"key":"DistilledChaos"},{"floor":24.0,"key":"Swift Potion"},{"floor":31.0,"key":"GhostInAJar"},{"floor":38.0,"key":"ColorlessPotion"}],"is_trial":false,"path_per_floor":["M","?","M","T","?","R","E","R","T","E","M","E","T","E","R","B",null,"M","?","M","?","M","R","E","R","T","R","?","E","M","?","R","B",null,"M","$","M","M","?","R","E","M","T","M","E","R","M","?","R","B",null],"character_chosen":"THE_SILENT","items_purchased":["Letter Opener"],"campfire_rested":1,"item_purchase_floors":[36],"current_hp_per_floor":[63,56,56,56,56,56,56,56,56,43,43,37,37,27,27,15,56,56,56,33,33,27,27,27,27,27,48,48,48,48,53,53,48,65,65,70,70,70,70,70,77,72,72,72,72,72,72,72,72,46],"gold":183,"neow_bonus":"THREE_ENEMY_KILL","is_daily":false,"chose_seed":false,"campfire_upgraded":9,"win_rate":0.0,"timestamp":1608092980,"path_taken":["M","?","M","?","?","R","E","R","T","E","M","E","?","E","R","BOSS","M","?","M","?","?","R","E","R","T","R","?","E","M","?","R","BOSS","M","$","?","M","?","R","E","M","T","?","E","R","M","?","R","BOSS"],"items_purchased_type":["Relic"],"build_version":"2020-12-13","purchased_purges":1,"victory":true,"max_hp_per_floor":[70,70,70,70,70,70,70,70,70,70,70,70,70,70,70,70,70,70,70,70,70,70,70,70,70,70,70,70,70,70,70,70,70,70,70,70,70,70,70,70,77,77,77,77,77,77,77,77,77,77],"card_choices":[{"not_picked":["Deadly Poison","Poisoned Stab","Sucker Punch"],"picked":"SKIP","floor":1.0},{"not_picked":["PiercingWail","Well Laid Plans"],"picked":"Noxious Fumes","floor":3.0},{"not_picked":["Sucker Punch+1","PiercingWail"],"picked":"Blade Dance","floor":7.0},{"not_picked":["Sucker Punch+1","Dodge and Roll","Slice+1"],"picked":"SKIP","floor":10.0},{"not_picked":["Setup","Dagger Spray+1","Poisoned Stab+1"],"picked":"SKIP","floor":11.0},{"not_picked":["Terror","Deadly Poison"],"picked":"Calculated Gamble","floor":12.0},{"not_picked":["Slice+1","Doppelganger"],"picked":"Escape Plan","floor":14.0},{"not_picked":["Venomology","Doppelganger"],"picked":"After Image","floor":16.0},{"not_picked":["Dagger Throw+1","Deflect","Distraction"],"picked":"SKIP","floor":18.0},{"not_picked":["Predator+1","Dash+1"],"picked":"Acrobatics","floor":20.0},{"not_picked":["Acrobatics","Bane+1"],"picked":"Blade Dance+1","floor":22.0},{"not_picked":["Dagger Spray+1","Deadly Poison+1"],"picked":"Acrobatics+1","floor":24.0},{"not_picked":["Dodge and Roll","Well Laid Plans","PiercingWail"],"picked":"SKIP","floor":29.0},{"not_picked":["Deadly Poison","PiercingWail+1"],"picked":"Accuracy","floor":30.0},{"not_picked":["Night Terror","Unload+1"],"picked":"After Image","floor":33.0},{"not_picked":["Sucker Punch+1","Outmaneuver"],"picked":"Reflex","floor":35.0},{"not_picked":["Quick Slash+1","Sucker Punch+1","Heel Hook+1"],"picked":"SKIP","floor":37.0},{"not_picked":["Riddle With Holes+1","Outmaneuver"],"picked":"Concentrate+1","floor":38.0},{"not_picked":["All Out Attack+1","Outmaneuver+1","Choke+1"],"picked":"SKIP","floor":41.0},{"not_picked":["Dodge and Roll","Acrobatics","Heel Hook+1"],"picked":"SKIP","floor":42.0},{"not_picked":["Acrobatics+1","Leg Sweep+1"],"picked":"Wraith Form v2","floor":44.0},{"not_picked":["All Out Attack+1","Underhanded Strike+1","Dagger Throw+1"],"picked":"SKIP","floor":45.0},{"not_picked":["Deadly Poison","Quick Slash+1","Dodge and Roll"],"picked":"SKIP","floor":47.0}],"player_experience":174476,"relics_obtained":[{"floor":4.0,"key":"Shuriken"},{"floor":7.0,"key":"White Beast Statue"},{"floor":9.0,"key":"Matryoshka"},{"floor":10.0,"key":"Vajra"},{"floor":12.0,"key":"MealTicket"},{"floor":13.0,"key":"Art of War"},{"floor":13.0,"key":"Ancient Tea Set"},{"floor":14.0,"key":"Bottled Tornado"},{"floor":24.0,"key":"Mummified Hand"},{"floor":26.0,"key":"Bag of Marbles"},{"floor":26.0,"key":"Toy Ornithopter"},{"floor":29.0,"key":"Ornamental Fan"},{"floor":31.0,"key":"Turnip"},{"floor":31.0,"key":"Unceasing Top"},{"floor":41.0,"key":"Strawberry"},{"floor":45.0,"key":"Bag of Preparation"}],"event_choices":[{"damage_healed":0.0,"max_hp_gain":0.0,"max_hp_loss":0.0,"gold_gain":0.0,"event_name":"Match and Keep!","player_choice":"1 cards matched","floor":39.0,"gold_loss":0.0,"damage_taken":0.0,"cards_obtained":["Tactician"]},{"damage_healed":0.0,"max_hp_gain":0.0,"max_hp_loss":0.0,"gold_gain":0.0,"event_name":"Tomb of Lord Red Mask","player_choice":"Ignored","floor":48.0,"gold_loss":0.0,"damage_taken":0.0}],"is_beta":false,"boss_relics":[{"not_picked":["Velvet Choker","Busted Crown"],"picked":"WristBlade"},{"not_picked":["Fusion Hammer","Calling Bell"],"picked":"Coffee Dripper"}],"items_purged_floors":[36],"is_endless":false,"potions_floor_spawned":[3,10,11,12,14,16,18,20,22,24,29,30,31,33,35,37,38,41,42,44,45,47],"ascension_level":7}}