{"host":"wxm9nhpxzwflah6x","time":1608105935,"event":{"mods":["2.2 Compatiblity","AchievementEnabler","BaseMod","Bestiary","Better Third Choice","Curses Come First","Minty Spire (QoL Compilation)","Quick Restart","Rare Cards Sparkle","Replay The Spire","StSLib","The Blue Laboratory"],"gold_per_floor":[116,66,86,103,119,144,144,175,198,198,198,212,231,331,331,436,436,455,469,486,486,486,486],"floor_reached":22,"playtime":1171,"items_purged":[],"score":228,"play_id":"ae0970f5-7c9d-441f-b191-004aabfa7fb3","local_time":"20201216000535","is_ascension_mode":true,"campfire_choices":[{"floor":7,"key":"REST"},{"floor":11,"key":"REST"},{"floor":15,"key":"REST"}],"circlet_count":0,"master_deck":["Strike_B","Strike_B","Defend_B","Defend_B","Defend_B","Defend_B","Zap","Dualcast","Multi-Cast","ReplayGash","Gash","Skim","Chill","ReplayTheSpireMod:Calculation Training","Steam Power","Hello World","Double Energy","ReplayTheSpireMod:Omega Cannon","Seek"],"relics":["Cracked Core","Shovel","Lantern","Bag of Marbles","Empty Cage"],"acts_visited":["Exordium","TheCity"],"potions_floor_usage":[16,16,16,19],"damage_taken":[{"damage":1,"enemies":"Cultist","floor":1,"turns":4},{"damage":7,"enemies":"2 Louse","floor":3,"turns":2},{"damage":13,"enemies":"Jaw Worm","floor":4,"turns":5},{"damage":2,"enemies":"2 Fungi Beasts","floor":5,"turns":4},{"damage":24,"enemies":"3 Sentries","floor":6,"turns":10},{"damage":34,"enemies":"Lagavulin","floor":8,"turns":7},{"damage":5,"enemies":"Exordium Wildlife","floor":12,"turns":3},{"damage":3,"enemies":"Looter","floor":13,"turns":3},{"damage":39,"enemies":"Slime Boss","floor":16,"turns":13},{"damage":0,"enemies":"3 Byrds","floor":18,"turns":3},{"damage":27,"enemies":"Spheric Guardian","floor":19,"turns":4},{"damage":32,"enemies":"Centurion and Healer","floor":20,"turns":8},{"damage":23,"enemies":"Snecko","floor":22,"turns":3}],"seed_played":"-4905404479635356931","potions_obtained":[{"floor":3,"key":"blueLaboratory:HorrorPotion"},{"floor":5,"key":"blueLaboratory:RelayPotion"},{"floor":6,"key":"Elixir"},{"floor":16,"key":"Regen Potion"},{"floor":18,"key":"SteroidPotion"}],"is_trial":false,"path_per_floor":["M","$","M","M","M","E","R","E","T","?","R","M","M","?","R","B",null,"M","M","M","?","M"],"character_chosen":"DEFECT","items_purchased":["Gash"],"campfire_rested":3,"item_purchase_floors":[2],"current_hp_per_floor":[74,74,67,54,52,28,50,16,16,16,38,33,30,30,52,13,75,75,53,21,21,0,0],"gold":486,"neow_bonus":"ONE_RANDOM_RARE_CARD","is_daily":false,"chose_seed":false,"campfire_upgraded":0,"win_rate":0.0,"timestamp":1608105935,"path_taken":["M","$","?","M","M","E","R","E","T","?","R","M","M","?","R","BOSS","M","?","M","?","M"],"items_purchased_type":["Card"],"build_version":"2020-12-13","purchased_purges":0,"victory":false,"max_hp_per_floor":[75,75,75,75,75,75,75,75,75,75,75,75,75,75,75,75,75,75,75,75,75,75,75],"card_choices":[{"not_picked":["Sweeping Beam","Panic Button"],"picked":"ReplayGash","floor":1},{"not_picked":["Darkness","Reprogram"],"picked":"Skim","floor":3},{"not_picked":["Steam","Leap"],"picked":"Chill","floor":4},{"not_picked":["Leap","FIFO Queue","Redo"],"picked":"SKIP","floor":5},{"not_picked":["Leap","Amplify"],"picked":"ReplayTheSpireMod:Calculation Training","floor":6},{"not_picked":["Ball Lightning","Lockon"],"picked":"Steam Power","floor":8},{"not_picked":["Ball Lightning","Force Field"],"picked":"Hello World","floor":12},{"not_picked":["Recycle","Panic Button"],"picked":"Double Energy","floor":13},{"not_picked":["Fission","Meteor Strike"],"picked":"ReplayTheSpireMod:Omega Cannon","floor":16},{"not_picked":["Go for the Eyes","Sweeping Beam+1","Barrage"],"picked":"SKIP","floor":18},{"not_picked":["Lockon","Coolheaded+1","BasicCrystalCard"],"picked":"SKIP","floor":19},{"not_picked":["ReplaySolidLightProjector+1","Hologram"],"picked":"Seek","floor":20}],"player_experience":212930,"relics_obtained":[{"floor":6,"key":"Shovel"},{"floor":8,"key":"Lantern"},{"floor":9,"key":"Bag of Marbles"}],"event_choices":[{"damage_healed":0,"gold_gain":0,"player_choice":"LEAVE","damage_taken":0,"max_hp_gain":0,"max_hp_loss":0,"event_name":"betterThird:BetterScrap","floor":10,"gold_loss":0,"cards_obtained":["Bouncing Flask"]},{"damage_healed":0,"gold_gain":100,"player_choice":"Gold","damage_taken":0,"max_hp_gain":0,"max_hp_loss":0,"event_name":"Wheel of Change","floor":14,"gold_loss":0},{"damage_healed":0,"gold_gain":0,"player_choice":"Ignored","damage_taken":0,"max_hp_gain":0,"max_hp_loss":0,"event_name":"Ghosts","floor":21,"gold_loss":0}],"is_beta":false,"boss_relics":[{"not_picked":["Replay:Drink Me","Replay:Bronze Core"],"picked":"Empty Cage"}],"items_purged_floors":[],"is_endless":false,"potions_floor_spawned":[3,5,6,16,18],"killed_by":"Snecko","ascension_level":3}}