{"host":"rhvnggv2pwqsaug0","time":1608133559,"event":{"mods":["BaseMod","Minty Spire (QoL Compilation)","Replay The Spire","StSLib"],"gold_per_floor":[116,116,116,116,140,140,181,200,250,281,306,322,348,423,423,543,543,568,568,568,197,197,238,138,138,219,219,233,271,291,206,206,337,337,350,413,413,429,445,445,478,478,478,35,68,86,86,130,130,130],"floor_reached":51,"playtime":2035,"items_purged":["Defend_B","Defend_B"],"score":1022,"play_id":"8448c527-4160-4316-bf14-3170856dd6d4","local_time":"20201216234559","is_ascension_mode":true,"campfire_choices":[{"data":"Glacier","floor":6,"key":"SMITH"},{"data":"Self Repair","floor":15,"key":"SMITH"},{"data":"Tempest","floor":25,"key":"SMITH"},{"data":"Barrage","floor":27,"key":"SMITH"},{"floor":32,"key":"RECALL"},{"data":"Redo","floor":40,"key":"SMITH"},{"data":"Capacitor","floor":40,"key":"SMITH"},{"data":"Hello World","floor":42,"key":"SMITH"},{"data":"Dualcast","floor":42,"key":"SMITH"},{"data":"ReplayTheSpireMod:Calculation Training","floor":47,"key":"SMITH"},{"data":"ReplayRNGCard","floor":47,"key":"SMITH"},{"data":"Pot Of Greed","floor":49,"key":"SMITH"},{"data":"Cold Snap","floor":49,"key":"SMITH"}],"circlet_count":0,"master_deck":["Defend_B","Defend_B+1","Zap+1","Dualcast+1","Go for the Eyes+1","Glacier+1","Cold Snap+1","Panic Button+1","Self Repair+1","Capacitor+1","Pot Of Greed+1","Pot Of Greed+1","Barrage+1","Bite+1","Bite+1","Bite+1","Bite+1","Bite+1","Tempest+1","Pot Of Greed+1","Redo+1","Electrodynamics+1","Go for the Eyes+1","Ball Lightning+1","Consume+1","Redo+1","Hello World+1","ReplayRNGCard+1","ReplayTheSpireMod:Calculation Training+1","Defragment+1"],"relics":["Cracked Core","NeowsBlessing","Golden Idol","DataDisk","Strawberry","Onion Ring","Grinning Jar","Nuclear Battery","Runic Capacitor","Bag of Preparation","Regal Pillow","Bottled Tornado","Bronze Scales","Incense Burner","Honey Jar","Replay:Arrowhead","ReplayFunnel","Replay:Bottled Eggs","Guide Book","War Paint","Replay:Rubber Ducky","Gremlin Food","Replay:PocketPolymizer"],"acts_visited":["Exordium","TheCity","TheBeyond"],"potions_floor_usage":[10,12,16,16,33,36,39,45,50],"damage_taken":[{"damage":0,"enemies":"Small Slimes","floor":1,"turns":1},{"damage":0,"enemies":"2 Louse","floor":5,"turns":1},{"damage":0,"enemies":"Gremlin Nob","floor":7,"turns":1},{"damage":1,"enemies":"Cultist","floor":8,"turns":3},{"damage":0,"enemies":"3 Sentries","floor":10,"turns":11},{"damage":2,"enemies":"Exordium Wildlife","floor":11,"turns":4},{"damage":0,"enemies":"Looter","floor":12,"turns":2},{"damage":0,"enemies":"The Guardian","floor":16,"turns":11},{"damage":10,"enemies":"3 Byrds","floor":18,"turns":7},{"damage":36,"enemies":"Slavers","floor":23,"turns":8},{"damage":0,"enemies":"Shell Parasite","floor":28,"turns":3},{"damage":8,"enemies":"Book of Stabbing","floor":29,"turns":5},{"damage":6,"enemies":"3 Cultists","floor":30,"turns":6},{"damage":9,"enemies":"Automaton","floor":33,"turns":9},{"damage":0,"enemies":"Orb Walker","floor":35,"turns":2},{"damage":43,"enemies":"2 Orb Walkers","floor":36,"turns":5},{"damage":0,"enemies":"3 Shapes","floor":38,"turns":2},{"damage":15,"enemies":"Writhing Mass","floor":39,"turns":5},{"damage":8,"enemies":"R_Hoarder","floor":41,"turns":6},{"damage":15,"enemies":"Reptomancer","floor":45,"turns":4},{"damage":5,"enemies":"Jaw Worm Horde","floor":46,"turns":3},{"damage":0,"enemies":"Giant Head","floor":48,"turns":6},{"damage":13,"enemies":"Time Eater","floor":50,"turns":10}],"seed_played":"515986733935748267","potions_obtained":[{"floor":7,"key":"FocusPotion"},{"floor":8,"key":"LifebloodPotion"},{"floor":10,"key":"AttackPotion"},{"floor":11,"key":"Flashbang"},{"floor":23,"key":"LiquidMemories"},{"floor":30,"key":"Elixir"},{"floor":35,"key":"Dexterity Potion"},{"floor":38,"key":"ColorlessPotion"},{"floor":41,"key":"Regen Potion"},{"floor":48,"key":"Venom Potion"}],"is_trial":false,"path_per_floor":["M","?","?","?","M","R","E","M","T","E","M","M","T","?","R","B",null,"M","?","?","$","?","E","$","R","T","R","M","E","M","?","R","B",null,"M","?","?","M","M","R","E","R","T","$","E","M","R","E","R","B",null],"character_chosen":"DEFECT","items_purchased":["Runic Capacitor","Bag of Preparation","Guide Book","War Paint","Replay:Rubber Ducky"],"campfire_rested":0,"item_purchase_floors":[21,21,44,44,44],"current_hp_per_floor":[75,60,60,60,60,60,60,59,66,66,64,64,64,53,53,63,82,82,82,57,57,67,59,59,59,59,59,63,67,67,67,67,67,67,67,38,38,50,57,57,67,67,67,67,66,67,67,67,67,66],"gold":130,"neow_bonus":"THREE_ENEMY_KILL","is_daily":false,"chose_seed":false,"campfire_upgraded":12,"win_rate":0.0,"timestamp":1608133559,"path_taken":["M","?","?","?","M","R","E","M","T","E","?","M","?","?","R","BOSS","M","?","?","$","?","E","$","R","T","R","?","E","M","?","R","BOSS","M","?","?","M","?","R","E","R","T","?","E","M","R","E","R","BOSS"],"items_purchased_type":["Relic","Relic","Relic","Relic","Relic"],"build_version":"2020-12-13","purchased_purges":2,"victory":true,"max_hp_per_floor":[75,75,75,75,75,75,75,75,82,82,82,82,82,82,82,82,82,82,82,57,57,67,67,67,67,67,67,67,67,67,67,67,67,67,67,67,67,67,67,67,67,67,67,67,67,67,67,67,67,67],"card_choices":[{"not_picked":["Leap","Sweeping Beam"],"picked":"Go for the Eyes","floor":1},{"not_picked":["ReplayTheSpireMod:Reroute Power","Gash"],"picked":"Cold Snap","floor":5},{"not_picked":["Doom and Gloom","Gash"],"picked":"Panic Button","floor":7},{"not_picked":["Sweeping Beam","Turbo","Auto Shields"],"picked":"SKIP","floor":8},{"not_picked":["Heatsinks","Go for the Eyes","BootSequence"],"picked":"SKIP","floor":10},{"not_picked":["ReplayTheSpireMod:Calculation Training","Consume"],"picked":"Self Repair","floor":11},{"not_picked":["FIFO Queue","Recycle"],"picked":"Capacitor","floor":12},{"not_picked":["Multi-Cast","Biased Cognition"],"picked":"ReplayRNGCard","floor":16},{"not_picked":["Gash","Compile Driver+1"],"picked":"Barrage","floor":18},{"not_picked":["Streamline","Time Bomb"],"picked":"Tempest","floor":23},{"not_picked":["Sweeping Beam","Hologram"],"picked":"Redo","floor":28},{"not_picked":["Rebound","Conserve Battery+1","Force Field"],"picked":"SKIP","floor":29},{"not_picked":["Beam Cell","Stack","Conserve Battery"],"picked":"SKIP","floor":30},{"not_picked":["ReplayRNGCard","Machine Learning"],"picked":"Electrodynamics","floor":33},{"not_picked":["Sweeping Beam+1","FTL","Turbo"],"picked":"Go for the Eyes+1","floor":35},{"not_picked":["Beam Cell","Hello World","BootSequence"],"picked":"Ball Lightning+1","floor":36},{"not_picked":["ReplayTheSpireMod:Reroute Power+1","Rebound","Turbo+1"],"picked":"Consume+1","floor":38},{"not_picked":["Aggregate+1","Tempest","Conserve Battery"],"picked":"Redo+1","floor":39},{"not_picked":["Leap","Force Field+1","Beam Cell+1"],"picked":"Hello World","floor":41},{"not_picked":["Sunder+1","Core Surge","Go for the Eyes"],"picked":"ReplayRNGCard","floor":45},{"not_picked":["Melter+1","Beam Cell","Steam+1"],"picked":"ReplayTheSpireMod:Calculation Training","floor":46},{"not_picked":["Compile Driver+1","Ball Lightning+1","Chill+1"],"picked":"Defragment+1","floor":48}],"player_experience":215179,"relics_obtained":[{"floor":7,"key":"DataDisk"},{"floor":9,"key":"Strawberry"},{"floor":10,"key":"Onion Ring"},{"floor":13,"key":"Grinning Jar"},{"floor":23,"key":"Regal Pillow"},{"floor":26,"key":"Bottled Tornado"},{"floor":29,"key":"Bronze Scales"},{"floor":36,"key":"Replay:Arrowhead"},{"floor":41,"key":"ReplayFunnel"},{"floor":43,"key":"Replay:Bottled Eggs"},{"floor":45,"key":"Gremlin Food"},{"floor":48,"key":"Replay:PocketPolymizer"}],"event_choices":[{"damage_healed":0,"gold_gain":0,"player_choice":"Entered Light","damage_taken":15,"max_hp_gain":0,"max_hp_loss":0,"event_name":"Shining Light","floor":2,"gold_loss":0,"cards_upgraded":["Go for the Eyes","Zap"]},{"damage_healed":0,"gold_gain":0,"player_choice":"Take Wound","damage_taken":0,"relics_obtained":["Golden Idol"],"max_hp_gain":0,"max_hp_loss":0,"event_name":"Golden Idol","floor":3,"gold_loss":0,"cards_obtained":["Injury"]},{"damage_healed":0,"gold_gain":0,"cards_transformed":["Strike_B"],"player_choice":"Transformed","damage_taken":0,"max_hp_gain":0,"max_hp_loss":0,"event_name":"Transmorgrifier","floor":4,"gold_loss":0,"cards_obtained":["Glacier"]},{"damage_healed":0,"gold_gain":75,"player_choice":"Gather Gold","damage_taken":11,"max_hp_gain":0,"max_hp_loss":0,"event_name":"World of Goop","floor":14,"gold_loss":0},{"cards_removed":["Injury"],"damage_healed":0,"gold_gain":0,"player_choice":"Elegance","damage_taken":0,"max_hp_gain":0,"max_hp_loss":0,"event_name":"Back to Basics","floor":19,"gold_loss":0},{"damage_healed":0,"gold_gain":0,"player_choice":"Became a vampire","damage_taken":0,"max_hp_gain":0,"max_hp_loss":25,"event_name":"Vampires","floor":20,"gold_loss":0,"cards_obtained":["Bite","Bite","Bite","Bite","Bite"]},{"cards_removed":["ReplayRNGCard"],"damage_healed":0,"gold_gain":0,"player_choice":"Offered Rare","damage_taken":0,"max_hp_gain":10,"max_hp_loss":0,"event_name":"Bonfire Elementals","floor":22,"gold_loss":0},{"damage_healed":0,"gold_gain":0,"player_choice":"Obtained Relic","damage_taken":0,"relics_obtained":["Incense Burner"],"max_hp_gain":0,"max_hp_loss":0,"event_name":"Addict","floor":31,"gold_loss":85},{"damage_healed":0,"gold_gain":0,"player_choice":"Fight","damage_taken":0,"max_hp_gain":0,"max_hp_loss":0,"event_name":"Mysterious Sphere","floor":36,"gold_loss":0},{"damage_healed":0,"gold_gain":0,"player_choice":"Upgraded","damage_taken":0,"max_hp_gain":0,"max_hp_loss":0,"event_name":"Upgrade Shrine","floor":37,"gold_loss":0,"cards_upgraded":["Electrodynamics"]}],"is_beta":false,"boss_relics":[{"not_picked":["Kintsugi","Ectoplasm"],"picked":"Nuclear Battery"},{"not_picked":["Replay:Ancient Bell","SlaversCollar"],"picked":"Honey Jar"}],"items_purged_floors":[21,24],"is_endless":false,"potions_floor_spawned":[7,8,10,11,23,30,35,38,41,48],"ascension_level":1}}