{"host":"ormi09wwzv7sq47a","time":1608138929,"event":{"mods":["2.2 Compatiblity","AchievementEnabler","Act Like it!","BaseMod","Better Note","Better Skull","Better Vampires","Colored Map","Colored Powertips","DeckTracker","Downfall","Highlight Path","Minty Spire (QoL Compilation)","Permanent Neow","Quick Restart","Rare Cards Sparkle","Relic Stats","StSLib","The Jungle"],"gold_per_floor":[115,127,239,257,275,275,289,289,289,289,68,68,101,118,118,215,215,233,233,133,246,121,155,155,145,145,156,12,12,12,23,23,127,127,143,157,207,221,232,267,290,290,290,290,290,321,321,23,23,23,23,23,23,51,51],"floor_reached":56,"playtime":4473,"items_purged":["hexamod:Haunted","hexamod:Strike","hexamod:Strike","hexamod:Strike"],"score":1318,"play_id":"db773f75-a923-43f0-9e58-a66b2df64d34","local_time":"20201216151529","is_ascension_mode":true,"campfire_choices":[{"data":"hexamod:BurningTouch","floor":6.0,"key":"SMITH"},{"data":"hexamod:Incineration","floor":8.0,"key":"SMITH"},{"data":"hexamod:HeatShield","floor":10.0,"key":"SMITH"},{"data":"hexamod:GhostflameBarrier","floor":15.0,"key":"SMITH"},{"data":"hexamod:WildfireWeapon","floor":24.0,"key":"SMITH"},{"floor":29,"key":"REST"},{"data":"hexamod:PowerFromBeyond","floor":32,"key":"SMITH"},{"data":"hexamod:GiftsFromTheDead","floor":42,"key":"SMITH"},{"data":"hexamod:ThermalTransfer","floor":45,"key":"SMITH"},{"data":"hexamod:CrushingStance","floor":47,"key":"SMITH"},{"floor":49,"key":"RECALL"},{"data":"hexamod:AdvancingGuard","floor":52,"key":"SMITH"}],"circlet_count":0,"master_deck":["hexamod:Strike","hexamod:Defend","hexamod:Defend","hexamod:Defend+1","hexamod:Defend+1","hexamod:Sear+1","hexamod:Float+1","hexamod:BurningTouch+1","hexamod:HeatShield+1","hexamod:CatchUp+1","hexamod:ThermalTransfer+1","hexamod:Incineration+1","hexamod:GhostflameBarrier+1","hexamod:WildfireWeapon+1","hexamod:AdvancingGuard+1","Necronomicurse","hexamod:ExtraCrispy+1","hexamod:PowerFromBeyond+1","hexamod:GhostflameBarrier+1","hexamod:SpectersWail+1","hexamod:CrushingStance+1","hexamod:Haunt+1","hexamod:GhostflameBarrier+1","hexamod:GiftsFromTheDead+1","hexamod:HeatShield+1","hexamod:RainOfEmbers+1"],"relics":["hexamod:SpiritBrand","Calipers","War Paint","Matryoshka","Runic Dome","Necronomicon","Ice Cream","Regal Pillow","Gremlin Horn","Vajra","hexamod:IceCube","Du-Vu Doll","Bag of Marbles","Potion Belt","Bottled Tornado","Ancient Tea Set","Singing Bowl","hexamod:RecyclingMachine","Blue Candle"],"acts_visited":["Exordium","TheCity","TheBeyond","TheEnding"],"potions_floor_usage":[31,40],"damage_taken":[{"damage":0.0,"enemies":"2 Louse","floor":1.0,"turns":5.0},{"damage":0.0,"enemies":"Cultist","floor":2.0,"turns":3.0},{"damage":0.0,"enemies":"Small Slimes","floor":4.0,"turns":1.0},{"damage":0.0,"enemies":"Gremlin Gang","floor":5.0,"turns":4.0},{"damage":0.0,"enemies":"Looter","floor":7.0,"turns":3.0},{"damage":6.0,"enemies":"Lagavulin","floor":13.0,"turns":4.0},{"damage":0.0,"enemies":"Exordium Wildlife","floor":14.0,"turns":3.0},{"damage":40.0,"enemies":"Slime Boss","floor":16.0,"turns":10.0},{"damage":0.0,"enemies":"Chosen","floor":18.0,"turns":3.0},{"damage":7.0,"enemies":"Book of Stabbing","floor":23.0,"turns":3.0},{"damage":21.0,"enemies":"2 Thieves","floor":25.0,"turns":4.0},{"damage":9,"enemies":"Centurion and Healer","floor":27,"turns":5},{"damage":14,"enemies":"3 Cultists","floor":31,"turns":5},{"damage":13,"enemies":"Collector","floor":33,"turns":6},{"damage":0,"enemies":"3 Darklings","floor":35,"turns":5},{"damage":8,"enemies":"3 Shapes","floor":36,"turns":4},{"damage":0,"enemies":"Mind Bloom Boss Battle","floor":37,"turns":6},{"damage":2,"enemies":"Writhing Mass","floor":38,"turns":4},{"damage":2,"enemies":"Jaw Worm Horde","floor":39,"turns":5},{"damage":0,"enemies":"Reptomancer","floor":40,"turns":4},{"damage":2,"enemies":"Nemesis","floor":46,"turns":12},{"damage":17,"enemies":"Awakened One","floor":50,"turns":11},{"damage":16,"enemies":"Shield and Spear","floor":54,"turns":4},{"damage":7,"enemies":"The Heart","floor":55,"turns":9}],"seed_played":"1237244934098281006","potions_obtained":[{"floor":1.0,"key":"ColorlessPotion"},{"floor":2.0,"key":"LiquidMemories"},{"floor":4.0,"key":"Fire Potion"},{"floor":14.0,"key":"FairyPotion"},{"floor":27,"key":"hexamod:EctoCoolerPotion"},{"floor":33,"key":"Swift Potion"},{"floor":35,"key":"Energy Potion"},{"floor":46,"key":"Energy Potion"}],"is_trial":false,"path_per_floor":["M","M","?","M","M","R","M","R","T","R","$","?","E","M","R","B",null,"M","?","$","?","$","E","R","M","T","M","$","R","?","M","R","B",null,"M","M","?","M","M","E","T","R","T","?","R","E","R","$","R","B",null,"R","$","E","B",null],"character_chosen":"THE_SPIRIT","items_purchased":["War Paint","Vajra","hexamod:RecyclingMachine"],"campfire_rested":1,"item_purchase_floors":[11,28,48],"current_hp_per_floor":[84,84,64,64,64,64,64,64,64,64,64,64,58,58,58,18,84,84,68,68,44,44,37,37,16,16,7,7,47,75,61,61,48,84,84,76,76,74,72,72,72,72,72,72,72,72,72,72,72,55,86,86,86,72,65],"gold":51,"neow_bonus":"TWENTY_PERCENT_HP_BONUS","is_daily":false,"chose_seed":false,"campfire_upgraded":10,"win_rate":0.0,"timestamp":1608138929,"path_taken":["M","M","?","M","M","R","?","R","T","R","$","?","E","?","R","BOSS","M","?","$","?","$","E","R","M","T","?","$","R","?","M","R","BOSS","M","M","?","M","M","E","?","R","T","?","R","E","R","$","R","BOSS","R","$","E","BOSS"],"items_purchased_type":["Relic","Relic","Relic"],"build_version":"2020-12-13","purchased_purges":4,"victory":true,"max_hp_per_floor":[84,84,84,84,84,84,84,84,84,84,84,84,84,84,84,84,84,84,84,84,84,84,84,84,84,84,84,84,84,84,84,84,84,84,84,84,84,84,84,84,84,84,84,84,84,86,86,86,86,86,86,86,86,88,88],"relic_stats":{"Regal Pillow":15,"Gremlin Horn":[18,18],"Singing Bowl":4,"counters":[24,123],"Blue Candle":[1],"Necronomicon":[35],"War Paint":["hexamod:Sear","hexamod:Defend"],"obtain_stats":[{"Ice Cream":23,"Potion Belt":41,"Regal Pillow":26,"Calipers":9,"Gremlin Horn":26,"Singing Bowl":46,"Blue Candle":54,"Vajra":28,"War Paint":11,"Bottled Tornado":43,"Ancient Tea Set":44,"Du-Vu Doll":37,"Runic Dome":17,"Matryoshka":13,"Necronomicon":19,"Bag of Marbles":40,"hexamod:RecyclingMachine":48,"hexamod:SpiritBrand":0,"hexamod:IceCube":34},{"Ice Cream":10,"Potion Belt":20,"Regal Pillow":11,"Calipers":5,"Gremlin Horn":11,"Singing Bowl":21,"Blue Candle":23,"Vajra":12,"War Paint":5,"Bottled Tornado":20,"Ancient Tea Set":20,"Du-Vu Doll":17,"Runic Dome":8,"Matryoshka":6,"Necronomicon":9,"Bag of Marbles":20,"hexamod:RecyclingMachine":21,"hexamod:SpiritBrand":0,"hexamod:IceCube":14},{"Ice Cream":39,"Potion Belt":87,"Regal Pillow":43,"Calipers":16,"Gremlin Horn":43,"Singing Bowl":99,"Blue Candle":114,"Vajra":48,"War Paint":16,"Bottled Tornado":87,"Ancient Tea Set":87,"Du-Vu Doll":74,"Runic Dome":33,"Matryoshka":20,"Necronomicon":36,"Bag of Marbles":87,"hexamod:RecyclingMachine":99,"hexamod:SpiritBrand":0,"hexamod:IceCube":59}]},"card_choices":[{"not_picked":["hexamod:PhantomCloak","hexamod:InspiringFlames"],"picked":"hexamod:BurningTouch","floor":1.0},{"not_picked":["hexamod:GhostShield","hexamod:SpectersWail"],"picked":"hexamod:HeatShield","floor":2.0},{"not_picked":["hexamod:ThirdSeal","hexamod:DynamicBlow"],"picked":"hexamod:CatchUp","floor":4.0},{"not_picked":["hexamod:HauntingEcho","hexamod:SwordOfDarkness"],"picked":"hexamod:ThermalTransfer","floor":5.0},{"not_picked":["hexamod:GhostLash","hexamod:NightmareStrike"],"picked":"hexamod:Incineration","floor":7.0},{"not_picked":["hexamod:ThirdSeal","hexamod:Incineration"],"picked":"hexamod:GhostflameBarrier","floor":13.0},{"not_picked":["hexamod:ParanormalForm","hexamod:PhantomCloak","hexamod:FirstSeal"],"picked":"SKIP","floor":14.0},{"not_picked":["hexamod:FifthSeal","hexamod:TimeOfNeed"],"picked":"hexamod:WildfireWeapon","floor":16.0},{"not_picked":["hexamod:GhostLash","hexamod:GhostShield"],"picked":"hexamod:AdvancingGuard","floor":18.0},{"not_picked":["hexamod:FirstSeal","hexamod:HexaLevel"],"picked":"hexamod:ExtraCrispy+1","floor":23.0},{"not_picked":["hexamod:SpectersWail","hexamod:GhostLash"],"picked":"hexamod:PowerFromBeyond","floor":25.0},{"not_picked":["hexamod:Again","hexamod:GhostOfSpirePast"],"picked":"hexamod:GhostflameBarrier+1","floor":27},{"not_picked":["hexamod:ShieldOfDarkness","hexamod:RecurringNightmare"],"picked":"hexamod:SpectersWail+1","floor":31},{"not_picked":["hexamod:ApocalypseNow","hexamod:TimeOfNeed"],"picked":"hexamod:CrushingStance","floor":33},{"not_picked":["hexamod:SwordOfDarkness","hexamod:Firestarter+1","hexamod:BacktrackSmack"],"picked":"SKIP","floor":35},{"not_picked":["hexamod:NightmareGuise+1","hexamod:DynamicBlow+1"],"picked":"hexamod:Haunt+1","floor":36},{"not_picked":["hexamod:GhostOfSpirePresent+1","hexamod:GhostOfSpirePast+1"],"picked":"hexamod:GhostflameBarrier+1","floor":37},{"not_picked":["hexamod:SpectersWail","hexamod:ThermalTransfer"],"picked":"hexamod:GiftsFromTheDead","floor":38},{"not_picked":["hexamod:HeatMetal+1","hexamod:GhostOfSpirePresent"],"picked":"hexamod:HeatShield+1","floor":39},{"not_picked":["hexamod:GhostShield+1","hexamod:HauntingEcho+1"],"picked":"hexamod:RainOfEmbers+1","floor":40},{"not_picked":["hexamod:HeatMetal+1","hexamod:AdvancingGuard","hexamod:InspiringFlames+1"],"picked":"Singing Bowl","floor":46},{"not_picked":["hexamod:HeatMetal+1","hexamod:InspiringFlames","hexamod:NightmareGuise"],"picked":"Singing Bowl","floor":54}],"player_experience":687397,"relics_obtained":[{"floor":9.0,"key":"Calipers"},{"floor":13.0,"key":"Matryoshka"},{"floor":19.0,"key":"Necronomicon"},{"floor":23.0,"key":"Ice Cream"},{"floor":26.0,"key":"Regal Pillow"},{"floor":26.0,"key":"Gremlin Horn"},{"floor":37,"key":"Du-Vu Doll"},{"floor":40,"key":"Bag of Marbles"},{"floor":41,"key":"Potion Belt"},{"floor":43,"key":"Bottled Tornado"},{"floor":46,"key":"Singing Bowl"},{"floor":54,"key":"Blue Candle"}],"event_choices":[{"damage_healed":0.0,"max_hp_gain":0.0,"max_hp_loss":0.0,"gold_gain":112.0,"event_name":"betterSkull:BetterSkull","player_choice":"UP GO ","floor":3.0,"gold_loss":0.0,"damage_taken":23.0,"cards_upgraded":["hexamod:Float"],"relics_obtained":[]},{"damage_healed":0.0,"max_hp_gain":0.0,"max_hp_loss":0.0,"gold_gain":0.0,"event_name":"Upgrade Shrine","player_choice":"Upgraded","floor":12.0,"gold_loss":0.0,"damage_taken":0.0,"cards_upgraded":["hexamod:CatchUp"]},{"damage_healed":0.0,"max_hp_gain":0.0,"max_hp_loss":0.0,"gold_gain":0.0,"event_name":"Cursed Tome","player_choice":"Obtained Book","floor":19.0,"gold_loss":0.0,"damage_taken":16.0},{"damage_healed":0.0,"max_hp_gain":0.0,"max_hp_loss":0.0,"gold_gain":113.0,"event_name":"betterSkull:BetterSkull","player_choice":"UP GO ","floor":21.0,"gold_loss":0.0,"damage_taken":27.0,"cards_upgraded":["hexamod:Defend"],"relics_obtained":[]},{"damage_healed":28,"gold_gain":0,"player_choice":"Heal","damage_taken":0,"max_hp_gain":0,"max_hp_loss":0,"event_name":"The Library","floor":30,"gold_loss":0},{"damage_healed":0,"gold_gain":0,"player_choice":"Fight","damage_taken":0,"max_hp_gain":0,"max_hp_loss":0,"event_name":"MindBloom","floor":37,"gold_loss":0},{"damage_healed":0,"gold_gain":0,"player_choice":"Gave Potion","damage_taken":0,"relics_obtained":["Ancient Tea Set"],"max_hp_gain":0,"max_hp_loss":0,"event_name":"WeMeetAgain","floor":44,"gold_loss":0}],"is_beta":false,"boss_relics":[{"not_picked":["SlaversCollar","Snecko Eye"],"picked":"Runic Dome"},{"not_picked":["Tiny House","Runic Pyramid"],"picked":"hexamod:IceCube"}],"items_purged_floors":[11,20,22,48],"is_endless":false,"potions_floor_spawned":[1,2,4,14,27,33,35,39,46],"ascension_level":2}}