{"host":"dntw6kil9p09eemm","time":1608152450,"event":{"mods":["Aspiration","BaseMod","BetterRewards","Colored Powertips","Downfall","Hermit","Hubris","Keyboard Shortcuts","Minty Spire (QoL Compilation)","Permanent Neow","Shop Mod","Spicy Shops","StSLib","The Runesmith","Waifu the Spire","vexMod"],"gold_per_floor":[113,128,128,138,138,138,156,156,156,156,156],"floor_reached":10,"playtime":316,"items_purged":[],"score":58,"play_id":"82380768-5436-4eb9-b7b9-60dbe81f18e9","local_time":"20201217060050","is_ascension_mode":false,"campfire_choices":[{"data":"hexamod:Float","floor":6,"key":"SMITH"}],"circlet_count":0,"master_deck":["hexamod:Strike","hexamod:Strike","hexamod:Strike","hexamod:Defend","hexamod:Defend","hexamod:Sear","hexamod:Float+1","hexamod:SuperheatedStrike","hexamod:Firestarter+1","hubris:DuctTapeCard"],"relics":["hexamod:SpiritBrand","hubris:DuctTape"],"acts_visited":["Exordium"],"potions_floor_usage":[],"damage_taken":[{"damage":0,"enemies":"Cultist","floor":1,"turns":3},{"damage":0,"enemies":"2 Louse","floor":2,"turns":2},{"damage":4,"enemies":"Small Slimes","floor":4,"turns":3},{"damage":3,"enemies":"Gremlin Gang","floor":7,"turns":4},{"damage":3,"enemies":"3 Sentries","floor":10,"turns":2}],"seed_played":"-7765664084874267290","potions_obtained":[{"floor":1,"key":"PowerPotion"},{"floor":2,"key":"EssenceOfSteel"},{"floor":4,"key":"DuplicationPotion"}],"is_trial":false,"path_per_floor":["M","M","?","M","?","R","M","?","T","E"],"character_chosen":"THE_SPIRIT","items_purchased":[],"campfire_rested":0,"item_purchase_floors":[],"current_hp_per_floor":[63,63,56,52,52,52,56,56,56,53,53],"gold":156,"neow_bonus":"TRANSFORM_TWO_CARDS","is_daily":false,"chose_seed":false,"campfire_upgraded":1,"win_rate":0.0,"timestamp":1608152450,"path_taken":["M","M","?","M","?","R","M","?","T","E"],"items_purchased_type":[],"build_version":"2020-12-13","purchased_purges":0,"victory":false,"max_hp_per_floor":[63,63,63,63,63,63,63,63,63,63,63],"card_choices":[{"not_picked":["hexamod:RainOfEmbers","hexamod:NightmareStrike"],"picked":"hexamod:Firestarter","floor":1},{"not_picked":["hexamod:SwordOfDarkness","hexamod:BacktrackSmack","hexamod:SuperheatedStrike"],"picked":"SKIP","floor":2},{"not_picked":["hexamod:Firestarter","hexamod:RecurringNightmare"],"picked":"hexamod:FirstSeal","floor":4},{"not_picked":["hexamod:PhantomCloak","hexamod:InspiringFlames","hexamod:RainOfEmbers"],"picked":"SKIP","floor":7}],"player_experience":373136,"relics_obtained":[{"floor":9,"key":"hubris:DuctTape"}],"event_choices":[{"cards_removed":["hexamod:Defend"],"damage_healed":0,"gold_gain":0,"player_choice":"Card Removal","damage_taken":7,"max_hp_gain":0,"max_hp_loss":0,"event_name":"Golden Wing","floor":3,"gold_loss":0},{"damage_healed":0,"gold_gain":0,"player_choice":"Upgraded","damage_taken":0,"max_hp_gain":0,"max_hp_loss":0,"event_name":"Upgrade Shrine","floor":8,"gold_loss":0,"cards_upgraded":["hexamod:Firestarter"]}],"is_beta":false,"boss_relics":[],"items_purged_floors":[],"is_endless":false,"potions_floor_spawned":[1,2,4],"killed_by":"3 Sentries","ascension_level":0}}