{"host":"g1wmg2w41xhsnw8g","time":1608089538,"event":{"mods":["2.2 Compatiblity","Act Like it!","BaseMod","Better Altar","Better Match","Better Note","Better Sensory Stone","Better Skull","Better Third Choice","BetterRewards","Booster Modes","CapriCore","Colored Map","Colored Powertips","Curses Come First","Defuse TimeMaze Blight","Displayed Cursed Tome","Downfall","Friendly Minions","GifTheSpireLib","Googly Eyes","Infinite Spire","Minty Spire (QoL Compilation)","Red Circlet Mod","Relic Sorter","SCP261 Mod","Shop Mod","Spicy Shops","StSLib","The Poker Player","The Sage","Transform Curses","Wandering Minibosses","????"],"gold_per_floor":[117,117,117,117,136,136,162,175,175,275,275,275],"floor_reached":11,"playtime":676,"items_purged":[],"score":150,"play_id":"e22281c3-6818-4789-9ec8-a90bd93aaad8","local_time":"20201215223218","daily_mods":["SealedDeck","Specialized","Heirloom","downfall:Jewelcrafting","downfall:ChampStances","Elite Swarm","downfall:ExchangeController"],"is_ascension_mode":true,"campfire_choices":[],"circlet_count":0,"master_deck":["Guardian:ExploitGems","Guardian:ExploitGems","champ:GladiatorStyle","champ:GladiatorStyle","champ:GladiatorStyle","champ:GladiatorStyle","champ:AdrenalArmor","champ:TornadoPunch","champ:BringItOn","champ:FlashCut","champ:Shatter","champ:FocusedDefense","champ:RisingSlash","champ:ArenaPreparation","champ:StrikeOfGenius","champ:Improvising","Slimebound:GoopSpray","PokerPlayerMod:Club2","PokerPlayerMod:Club3","PokerPlayerMod:Club4","PokerPlayerMod:Club5","PokerPlayerMod:Club6","champ:Lariat","Guardian:Gem_Red","Guardian:Gem_Synthetic","champ:SteelEdge","champ:FanOfKnives"],"relics":["champ:ChampionCrown","Guardian:PickAxe","champ:ChampStancesModRelic","downfall:NeowBlessing_Player","infinitespire:Lychee Nut","infinitespire:Joker Card","Shovel","Champion Belt"],"acts_visited":["Exordium"],"potions_floor_usage":[],"damage_taken":[{"damage":28,"enemies":"2 Louse","floor":1,"turns":5},{"damage":21,"enemies":"Jaw Worm","floor":5,"turns":4},{"damage":66,"enemies":"Gremlin Nob","floor":7,"turns":6},{"damage":20,"enemies":"Small Slimes","floor":8,"turns":2},{"damage":60,"enemies":"Small Slimes","floor":10,"turns":6},{"damage":18,"enemies":"Lagavulin","floor":11,"turns":3}],"seed_played":"-2240504744893084627","potions_obtained":[{"floor":1,"key":"Guardian:BlockOnCardUsePotion"},{"floor":10,"key":"SCP261:GirlTearsPotion"}],"is_trial":true,"path_per_floor":["M","?","?","?","M","R","E","M","T","?","E"],"character_chosen":"THE_CHAMP","items_purchased":[],"campfire_rested":0,"item_purchase_floors":[],"current_hp_per_floor":[125,125,125,125,112,112,52,55,55,6,0,0],"gold":275,"neow_bonus":"","is_daily":false,"chose_seed":false,"campfire_upgraded":0,"win_rate":0.0,"timestamp":1608089538,"path_taken":["M","?","?","?","?","R","E","M","T","?","E"],"items_purchased_type":[],"build_version":"2020-12-13","purchased_purges":0,"victory":false,"max_hp_per_floor":[142,142,142,142,142,142,142,142,142,142,142,142],"card_choices":[{"not_picked":["champ:FanOfKnives","champ:StanceDance","champ:BringItOn"],"picked":"SKIP","floor":1},{"not_picked":["champ:HeartStrike","champ:CrookedStrike"],"picked":"champ:Lariat","floor":5},{"not_picked":["champ:LastStand","champ:HoldFirm"],"picked":"champ:SteelEdge","floor":7},{"not_picked":["champ:StanceDance","champ:GladiatorsShout"],"picked":"champ:FanOfKnives","floor":8}],"player_experience":1413590,"relics_obtained":[{"floor":7,"key":"infinitespire:Joker Card"},{"floor":9,"key":"Shovel"},{"floor":10,"key":"Champion Belt"}],"event_choices":[{"damage_healed":0,"gold_gain":1,"player_choice":"4","damage_taken":0,"max_hp_gain":0,"max_hp_loss":0,"event_name":"betterStone:BetterStone","floor":2,"gold_loss":0,"cards_obtained":["Slimebound:GoopSpray"]},{"damage_healed":0,"gold_gain":0,"player_choice":"Jackpot","damage_taken":0,"max_hp_gain":0,"max_hp_loss":0,"event_name":"PokerPlayerMod:ExordiumClub","floor":3,"gold_loss":0,"cards_obtained":["PokerPlayerMod:Club2","PokerPlayerMod:Club3","PokerPlayerMod:Club4","PokerPlayerMod:Club5","PokerPlayerMod:Club6"]},{"damage_healed":0,"gold_gain":0,"player_choice":"Jackpot","damage_taken":0,"max_hp_gain":0,"max_hp_loss":0,"event_name":"PokerPlayerMod:ExordiumClub","floor":3,"gold_loss":0,"cards_obtained":["PokerPlayerMod:Club2","PokerPlayerMod:Club3","PokerPlayerMod:Club4","PokerPlayerMod:Club5","PokerPlayerMod:Club6"]},{"damage_healed":0,"gold_gain":0,"player_choice":"Jackpot","damage_taken":0,"max_hp_gain":0,"max_hp_loss":0,"event_name":"PokerPlayerMod:ExordiumClub","floor":3,"gold_loss":0,"cards_obtained":["PokerPlayerMod:Club2","PokerPlayerMod:Club3","PokerPlayerMod:Club4","PokerPlayerMod:Club5","PokerPlayerMod:Club6"]},{"damage_healed":0,"gold_gain":0,"player_choice":"Jackpot","damage_taken":0,"max_hp_gain":0,"max_hp_loss":0,"event_name":"PokerPlayerMod:ExordiumClub","floor":3,"gold_loss":0,"cards_obtained":["PokerPlayerMod:Club2","PokerPlayerMod:Club3","PokerPlayerMod:Club4","PokerPlayerMod:Club5","PokerPlayerMod:Club6"]},{"damage_healed":0,"gold_gain":0,"player_choice":"Jackpot","damage_taken":0,"max_hp_gain":0,"max_hp_loss":0,"event_name":"PokerPlayerMod:ExordiumClub","floor":3,"gold_loss":0,"cards_obtained":["PokerPlayerMod:Club2","PokerPlayerMod:Club3","PokerPlayerMod:Club4","PokerPlayerMod:Club5","PokerPlayerMod:Club6"]},{"cards_removed":["champ:GladiatorStyle"],"damage_healed":0,"gold_gain":0,"player_choice":"Card Removal","damage_taken":0,"max_hp_gain":0,"max_hp_loss":0,"event_name":"Wheel of Change","floor":4,"gold_loss":0}],"is_beta":false,"boss_relics":[],"items_purged_floors":[],"is_endless":false,"potions_floor_spawned":[1,10],"killed_by":"Lagavulin","ascension_level":1}}