{"host":"xodzlm10r37577ou","time":1608131734,"event":{"mods":["Act Like it!","BaseMod","Gensokyo","Koishi","Marisa£®ÏF”Í°°ƒß¿Ì…≥£©","Minty Spire (QoL Compilation)","Reimu£®≤©¿ˆ¡È√Œ£©","Remilia£®¿Ÿ√◊¿Ú—«£©","StSLib","The Servant 0.9.4","Youmu£®ªÍ∆«—˝√Œ£©"],"gold_per_floor":[110,56,69,19,119,119,152,163,163,189,206,206,206,268,268,366,366,384,384,395,18,18,18,45,57,109,138,138,58,58,73,73,177,177,196,196,209,37,48,48,77,77,101,126,146,161,20,30,30,30],"floor_reached":51,"playtime":2422,"items_purged":["Koishi:BasicDefend","Koishi:BasicStrike","Koishi:BasicStrike"],"score":978,"play_id":"ceef4770-1b2a-4db0-a56b-8b8150d7a651","local_time":"20201216231534","is_ascension_mode":false,"campfire_choices":[{"data":"Koishi:HauntingSlash","floor":6.0,"key":"SMITH"},{"data":"Koishi:RorschachInDanmaku","floor":13.0,"key":"SMITH"},{"data":"Koishi:GeneticsOfTheUnconscious","floor":15.0,"key":"SMITH"},{"data":"Koishi:MindStellarRelief","floor":23,"key":"SMITH"},{"data":"Koishi:FleetingPhantom","floor":28,"key":"SMITH"},{"data":"Koishi:SubconsciousSweep","floor":30,"key":"SMITH"},{"data":"Koishi:SprinkleStarAndHeart","floor":32,"key":"SMITH"},{"data":"Koishi:SubconsciousSweep","floor":40,"key":"SMITH"},{"data":"Koishi:RoseHell","floor":42,"key":"SMITH"},{"data":"Koishi:ReflexRadar","floor":49,"key":"SMITH"}],"circlet_count":0,"master_deck":["Koishi:BasicDefend","Koishi:BasicDefend","Koishi:BasicDefend","Koishi:Provoke","Koishi:HauntingSlash+1","Koishi:TremblingHands","Koishi:SubconsciousSweep+1","Koishi:GeneticsOfTheUnconscious+1","Koishi:SprinkleStarAndHeart+1","Koishi:HeartfeltFancy","Koishi:SubconsciousSweep+1","Koishi:RorschachInDanmaku+1","Koishi:Jaunt","Koishi:MindStellarRelief+1","Koishi:YoukaiPolygraph+1","Koishi:FleetingPhantom+1","Koishi:EmbersOfLove+1","Koishi:Whimsy+1","Koishi:RoseHell+1","Koishi:PredatoryInstincts+1","Koishi:ReflexRadar+1","Koishi:HeartAttack+1","Koishi:ReflexRadar+1","Poor:ReiMu","Koishi:UnconsciousUrges+1","Koishi:ReflexRadar+1","Secret Technique+1"],"relics":["Koishi:ImaginaryFriend","NeowsBlessing","TungstenRod","Mummified Hand","The Courier","Blue Candle","Bag of Preparation","Koishi:ColorfulDays","Gremlin Horn","Koishi:AHoleWhereASisterShouldBe","Bottled Lightning","Molten Egg 2","Dream Catcher","Letter Opener","Cursed Key","Meat on the Bone","Koishi:LettersToReimu","Vajra","Toxic Egg 2"],"acts_visited":["Exordium","TheCity","TheBeyond"],"potions_floor_usage":[16,50,50,50],"damage_taken":[{"damage":0.0,"enemies":"Small Slimes","floor":1.0,"turns":1.0},{"damage":0.0,"enemies":"Jaw Worm","floor":3.0,"turns":1.0},{"damage":0.0,"enemies":"Lagavulin","floor":7.0,"turns":1.0},{"damage":0.0,"enemies":"Cultist","floor":8.0,"turns":3.0},{"damage":11.0,"enemies":"3 Sentries","floor":10.0,"turns":8.0},{"damage":3.0,"enemies":"Exordium Thugs","floor":11.0,"turns":5.0},{"damage":5.0,"enemies":"Lagavulin Event","floor":14.0,"turns":9.0},{"damage":0,"enemies":"Slime Boss","floor":16,"turns":6},{"damage":0,"enemies":"Spheric Guardian","floor":18,"turns":2},{"damage":0,"enemies":"Chosen","floor":20,"turns":4},{"damage":0,"enemies":"Slavers","floor":24,"turns":1},{"damage":0,"enemies":"Snecko","floor":25,"turns":5},{"damage":0,"enemies":"Gremlin Leader","floor":27,"turns":4},{"damage":0,"enemies":"Shelled Parasite and Fungi","floor":31,"turns":2},{"damage":2,"enemies":"Automaton","floor":33,"turns":9},{"damage":10,"enemies":"Orb Walker","floor":35,"turns":2},{"damage":2,"enemies":"3 Shapes","floor":37,"turns":2},{"damage":2,"enemies":"Maw","floor":39,"turns":4},{"damage":1,"enemies":"Giant Head","floor":41,"turns":6},{"damage":28,"enemies":"Nemesis","floor":44,"turns":5},{"damage":0,"enemies":"Jaw Worm Horde","floor":45,"turns":1},{"damage":2,"enemies":"4 Shapes","floor":46,"turns":1},{"damage":0,"enemies":"Sphere and 2 Shapes","floor":48,"turns":1},{"damage":2,"enemies":"Donu and Deca","floor":50,"turns":2}],"seed_played":"3786494172566144026","potions_obtained":[{"floor":8.0,"key":"FearPotion"},{"floor":11.0,"key":"GrandPatriotsElixir:ReiMu"},{"floor":14.0,"key":"Ancient Potion"},{"floor":16,"key":"Strength Potion"},{"floor":20,"key":"Strength Potion"},{"floor":24,"key":"LiquidMemories"},{"floor":35,"key":"DistilledChaos"}],"is_trial":false,"path_per_floor":["M","$","M","?","?","R","E","M","T","E","M","T","R","?","R","B",null,"M","?","M","$","?","R","E","M","T","E","R","$","R","M","R","B",null,"M","?","M","$","M","R","E","R","T","E","M","M","$","M","R","B",null],"character_chosen":"KOISHI","items_purchased":["Koishi:SubconsciousSweep","Koishi:AHoleWhereASisterShouldBe","Bottled Lightning","Koishi:HeartAttack+1","Koishi:ReflexRadar","Secret Technique+1"],"campfire_rested":0,"item_purchase_floors":[2,21,21,38,38,47],"current_hp_per_floor":[60,60,60,60,60,60,60,60,60,49,48,48,48,47,47,47,60,60,60,60,60,60,60,60,60,60,60,60,60,60,60,60,60,60,54,54,60,60,60,60,60,60,60,40,40,60,60,60,60,59],"gold":30,"neow_bonus":"THREE_ENEMY_KILL","is_daily":false,"chose_seed":false,"campfire_upgraded":10,"win_rate":0.0,"timestamp":1608131734,"path_taken":["M","$","M","?","?","R","E","?","T","E","M","?","R","?","R","BOSS","M","?","M","$","?","R","E","M","T","E","R","$","R","M","R","BOSS","M","?","?","$","M","R","E","R","T","E","M","M","$","M","R","BOSS"],"items_purchased_type":["Card","Relic","Relic","Card","Card","Card"],"build_version":"2020-12-13","purchased_purges":3,"victory":true,"max_hp_per_floor":[60,60,60,60,60,60,60,60,60,60,60,60,60,60,60,60,60,60,60,60,60,60,60,60,60,60,60,60,60,60,60,60,60,60,60,60,60,60,60,60,60,60,60,60,60,60,60,60,60,60],"card_choices":[{"not_picked":["Koishi:ParalyzingFear","Koishi:Possession"],"picked":"Koishi:TremblingHands","floor":1.0},{"not_picked":["Koishi:HeartfeltFancy","Koishi:PhantomStrike"],"picked":"Koishi:GeneticsOfTheUnconscious","floor":3.0},{"not_picked":["Koishi:ReflexRadar","Koishi:HeartStoppingHorror"],"picked":"Koishi:SprinkleStarAndHeart","floor":7.0},{"not_picked":["Koishi:GhostParty","Koishi:FidgetySnatcher"],"picked":"Koishi:HeartfeltFancy","floor":8.0},{"not_picked":["Koishi:HeartStoppingHorror","Koishi:Prune"],"picked":"Koishi:SubconsciousSweep","floor":10.0},{"not_picked":["Koishi:StingingMind","Koishi:SprinkleStarAndHeart"],"picked":"Koishi:RorschachInDanmaku","floor":11.0},{"not_picked":["Koishi:JumpScare","Koishi:BloodcurdlingScream"],"picked":"Koishi:Jaunt","floor":14.0},{"not_picked":["Koishi:Heartbroken","Koishi:ImGoingToCallYouNow"],"picked":"Koishi:MindStellarRelief","floor":16},{"not_picked":["Koishi:CatchAndRose","Koishi:ReflexRadar"],"picked":"Koishi:YoukaiPolygraph+1","floor":18},{"not_picked":["Koishi:UnconsciousUprising+1","Koishi:SubterraneanRose"],"picked":"Koishi:FleetingPhantom","floor":20},{"not_picked":["Koishi:Jaunt+1","Koishi:GhostParty"],"picked":"Koishi:EmbersOfLove+1","floor":24},{"not_picked":["Koishi:PhantomStrike+1","Koishi:Prune+1"],"picked":"Koishi:Whimsy+1","floor":25},{"not_picked":["Koishi:CatchAndRose","Koishi:UnseenTerror+1","Koishi:BloodcurdlingScream+1"],"picked":"SKIP","floor":27},{"not_picked":["Koishi:Prune+1","Koishi:Jaunt+1","Koishi:CatchAndRose"],"picked":"SKIP","floor":31},{"not_picked":["Koishi:SuperEgo+1","Koishi:RollingInRichesHeart"],"picked":"Koishi:RoseHell","floor":33},{"not_picked":["Koishi:UnconsciousUrges+1","Koishi:RacingHeart+1"],"picked":"Koishi:PredatoryInstincts+1","floor":35},{"not_picked":["Koishi:DanmakuParanoia","Koishi:EmbryosDream+1"],"picked":"Koishi:ReflexRadar+1","floor":37},{"not_picked":["Koishi:StingingMind+1","Koishi:PhantomStrike+1","Koishi:BloodcurdlingScream+1"],"picked":"SKIP","floor":39},{"not_picked":["Koishi:Jaunt+1","Koishi:Catatonia+1","Koishi:GhostParty+1"],"picked":"SKIP","floor":41},{"not_picked":["Koishi:PhantomBarrier+1","Koishi:StingingMind+1"],"picked":"Koishi:UnconsciousUrges+1","floor":44},{"not_picked":["Koishi:CatchAndRose+1","Koishi:PhantomBarrier+1","Koishi:Jaunt+1"],"picked":"SKIP","floor":45},{"not_picked":["Koishi:FidgetySnatcher+1","Koishi:ImGoingToCallYouNow+1"],"picked":"Koishi:ReflexRadar+1","floor":46},{"not_picked":["Koishi:StingingMind+1","Koishi:DanmakuParanoia+1","Koishi:PhantomBarrier+1"],"picked":"SKIP","floor":48}],"player_experience":815172,"relics_obtained":[{"floor":7.0,"key":"TungstenRod"},{"floor":9.0,"key":"Mummified Hand"},{"floor":10.0,"key":"The Courier"},{"floor":12.0,"key":"Blue Candle"},{"floor":14.0,"key":"Bag of Preparation"},{"floor":24,"key":"Molten Egg 2"},{"floor":26,"key":"Dream Catcher"},{"floor":27,"key":"Letter Opener"},{"floor":36,"key":"Meat on the Bone"},{"floor":41,"key":"Koishi:LettersToReimu"},{"floor":43,"key":"Vajra"},{"floor":44,"key":"Toxic Egg 2"}],"event_choices":[{"cards_removed":["Koishi:BasicStrike"],"damage_healed":0.0,"max_hp_gain":0.0,"max_hp_loss":0.0,"gold_gain":0.0,"event_name":"The Cleric","player_choice":"Card Removal","floor":4.0,"gold_loss":50.0,"damage_taken":0.0},{"damage_healed":0.0,"max_hp_gain":0.0,"max_hp_loss":0.0,"gold_gain":100.0,"event_name":"Golden Shrine","player_choice":"Pray","floor":5.0,"gold_loss":0.0,"damage_taken":0.0},{"damage_healed":0.0,"max_hp_gain":0.0,"max_hp_loss":0.0,"gold_gain":30.0,"event_name":"Dead Adventurer","player_choice":"Searched \u00273\u0027 times","floor":14.0,"gold_loss":0.0,"damage_taken":0.0},{"damage_healed":0,"gold_gain":0,"player_choice":"Opened","damage_taken":0,"relics_obtained":["Gremlin Horn"],"max_hp_gain":0,"max_hp_loss":0,"event_name":"The Mausoleum","floor":19,"gold_loss":0},{"cards_removed":["Koishi:BasicStrike"],"damage_healed":0,"gold_gain":0,"player_choice":"Elegance","damage_taken":0,"max_hp_gain":0,"max_hp_loss":0,"event_name":"Back to Basics","floor":22,"gold_loss":0},{"damage_healed":0,"gold_gain":0,"player_choice":"Relic","damage_taken":0,"max_hp_gain":0,"max_hp_loss":0,"event_name":"Wheel of Change","floor":36,"gold_loss":0}],"is_beta":false,"boss_relics":[{"not_picked":["Runic Dome","Runic Pyramid"],"picked":"Koishi:ColorfulDays"},{"not_picked":["Tiny House","RedLine:ReiMu"],"picked":"Cursed Key"}],"items_purged_floors":[21,29,38],"is_endless":false,"potions_floor_spawned":[8,11,14,16,20,24,31,35,37,39,48],"ascension_level":0}}