{"host":"gnzcekuj4h0vhodg","time":1608157421,"event":{"mods":["2.2 Compatiblity","Act Like it!","Aspiration","BaseMod","Better Altar","Better Match","Better Note","Better Sensory Stone","Better Skull","Block Reminder","Conspire","Dio Mod","Downfall","Duelist Mod","Friendly Minions","Gensokyo","Googly Eyes","Gremlin Mod","Highlight Path","HololiveMod","Hubris","Infinite Spire","Jorbs\u0027s Wanderer Trilogy","KinomotoSakuraMod(????)","LagranYue(???·?)","Marisa????????","Mimic Mod","Minty Spire (QoL Compilation)","Quick Restart","Random Character Button","Rare Cards Sparkle","Replay The Spire","Small Relic Pack","Spicy Shops","Spikes Relics","StSLib","SuperFastMode","Td1madao Mod","The Animator","The Exalted","The IronCluck","The Poker Player","The Senshi","The Servant 0.9.4","Unceasing Turn Reminder","Wandering Minibosses","WarShipGirlsR/????R mod","Yohane!","everything is the same but u backflip on backflip","thorton","vexMod"],"gold_per_floor":[114,114,133,133,148,182,182,207,207,207,224,239,251,293,293,293,293],"floor_reached":16,"playtime":579,"items_purged":[],"score":159,"play_id":"0ed0c8e4-0b05-418c-a396-d6224b9d852e","local_time":"20201216172341","is_ascension_mode":true,"campfire_choices":[{"data":"True Grit","floor":7,"key":"SMITH"},{"data":"infinitespire:OneForAll","floor":10,"key":"SMITH"},{"floor":15,"key":"REST"}],"circlet_count":0,"master_deck":["Strike_R","Strike_R","Strike_R","Strike_R+1","Defend_R","Defend_R+1","Defend_R","Defend_R","Bash","Wild Strike","Dramatic Entrance","True Grit+1","Entrench","Run Through","infinitespire:OneForAll+1","Cleave","ReplayTheSpireMod:Strike From Hell","Armaments"],"relics":["Burning Blood","LagranYue:RandomDrawCardRelic","NeowsBlessing","hubris:OldNail","Bronze Scales","Simple Rune","CeramicFish"],"acts_visited":["Exordium"],"potions_floor_usage":[6,8,13,16],"damage_taken":[{"damage":0,"enemies":"Jaw Worm","floor":1,"turns":1},{"damage":0,"enemies":"2 Louse","floor":3,"turns":1},{"damage":0,"enemies":"infinitespire:Voidling","floor":5,"turns":1},{"damage":23,"enemies":"3 Sentries","floor":6,"turns":11},{"damage":24,"enemies":"Gremlin Nob","floor":8,"turns":4},{"damage":16,"enemies":"Large Slime","floor":11,"turns":5},{"damage":2,"enemies":"Looter","floor":12,"turns":3},{"damage":0,"enemies":"Exordium Wildlife","floor":13,"turns":2},{"damage":23,"enemies":"Lagavulin","floor":14,"turns":5},{"damage":58,"enemies":"The Guardian","floor":16,"turns":9}],"seed_played":"-1431027764511372295","potions_obtained":[{"floor":1,"key":"LiquidMemories"},{"floor":6,"key":"Weak Potion"},{"floor":8,"key":"Block Potion"},{"floor":11,"key":"SpeedPotion"}],"is_trial":false,"path_per_floor":["M","?","M","?","M","E","R","E","T","R","M","M","M","E","R","B"],"character_chosen":"IRONCLAD","items_purchased":[],"campfire_rested":1,"item_purchase_floors":[],"current_hp_per_floor":[78,78,80,80,80,63,63,45,45,45,35,39,45,28,52,0,0],"gold":293,"neow_bonus":"THREE_ENEMY_KILL","is_daily":false,"chose_seed":false,"campfire_upgraded":2,"win_rate":0.0,"timestamp":1608157421,"path_taken":["M","?","M","?","?","E","R","E","T","R","M","M","M","E","R","BOSS"],"items_purchased_type":[],"build_version":"2020-12-13","purchased_purges":0,"victory":false,"max_hp_per_floor":[80,80,80,80,80,80,80,80,80,80,80,80,80,80,80,80,80],"card_choices":[{"not_picked":["Havoc","Anger"],"picked":"Wild Strike","floor":1},{"not_picked":["Replay:SS_fish_3","expansioncontent:HyperBeam"],"picked":"Dramatic Entrance","floor":2},{"not_picked":["Disarm","Blood for Blood"],"picked":"True Grit","floor":3},{"not_picked":["Combust","Absolvement"],"picked":"Run Through","floor":5},{"not_picked":["Pummel","Headbutt","Combust"],"picked":"SKIP","floor":6},{"not_picked":["Limit Break","Clash"],"picked":"infinitespire:OneForAll","floor":8},{"not_picked":["Heavy Blade","Body Slam","Run Through"],"picked":"SKIP","floor":11},{"not_picked":["Pummel","Searing Blow"],"picked":"Cleave","floor":12},{"not_picked":["Evolve","Replay:Undeath\u0027s Touch"],"picked":"ReplayTheSpireMod:Strike From Hell","floor":13},{"not_picked":["ReplayTheSpireMod:Strike From Hell","True Grit"],"picked":"Armaments","floor":14}],"player_experience":488203,"relics_obtained":[{"floor":6,"key":"hubris:OldNail"},{"floor":8,"key":"Bronze Scales"},{"floor":9,"key":"Simple Rune"},{"floor":14,"key":"CeramicFish"}],"event_choices":[{"damage_healed":0,"gold_gain":1,"player_choice":"1","damage_taken":0,"max_hp_gain":0,"max_hp_loss":0,"event_name":"betterStone:BetterStone","floor":2,"gold_loss":0},{"damage_healed":0,"gold_gain":0,"cards_transformed":["Strike_R"],"player_choice":"Transformed","damage_taken":0,"max_hp_gain":0,"max_hp_loss":0,"event_name":"Transmorgrifier","floor":4,"gold_loss":0,"cards_obtained":["Entrench"]}],"is_beta":false,"boss_relics":[],"items_purged_floors":[],"is_endless":false,"potions_floor_spawned":[1,6,8,11],"killed_by":"The Guardian","ascension_level":6}}