{"host":"k8gerrcpv9xe1nxe","time":1608094344,"event":{"mods":["2.2 Compatiblity","AchievementEnabler","BaseMod","Bestiary","Minty Spire (QoL Compilation)","Relic Stats","StSLib"],"gold_per_floor":[113,124,124,139,159,202,227,227,227,268,268,85,85,98,98,98,98],"floor_reached":16,"playtime":374,"items_purged":[],"score":146,"play_id":"4964a378-c40e-43ed-ab7d-3bc343f01db3","local_time":"20201215235224","is_ascension_mode":true,"campfire_choices":[{"data":"Whirlwind","floor":8,"key":"SMITH"},{"floor":11,"key":"REST"},{"data":"Limit Break","floor":13,"key":"SMITH"},{"data":"Demon Form","floor":15,"key":"SMITH"}],"circlet_count":0,"master_deck":["Strike_R","Strike_R","Strike_R","Strike_R","Strike_R","Defend_R","Defend_R","Defend_R","Defend_R","Bash","Whirlwind+1","Anger","Perfected Strike","Thunderclap","Limit Break+1","Shrug It Off","Demon Form+1"],"relics":["Burning Blood","NeowsBlessing","Golden Idol","Strawberry","Meat on the Bone","Molten Egg 2"],"acts_visited":["Exordium"],"potions_floor_usage":[6,10,16],"damage_taken":[{"damage":0,"enemies":"Jaw Worm","floor":1,"turns":1},{"damage":0,"enemies":"Small Slimes","floor":2,"turns":1},{"damage":0,"enemies":"Cultist","floor":4,"turns":1},{"damage":9,"enemies":"Red Slaver","floor":5,"turns":4},{"damage":40,"enemies":"3 Sentries","floor":6,"turns":8},{"damage":19,"enemies":"Exordium Wildlife","floor":7,"turns":4},{"damage":30,"enemies":"Lagavulin","floor":10,"turns":5},{"damage":8,"enemies":"Lots of Slimes","floor":14,"turns":2},{"damage":71,"enemies":"The Guardian","floor":16,"turns":8}],"seed_played":"-6401342494466657599","potions_obtained":[{"floor":1,"key":"SpeedPotion"},{"floor":6,"key":"LiquidMemories"},{"floor":10,"key":"BloodPotion"}],"is_trial":false,"path_per_floor":["M","M","?","M","M","E","M","R","T","E","R","$","R","M","R","B"],"character_chosen":"IRONCLAD","items_purchased":["Limit Break","Shrug It Off"],"campfire_rested":1,"item_purchase_floors":[12,12],"current_hp_per_floor":[78,80,74,74,71,44,31,31,31,19,43,43,43,53,53,0,0],"gold":98,"neow_bonus":"THREE_ENEMY_KILL","is_daily":false,"chose_seed":false,"campfire_upgraded":3,"win_rate":0.0,"timestamp":1608094344,"path_taken":["M","M","?","M","M","E","M","R","T","E","R","$","R","M","R","BOSS"],"items_purchased_type":["Card","Card"],"build_version":"2020-12-13","purchased_purges":0,"victory":false,"max_hp_per_floor":[80,80,74,74,74,81,81,81,81,81,81,81,81,81,81,81,81],"relic_stats":{"counters":[9,34],"Golden Idol":32,"obtain_stats":[{"NeowsBlessing":0,"Golden Idol":3,"Strawberry":6,"Molten Egg 2":10,"Burning Blood":0,"Meat on the Bone":9},{"NeowsBlessing":0,"Golden Idol":2,"Strawberry":5,"Molten Egg 2":7,"Burning Blood":0,"Meat on the Bone":6},{"NeowsBlessing":0,"Golden Idol":2,"Strawberry":15,"Molten Egg 2":24,"Burning Blood":0,"Meat on the Bone":19}],"Burning Blood":38,"Meat on the Bone":24},"card_choices":[{"not_picked":["Dual Wield","Clash","Flex"],"picked":"SKIP","floor":1},{"not_picked":["Twin Strike","Havoc","Second Wind"],"picked":"SKIP","floor":2},{"not_picked":["Second Wind","Iron Wave"],"picked":"Whirlwind","floor":4},{"not_picked":["Sentinel","Flex"],"picked":"Anger","floor":5},{"not_picked":["Havoc","Iron Wave"],"picked":"Perfected Strike","floor":6},{"not_picked":["Dark Embrace","Perfected Strike"],"picked":"Thunderclap","floor":7},{"not_picked":["Barricade","Pummel+1","Clothesline+1"],"picked":"SKIP","floor":10},{"not_picked":["Anger+1","Clash+1"],"picked":"Demon Form","floor":14}],"player_experience":83665,"relics_obtained":[{"floor":6,"key":"Strawberry"},{"floor":9,"key":"Meat on the Bone"},{"floor":10,"key":"Molten Egg 2"}],"event_choices":[{"damage_healed":0,"gold_gain":0,"player_choice":"Lose Max HP","damage_taken":0,"relics_obtained":["Golden Idol"],"max_hp_gain":0,"max_hp_loss":6,"event_name":"Golden Idol","floor":3,"gold_loss":0}],"is_beta":false,"boss_relics":[],"items_purged_floors":[],"is_endless":false,"potions_floor_spawned":[1,6,10],"killed_by":"The Guardian","ascension_level":6}}