{"host":"6rmw1q50jy0xmvyl","time":1608114307,"event":{"mods":["BaseMod","Clockwork Mod","Duelist Mod","Minty Spire (QoL Compilation)","Remove Card Discount Mod","StSLib","??????REMEMod"],"gold_per_floor":[145,145,157,175,100,100,132,50,50,77,77,77,97,46,46,120,120,131,131,131,120,120,120],"floor_reached":22,"playtime":1056,"items_purged":["theDuelist:CastleWalls","theDuelist:CastleWalls","theDuelist:Sparks"],"score":317,"play_id":"1ef8cc2b-d423-41df-8dea-63ed28dbb30b","local_time":"20201216112507","is_ascension_mode":true,"campfire_choices":[{"data":"theDuelist:SliferSky","floor":6,"key":"SMITH"},{"floor":11,"key":"REST"},{"data":"theDuelist:CyberDragonNachster","floor":15,"key":"SMITH"}],"circlet_count":0,"master_deck":["AscendersBane","theDuelist:CaveDragon+1","theDuelist:SliferSky+1","theDuelist:DarkSparks+1","theDuelist:CyberDragonNachster+1","theDuelist:YamataDragon+1","theDuelist:BabyDragon","theDuelist:CaveDragon","theDuelist:LesserDragon","theDuelist:LesserDragon","theDuelist:RareSkillMetronome","theDuelist:SilverDragon","theDuelist:BlasterDragonInfernos","theDuelist:CastleDragonSouls","theDuelist:DragonZombie","theDuelist:Kabazauls","Trip","theDuelist:Scapegoat"],"relics":["theDuelist:MillenniumPuzzle","theDuelist:CardPoolRelic","theDuelist:CardPoolBasicRelic","theDuelist:BoosterPackPoolRelic","theDuelist:CardPoolAddRelic","theDuelist:CardPoolMinusRelic","theDuelist:CardPoolSaveRelic","theDuelist:CardPoolOptionsRelic","REME_ComplimentaryCards","Boot","REME_HourglassOfDeath","theDuelist:DuelistTeaSet","theDuelist:ShopToken","Paper Frog","theDuelist:DuelistOrichalcum","Inserter"],"acts_visited":["Exordium","TheCity"],"potions_floor_usage":[7,16,16],"damage_taken":[{"damage":0,"enemies":"Cultist","floor":1,"turns":3},{"damage":3,"enemies":"Jaw Worm","floor":3,"turns":3},{"damage":0,"enemies":"2 Louse","floor":4,"turns":2},{"damage":23,"enemies":"Gremlin Nob","floor":7,"turns":4},{"damage":1,"enemies":"Lagavulin","floor":10,"turns":7},{"damage":8,"enemies":"Large Slime","floor":13,"turns":5},{"damage":23,"enemies":"Slime Boss","floor":16,"turns":8},{"damage":40,"enemies":"Spheric Guardian","floor":18,"turns":7},{"damage":39,"enemies":"2 Thieves","floor":21,"turns":4},{"damage":26,"enemies":"Centurion and Healer","floor":22,"turns":2}],"seed_played":"-6618560709281372096","potions_obtained":[{"floor":1,"key":"AttackPotion"},{"floor":10,"key":"theDuelist:OrbBottle"},{"floor":13,"key":"theDuelist:MillenniumElixir"}],"is_trial":false,"path_per_floor":["M","T","M","M","$","R","E","$","T","E","R","?","M","$","R","B",null,"M","?","?","M","M"],"character_chosen":"THE_DUELIST","items_purchased":["theDuelist:SliferSky","theDuelist:DragonZombie","theDuelist:ShopToken","theDuelist:CyberDragonNachster"],"campfire_rested":1,"item_purchase_floors":[5,8,8,14],"current_hp_per_floor":[72,72,69,69,69,69,46,46,46,45,69,69,61,61,61,38,70,30,56,56,17,0,0],"gold":120,"neow_bonus":"RANDOM_COMMON_RELIC","is_daily":false,"chose_seed":false,"campfire_upgraded":2,"win_rate":0.0,"timestamp":1608114307,"path_taken":["M","?","?","M","$","R","E","?","T","E","R","?","?","$","R","BOSS","M","?","?","M","?"],"items_purchased_type":["Card","Card","Relic","Card"],"build_version":"2020-12-13","purchased_purges":3,"victory":false,"max_hp_per_floor":[80,80,80,80,80,80,80,80,80,80,80,80,80,80,80,80,80,80,80,80,80,80,80],"card_choices":[{"not_picked":["theDuelist:Pyrorex","theDuelist:AquaDolphin","theDuelist:HazyFlameHydra","theDuelist:DarkDriceratops","theDuelist:ArmedDragon3"],"picked":"SKIP","floor":1},{"not_picked":["theDuelist:CyberValley","theDuelist:BusterBlader","theDuelist:BlackStego","theDuelist:BlueEyesUltimate"],"picked":"theDuelist:SilverDragon","floor":3},{"not_picked":["theDuelist:WingedDragonRa","theDuelist:WaterDragon"],"picked":"theDuelist:BlasterDragonInfernos","floor":4},{"not_picked":["theDuelist:SilverWing","theDuelist:MiraculousDescent","theDuelist:GalaxySoldier"],"picked":"theDuelist:CastleDragonSouls","floor":7},{"not_picked":["theDuelist:BlackPtera","theDuelist:BarrelDragon","theDuelist:CyberTwinDragon","theDuelist:BlackBrachios"],"picked":"theDuelist:Kabazauls","floor":10},{"not_picked":["theDuelist:BlackPtera","theDuelist:DefenseDraw","theDuelist:LordD","theDuelist:DarkHorus","theDuelist:GalaxySoldier"],"picked":"SKIP","floor":13},{"not_picked":["theDuelist:SurvivalFittest","theDuelist:StardustDragon","theDuelist:GaiaDragonChamp","theDuelist:BusterBladerDDS"],"picked":"theDuelist:Scapegoat","floor":16},{"not_picked":["theDuelist:Kabazauls","theDuelist:Beatraptor","theDuelist:Hydrogeddon","theDuelist:DarkDriceratops","theDuelist:BlackStego"],"picked":"SKIP","floor":18},{"not_picked":["theDuelist:Kabazauls","theDuelist:BlackBrutdrago","theDuelist:FrostflameDragon","theDuelist:AquaDolphin","theDuelist:Pyrorex"],"picked":"SKIP","floor":21}],"player_experience":569667,"relics_obtained":[{"floor":2,"key":"REME_HourglassOfDeath"},{"floor":7,"key":"theDuelist:DuelistTeaSet"},{"floor":9,"key":"Paper Frog"},{"floor":10,"key":"theDuelist:DuelistOrichalcum"}],"event_choices":[{"damage_healed":0,"gold_gain":0,"player_choice":"1 cards matched","damage_taken":0,"max_hp_gain":0,"max_hp_loss":0,"event_name":"Match and Keep!","floor":12,"gold_loss":0,"cards_obtained":["Trip"]},{"damage_healed":26,"gold_gain":0,"player_choice":"Heal","damage_taken":0,"max_hp_gain":0,"max_hp_loss":0,"event_name":"The Library","floor":19,"gold_loss":0},{"damage_healed":0,"gold_gain":0,"player_choice":"Leave","duelist":true,"damage_taken":0,"max_hp_gain":0,"max_hp_loss":0,"event_name":"Tomb of the Nameless","floor":20,"gold_loss":0}],"is_beta":false,"boss_relics":[{"not_picked":["Calling Bell","theDuelist:MillenniumKey"],"picked":"Inserter"}],"items_purged_floors":[5,5,5],"is_endless":false,"potions_floor_spawned":[1,10,13],"killed_by":"Centurion and Healer","ascension_level":13}}