{"host":"9xy5zueecf5ncm9s","time":1608149676,"event":{"mods":["AchievementEnabler","Aspiration","Bard","BaseMod","Beaked The Cultist","Better Altar","Better Match","Better Note","Better Sensory Stone","Better Skull","Better Third Choice","BetterRewards","CCEM","Clawfect","Colored Powertips","Conspire","GifTheSpireLib","Googly Eyes","Halation","Hermit","Highlight Path","Hubris","Hunter ??","Infinite Spire","Jedi Mod","Mad Scientist","Minty Spire (QoL Compilation)","Permanent Neow","Replay The Spire","Shade Mod","Shop Mod","Spicy Shops","StSLib","Stuff the Spire","The Blackbeard","The Construct","The Cursed","The Disciple","The Gatherer","The Hierophant","The Jungle","The Mystic","The Necromancer","The Problem Sleuth","The Runesmith","The Servant 0.9.4","The Spell Scribe","The Witch","Unceasing Turn Reminder","everything is the same but u backflip on backflip"],"gold_per_floor":[111,111,111,127,139,139,152,152,152,184,284,318,318,50,50,155,155,191,205,205,205,218,257,257,276,276,290,290,310,310,329,329,343,343],"floor_reached":33,"playtime":3314,"items_purged":["conspire:Blindness"],"score":327,"play_id":"2ba6f598-2b2c-45f6-89e6-d657f829a5d1","local_time":"20201216151436","is_ascension_mode":false,"campfire_choices":[{"data":"Neutralize","floor":6.0,"key":"SMITH"},{"data":"StuffTheSpire:Injection","floor":6.0,"key":"SMITH"},{"floor":8.0,"key":"REST"},{"floor":13.0,"key":"REST"},{"data":"Toxin Wave","floor":15.0,"key":"SMITH"},{"data":"Poisoned Stab","floor":15.0,"key":"SMITH"},{"data":"Envenom","floor":24,"key":"SMITH"},{"data":"StuffTheSpire:DoubleShiv","floor":24,"key":"SMITH"},{"floor":28,"key":"REST"},{"floor":30,"key":"DIG"},{"floor":32,"key":"DIG"}],"circlet_count":0,"master_deck":["Strike_G","Strike_G","Strike_G","Strike_G","Strike_G","Defend_G","Defend_G","Defend_G","Defend_G","Defend_G","Survivor+1","Neutralize+1","Toxin Wave+1","StuffTheSpire:Injection+1","Blade Dance","Dodge and Roll","PiercingWail","Poisoned Stab+1","StuffTheSpire:Rapture","Bane","Adrenaline","jedi:pocketpoison","Outmaneuver","jedi:unstablefumes+1","StuffTheSpire:DoubleShiv+1","Dagger Throw","Envenom+1","Deadly Poison","jedi:unstablefumes","Backflip+1","jedi:pocketpoison","StuffTheSpire:BumpUp","Dagger Throw","Catalyst+1","Backflip+1"],"relics":["Replay:Arrowhead","Sizzling Blood","Prayer Wheel","Replay:WaspNest","halation:IllGainedPizza","StuffTheSpire:Saxophone","MerchantsRug","ReplayTheSpireMod:CursedCoin","aspiration:ServantSkillbook","StuffTheSpire:ForceGauntlet","Shovel","StuffTheSpire:MayFlowers","hubris:CuriousFeather","CCEMRelics:FestiveHat"],"acts_visited":["Exordium","TheCity"],"potions_floor_usage":[22,25,25,27],"damage_taken":[{"damage":2.0,"enemies":"2 Louse","floor":1.0,"turns":3.0},{"damage":2.0,"enemies":"Small Slimes","floor":4.0,"turns":5.0},{"damage":5.0,"enemies":"Cultist","floor":5.0,"turns":4.0},{"damage":6.0,"enemies":"3 Louse","floor":7.0,"turns":3.0},{"damage":22.0,"enemies":"Gremlin Nob","floor":10.0,"turns":4.0},{"damage":20.0,"enemies":"3 Sentries","floor":12.0,"turns":8.0},{"damage":57.0,"enemies":"Slime Boss","floor":16.0,"turns":11.0},{"damage":0,"enemies":"3 Byrds","floor":18,"turns":4},{"damage":0,"enemies":"Spheric Guardian","floor":19,"turns":4},{"damage":16,"enemies":"Snake Plant","floor":22,"turns":2},{"damage":0,"enemies":"Nightmare","floor":23,"turns":7},{"damage":22,"enemies":"Shelled Parasite and Fungi","floor":25,"turns":4},{"damage":3,"enemies":"Snecko","floor":27,"turns":4},{"damage":0,"enemies":"conspire:HollyBat","floor":29,"turns":7},{"damage":0,"enemies":"3 Cultists","floor":31,"turns":4},{"damage":84,"enemies":"Collector","floor":33,"turns":6}],"seed_played":"8048389110993425271","potions_obtained":[{"floor":4.0,"key":"CultistPotion"},{"floor":10.0,"key":"PowerPotion"},{"floor":12.0,"key":"jedi:tentaclejuice"},{"floor":18,"key":"BlessingOfTheForge"},{"floor":19,"key":"Poison Potion"},{"floor":25,"key":"Reflective Coating"}],"is_trial":false,"path_per_floor":["M","?","?","M","M","R","M","R","T","E","?","E","R","$","R","B",null,"M","M","T","?","M","NM","R","M","T","M","R","M","R","M","R","B"],"character_chosen":"THE_SILENT","items_purchased":["StuffTheSpire:Saxophone","MerchantsRug","ReplayTheSpireMod:CursedCoin","Bane"],"campfire_rested":3,"item_purchase_floors":[14,14,14,14],"current_hp_per_floor":[47,51,51,53,52,52,50,72,72,54,54,38,60,60,60,7,74,74,74,74,74,62,66,66,48,48,49,71,74,74,74,74,0,0],"gold":343,"neow_bonus":"ONE_RARE_RELIC","is_daily":false,"chose_seed":false,"campfire_upgraded":6,"win_rate":0.0,"timestamp":1608149676,"path_taken":["M","?","?","M","M","R","M","R","T","E","?","E","R","$","R","BOSS","M","M","?","?","M","NM","R","?","T","?","R","M","R","M","R","BOSS"],"items_purchased_type":["Relic","Relic","Relic","Card"],"build_version":"2020-12-13","purchased_purges":1,"victory":false,"max_hp_per_floor":[70,74,74,74,74,74,74,74,74,74,74,74,74,74,74,74,74,74,74,74,74,74,74,74,74,74,74,74,74,74,74,74,74,74],"card_choices":[{"not_picked":["StuffTheSpire:Injection","Backflip"],"picked":"Toxin Wave","floor":1.0},{"not_picked":["Fluid Movement","Calculated Gamble"],"picked":"StuffTheSpire:Injection","floor":4.0},{"not_picked":["Quick Slash","ReplayTheSpireMod:The Works"],"picked":"Blade Dance","floor":5.0},{"not_picked":["Eviscerate","Sucker Punch"],"picked":"Dodge and Roll","floor":7.0},{"not_picked":["Tactician","StuffTheSpire:Incursion"],"picked":"PiercingWail","floor":10.0},{"not_picked":["Underhanded Strike","ReplayTheSpireMod:Shiv Toss"],"picked":"Poisoned Stab","floor":12.0},{"not_picked":["Glass Knife","Burst"],"picked":"Adrenaline","floor":16.0},{"not_picked":["ShatteredReality+1","Toxin Wave+1","ReplayTheSpireMod:The Works+1"],"picked":"jedi:pocketpoison","floor":18},{"not_picked":["Choke+1","PiercingWail","Potential"],"picked":"Outmaneuver","floor":18},{"not_picked":["Dagger Throw+1","BottledTime","Toxin Wave"],"picked":"jedi:unstablefumes+1","floor":19},{"not_picked":["Heel Hook+1","MoonPhase","Predator"],"picked":"StuffTheSpire:DoubleShiv","floor":19},{"not_picked":["Well Laid Plans+1","Spin","StuffTheSpire:Repulse+1"],"picked":"Dagger Throw","floor":22},{"not_picked":["Rewind","DoubleEdge","Manipulate","hubris:SlightOfHand"],"picked":"SKIP","floor":22},{"not_picked":["Quick Slash","Replace","DoubleEdge"],"picked":"Envenom","floor":23},{"not_picked":["Dodge and Roll","Ricochet","jedi:pocketpoison"],"picked":"Deadly Poison","floor":25},{"not_picked":["Escape Plan","Rearm","Rewind+1"],"picked":"jedi:unstablefumes","floor":25},{"not_picked":["MurderousAura","Unruled+1","Deadline"],"picked":"Backflip+1","floor":27},{"not_picked":["StuffTheSpire:Python+1","Rearm","Flying Knee"],"picked":"jedi:pocketpoison","floor":27},{"not_picked":["Choke","FastForward+1","Flying Knee+1"],"picked":"StuffTheSpire:BumpUp","floor":29},{"not_picked":["SilverMatrix","Snipe","Starlight"],"picked":"Dagger Throw","floor":29},{"not_picked":["Ricochet","Rearm","Spin"],"picked":"Catalyst+1","floor":31},{"not_picked":["Sneak Up","Bane","Acrobatics+1"],"picked":"Backflip+1","floor":31}],"player_experience":92261,"relics_obtained":[{"floor":9.0,"key":"Prayer Wheel"},{"floor":10.0,"key":"Replay:WaspNest"},{"floor":12.0,"key":"halation:IllGainedPizza"},{"floor":20,"key":"StuffTheSpire:ForceGauntlet"},{"floor":23,"key":"Shovel"},{"floor":26,"key":"StuffTheSpire:MayFlowers"},{"floor":30,"key":"hubris:CuriousFeather"},{"floor":32,"key":"CCEMRelics:FestiveHat"}],"event_choices":[{"damage_healed":0.0,"max_hp_gain":0.0,"max_hp_loss":0.0,"gold_gain":100.0,"event_name":"Golden Shrine","player_choice":"Pray","floor":11.0,"gold_loss":0.0,"damage_taken":0.0},{"damage_healed":0,"gold_gain":0,"player_choice":"Got Potions","damage_taken":0,"max_hp_gain":0,"max_hp_loss":0,"event_name":"Lab","floor":21,"gold_loss":0}],"is_beta":false,"boss_relics":[{"not_picked":["ReplayTheSpireMod:DimensionalGlitch","construct:ClawGrip"],"picked":"aspiration:ServantSkillbook"}],"items_purged_floors":[14],"is_endless":true,"potions_floor_spawned":[4,10,12,18,19,25],"killed_by":"Collector","ascension_level":0}}