{"host":"omov159tyjzan9wn","time":1608124692,"event":{"mods":["2.2 Compatiblity","AchievementEnabler","Aspiration","BaseMod","Better Note","BetterRewards","Colored Powertips","Downfall","Friendly Minions","Googly Eyes","Hermit","Highlight Path","Hubris","KinomotoSakuraMod(????)","Kiyohime????","Koishi","Lobotomy","Mad Scientist","Marisa????????","Minty Spire (QoL Compilation)","Prisma Mod","Quick Restart","Remilia??????","Replay The Spire","Shop Mod","StSLib","The Administrix","The Animator","The Bug Knight","The Cursed","The Hierophant","The IronCluck","The Mystic","The Servant 0.9.4","Yohane!","everything is the same but u backflip on backflip"],"gold_per_floor":[130,159,171,193,222,265,292,336,348,360,382,394,406,438,450,564,576,602,630,642,634,660,672,712,739,751,776,72,86,86,105,105,202,252,266,266,31,49,61,61,77,17,17,17,36,48,63,89,89,89],"floor_reached":51,"playtime":4335,"items_purged":["HollowMod:NailStrikeStart","HollowMod:NailStrikeStart"],"score":1192,"play_id":"8f591b27-3b9e-4ad9-8633-23965f5212b6","local_time":"20201216131812","is_ascension_mode":false,"campfire_choices":[{"data":"Feed","floor":12,"key":"SMITH"},{"data":"HollowMod:LifebloodCocoon","floor":15,"key":"SMITH"},{"data":"HollowMod:MantisMark","floor":23,"key":"SMITH"},{"data":"HollowMod:LifebloodCocoon","floor":32,"key":"SMITH"},{"data":"HollowMod:HuntersJournal","floor":32,"key":"SMITH"},{"data":"hubris:EnhanceAbility","floor":40,"key":"SMITH"},{"data":"HollowMod:HuntersJournal","floor":40,"key":"SMITH"},{"data":"HollowMod:HornetsHelp","floor":44,"key":"SMITH"},{"data":"HollowMod:MidwifesHunger","floor":44,"key":"SMITH"},{"data":"HollowMod:ElderbugsWisdom","floor":49,"key":"SMITH"},{"data":"HollowMod:MantisMark","floor":49,"key":"SMITH"}],"circlet_count":0,"master_deck":["HollowMod:NailStrikeStart+1","HollowMod:NailStrikeStart+1","HollowMod:QuickDashStart","HollowMod:QuickDashStart","HollowMod:QuickDashStart","HollowMod:QuickDashStart","HollowMod:FocusHealStart+1","HollowMod:PogoStrike","Feed+1","Feed","Adrenaline+1","Adrenaline+1","HollowMod:ZotesMagnificence","HollowMod:NewLittleFool+1","HollowMod:CrystalDash","HollowMod:CloakDash","HollowMod:ChannelNail","HollowMod:LifebloodCocoon+1","HollowMod:HuntersJournal","HollowMod:VoidDash","HollowMod:QuirrelsAssistance+1","HollowMod:VoidDash","HollowMod:AbyssShriek+1","HollowMod:BlackTendrils+1","HollowMod:MantisMark+1","HollowMod:MantisMark+1","HollowMod:MantisMark+1","HollowMod:SiblingsSouls+1","HollowMod:RecoilStrike+1","HollowMod:ShapeofUnn","HollowMod:DashSlash","HollowMod:SiblingsShadow+1","HollowMod:LifebloodCocoon+1","HollowMod:ShadowDash","HollowMod:MantisMark+1","HollowMod:HuntersJournal+1","HollowMod:MidwifesHunger+1","HollowMod:WraithStrike","HollowMod:HeavyBlow+1","HollowMod:VoidDash","HollowMod:SlysStrikes","HollowMod:FastStrike+1","HollowMod:CloakDash","HollowMod:HuntersJournal+1","HollowMod:VengefulVoid","hubris:EnhanceAbility+1","Violence","HollowMod:ShadowDash","HollowMod:AbyssShriek+1","HollowMod:HornetsHelp+1","Parasite","HollowMod:ElderbugsWisdom+1","HollowMod:FastStrike+1","HollowMod:MantisMark"],"relics":["HollowMod:VesselMask","Membership Card","The Courier","Gremlin Horn","Nunchaku","Bronze Scales","Mercury Hourglass","Ring of Chaos","Slimebound:TarBlob","HornCleat","Durian","Chameleon Ring","Replay:Arrowhead","hubris:BottledRain","aspiration:FrozenJewel","WarpedTongs","BargainBundle","aspiration:StickyExplosives_weak","Lantern","Bag of Marbles","Mirror","MerchantsRug","hubris:TenFootPole","HollowMod:PaleOreRelic","hubris:Spice","Frozen Egg 2"],"acts_visited":["Exordium","TheCity","TheBeyond"],"potions_floor_usage":[7,8,24,25,25,27,27,50],"damage_taken":[{"damage":0,"enemies":"2 Louse","floor":1,"turns":3},{"damage":0,"enemies":"Jaw Worm","floor":2,"turns":1},{"damage":0,"enemies":"Cultist","floor":4,"turns":2},{"damage":0,"enemies":"Looter","floor":5,"turns":1},{"damage":0,"enemies":"HollowMod:MossKnight","floor":6,"turns":3},{"damage":0,"enemies":"HollowMod:HuskWarrior","floor":7,"turns":5},{"damage":9,"enemies":"3 Sentries","floor":8,"turns":4},{"damage":0,"enemies":"Blue Slaver","floor":11,"turns":1},{"damage":0,"enemies":"Exordium Thugs","floor":14,"turns":2},{"damage":3,"enemies":"Fading Forest","floor":16,"turns":11},{"damage":0,"enemies":"Shell Parasite","floor":18,"turns":3},{"damage":0,"enemies":"Chosen","floor":19,"turns":4},{"damage":0,"enemies":"Snake Plant","floor":22,"turns":2},{"damage":4,"enemies":"Book of Stabbing","floor":24,"turns":4},{"damage":0,"enemies":"Snecko","floor":25,"turns":4},{"damage":0,"enemies":"3 Cultists","floor":27,"turns":3},{"damage":11,"enemies":"Shelled Parasite and Fungi","floor":29,"turns":4},{"damage":0,"enemies":"Centurion and Healer","floor":31,"turns":2},{"damage":2,"enemies":"Pondfish","floor":33,"turns":8},{"damage":0,"enemies":"3 Darklings","floor":35,"turns":4},{"damage":0,"enemies":"3 Shapes","floor":38,"turns":3},{"damage":0,"enemies":"Jaw Worm Horde","floor":39,"turns":3},{"damage":0,"enemies":"Maw","floor":41,"turns":4},{"damage":0,"enemies":"Writhing Mass","floor":45,"turns":3},{"damage":0,"enemies":"Sphere and 2 Shapes","floor":46,"turns":1},{"damage":0,"enemies":"Spire Growth","floor":47,"turns":1},{"damage":0,"enemies":"R_Hoarder","floor":48,"turns":1},{"damage":29,"enemies":"Donu and Deca","floor":50,"turns":4}],"seed_played":"2878782652870858844","potions_obtained":[{"floor":4,"key":"Milkshake"},{"floor":5,"key":"hexamod:EctoCoolerPotion"},{"floor":6,"key":"sneckomod:MuddlingPotion"},{"floor":7,"key":"LiquidMemories"},{"floor":21,"key":"Guardian:BlockOnCardUsePotion"},{"floor":22,"key":"SneckoOil"},{"floor":24,"key":"Reflective Coating"},{"floor":25,"key":"Swift Potion"},{"floor":29,"key":"Guardian:BlockOnCardUsePotion"},{"floor":34,"key":"Regen Potion"},{"floor":38,"key":"Swift Potion"},{"floor":45,"key":"champ:CounterPotion"},{"floor":46,"key":"Adrenaline Potion"},{"floor":47,"key":"Dexterity Potion"}],"is_trial":false,"path_per_floor":["M","M","?","M","M","E","M","E","T","?","M","R","?","M","R","B",null,"M","M","?","?","M","R","E","M","T","M","$","M","?","M","R","B",null,"M","?","$","M","M","R","M","$","T","R","M","M","M","E","R","B",null],"character_chosen":"THE_BUGKNIGHT","items_purchased":["Durian","Chameleon Ring","Whetstone","HollowMod:ShapeofUnn","Replay:Arrowhead","hubris:BottledRain","Orrery","HollowMod:MantisMark","HollowMod:HuntersJournal","HollowMod:MidwifesHunger","HollowMod:WraithStrike","BargainBundle","aspiration:StickyExplosives_weak","Lantern","Bag of Marbles","Mirror","HollowMod:CloakDash","HollowMod:HuntersJournal","HollowMod:VengefulVoid","hubris:EnhanceAbility","MerchantsRug","hubris:TenFootPole","HollowMod:PaleOreRelic","Violence","HollowMod:HornetsHelp"],"campfire_rested":0,"item_purchase_floors":[28,28,28,28,28,28,28,28,28,28,28,37,37,37,37,37,37,37,37,37,37,37,37,37,42],"current_hp_per_floor":[88,91,73,79,82,91,103,103,103,103,106,106,106,113,113,116,116,120,123,123,123,127,127,127,130,130,133,138,138,138,138,138,136,143,143,143,143,143,143,143,143,143,151,151,151,151,151,151,151,144],"gold":89,"neow_bonus":"TEN_PERCENT_HP_BONUS","is_daily":false,"chose_seed":false,"campfire_upgraded":11,"win_rate":0.0,"timestamp":1608124692,"path_taken":["M","M","?","M","M","E","M","E","T","?","?","R","?","M","R","BOSS","M","?","?","?","?","R","E","M","T","M","$","M","?","M","R","BOSS","M","?","$","M","M","R","M","$","T","R","?","M","M","E","R","BOSS"],"items_purchased_type":["Relic","Relic","Relic","Card","Relic","Relic","Relic","Card","Card","Card","Card","Relic","Relic","Card","Relic","Relic","Card","Card","Card","Card","Relic","Relic","Relic","Card","Card"],"build_version":"2020-12-13","purchased_purges":2,"victory":true,"max_hp_per_floor":[88,91,91,91,94,97,103,106,106,106,109,109,109,116,116,116,116,120,123,123,123,127,127,127,130,130,133,138,138,138,138,138,138,143,143,143,143,143,143,143,143,143,151,151,151,151,151,151,151,155],"card_choices":[{"not_picked":["HollowMod:ShadowDash","HollowMod:GoodIntentions","HollowMod:AbyssShriek"],"picked":"SKIP","floor":1},{"not_picked":["HollowMod:WraithStrike","HollowMod:SoulSplash"],"picked":"HollowMod:ZotesMagnificence","floor":2},{"not_picked":["HollowMod:ShadowDash","HollowMod:VengefulVoid"],"picked":"HollowMod:NewLittleFool","floor":4},{"not_picked":["HollowMod:DoubleDash","HollowMod:VengefulVoid"],"picked":"HollowMod:CrystalDash","floor":5},{"not_picked":["HollowMod:SoulShaman","HollowMod:MawleksShell"],"picked":"HollowMod:BaldurShell","floor":6},{"not_picked":["HollowMod:DreamGate","HollowMod:SiblingsShadow"],"picked":"HollowMod:CloakDash","floor":7},{"not_picked":["HollowMod:SiblingsSouls","HollowMod:BaldurShell"],"picked":"HollowMod:ChannelNail","floor":8},{"not_picked":["HollowMod:Hiveblood","HollowMod:HeavyBlow"],"picked":"HollowMod:LifebloodCocoon","floor":11},{"not_picked":["HollowMod:InfectedCysts","HollowMod:SoulEater"],"picked":"HollowMod:QuirrelsAssistance","floor":14},{"not_picked":["HollowMod:ElderbugsWisdom","HollowMod:NewInfectedGuardian"],"picked":"HollowMod:VoidDash","floor":16},{"not_picked":["HollowMod:Grubsong+1","HollowMod:SoulStrike"],"picked":"HollowMod:TaintedHusks+1","floor":18},{"not_picked":["HollowMod:GreatSlash","HollowMod:SoulEater","HollowMod:MawleksShell"],"picked":"SKIP","floor":19},{"not_picked":["HollowMod:GreatSlash","HollowMod:SoulEater","HollowMod:MawleksShell"],"picked":"SKIP","floor":19},{"not_picked":["HollowMod:GreatSlash","HollowMod:SoulEater","HollowMod:MawleksShell"],"picked":"SKIP","floor":19},{"not_picked":["HollowMod:CoiledNail","HollowMod:DashSlash+1"],"picked":"HollowMod:MantisMark","floor":22},{"not_picked":["HollowMod:TaintedHusks","HollowMod:CycloneSlash+1"],"picked":"HollowMod:SiblingsSouls+1","floor":24},{"not_picked":["HollowMod:GreatSlash+1","HollowMod:TaintedHusks"],"picked":"HollowMod:RecoilStrike+1","floor":25},{"not_picked":["HollowMod:MidwifesHunger","HollowMod:FallenFury","HollowMod:QuirrelsAssistance"],"picked":"SKIP","floor":27},{"not_picked":["HollowMod:DoubleDash+1","HollowMod:HowlingWraiths"],"picked":"HollowMod:DashSlash","floor":28},{"not_picked":["HollowMod:theNailsmith","HollowMod:WraithStrike"],"picked":"HollowMod:SiblingsShadow+1","floor":28},{"not_picked":["HollowMod:MonarchWings","HollowMod:NewLittleFool+1"],"picked":"HollowMod:LifebloodCocoon","floor":28},{"not_picked":["HollowMod:MothsMistake+1","HollowMod:DashSlash"],"picked":"HollowMod:ShadowDash","floor":28},{"not_picked":["HollowMod:ChannelNail","HollowMod:BaldurShell"],"picked":"HollowMod:HeavyBlow+1","floor":29},{"not_picked":["HollowMod:GoodIntentions","HollowMod:CornifersMapStart"],"picked":"HollowMod:VoidDash","floor":31},{"not_picked":["HollowMod:SoulMaster","HollowMod:theNailsmith"],"picked":"HollowMod:SlysStrikes","floor":33},{"not_picked":["HollowMod:HeavyBlow","HollowMod:HowlingWraiths"],"picked":"HollowMod:FastStrike+1","floor":34},{"not_picked":["HollowMod:CrystalDash","HollowMod:CornifersMapStart+1","HollowMod:HowlingWraiths+1"],"picked":"SKIP","floor":35},{"not_picked":["HollowMod:HowlingWraiths+1","HollowMod:SoulSplash+1"],"picked":"HollowMod:ShadowDash","floor":38},{"not_picked":["HollowMod:ShapeofUnn+1","HollowMod:SoulStrike+1","HollowMod:GoodIntentions+1"],"picked":"SKIP","floor":39},{"not_picked":["HollowMod:LifebloodCocoon","HollowMod:InfectionAssault"],"picked":"HollowMod:AbyssShriek+1","floor":41},{"not_picked":["HollowMod:QuirrelsAssistance+1","HollowMod:DashSlash+1"],"picked":"HollowMod:ElderbugsWisdom","floor":45},{"not_picked":["HollowMod:WraithStrike+1","HollowMod:CycloneSlash+1"],"picked":"HollowMod:FastStrike+1","floor":46},{"not_picked":["HollowMod:InfectionAssault+1","HollowMod:FallenFury","HollowMod:SoulSplash+1"],"picked":"SKIP","floor":47},{"not_picked":["HollowMod:GreatSlash","HollowMod:MothsMistake+1"],"picked":"HollowMod:MantisMark","floor":48}],"player_experience":74832,"relics_obtained":[{"floor":6,"key":"Gremlin Horn"},{"floor":8,"key":"Nunchaku"},{"floor":9,"key":"aspiration:SeaSaltIceCream"},{"floor":10,"key":"Mercury Hourglass"},{"floor":26,"key":"HornCleat"},{"floor":43,"key":"hubris:Spice"},{"floor":48,"key":"Frozen Egg 2"}],"event_choices":[{"damage_healed":0,"gold_gain":0,"player_choice":"Entered Light","damage_taken":18,"max_hp_gain":0,"max_hp_loss":0,"event_name":"Shining Light","floor":3,"gold_loss":0,"cards_upgraded":["HollowMod:NailStrikeStart","HollowMod:FocusHealStart"]},{"damage_healed":0,"gold_gain":0,"player_choice":"Relic","damage_taken":0,"max_hp_gain":0,"max_hp_loss":0,"event_name":"Wheel of Change","floor":10,"gold_loss":0},{"damage_healed":0,"gold_gain":0,"player_choice":"2 cards matched","damage_taken":0,"max_hp_gain":0,"max_hp_loss":0,"event_name":"Match and Keep!","floor":13,"gold_loss":0,"cards_obtained":["HollowMod:HuntersJournal","HollowMod:VoidDash"]},{"cards_removed":["Adrenaline"],"damage_healed":0,"gold_gain":0,"player_choice":"Give","damage_taken":0,"max_hp_gain":0,"max_hp_loss":0,"event_name":"betterNote:BetterNote","floor":20,"gold_loss":0,"cards_obtained":["Regret"]},{"damage_healed":0,"gold_gain":0,"player_choice":"Bought 1 Potion","damage_taken":0,"max_hp_gain":0,"max_hp_loss":0,"event_name":"The Woman in Blue","floor":21,"gold_loss":0},{"damage_healed":0,"gold_gain":0,"player_choice":"Rummage","damage_taken":0,"relics_obtained":["WarpedTongs"],"max_hp_gain":0,"max_hp_loss":0,"event_name":"Accursed Blacksmith","floor":36,"gold_loss":0,"cards_obtained":["Pain"]}],"is_beta":false,"boss_relics":[{"not_picked":["Sozu","ChewingGum"],"picked":"Ring of Chaos"},{"not_picked":["aspiration:ServantSkillbook","hubris:BlackHole"],"picked":"Tiny House"}],"items_purged_floors":[28,37],"is_endless":false,"potions_floor_spawned":[4,5,6,7,22,24,25,29,38,45,46,47],"ascension_level":0}}