{"host":"3srbdas3e7jgqz5l","time":1608130161,"event":{"mods":["BaseMod","Downfall","Minty Spire (QoL Compilation)","StSLib","The Cursed"],"gold_per_floor":[99,99,99,130,130,148,171,229,264,274,289,289,132,147,166,270,270,270,270,270,295,295,295],"floor_reached":22,"playtime":2331,"items_purged":["Slimebound:Strike_Slimebound"],"score":235,"play_id":"29d14156-d3d5-47ad-8cf8-41d147b30a9e","local_time":"20201216144921","is_ascension_mode":false,"campfire_choices":[{"data":"Slimebound:Split","floor":1,"key":"SMITH"},{"data":"Slimebound:CorrosiveSpit","floor":3,"key":"SMITH"},{"data":"Slimebound:Gluttony","floor":18,"key":"SMITH"},{"data":"Slimebound:SlimeSpikes","floor":20,"key":"SMITH"}],"circlet_count":0,"master_deck":["Slimebound:Strike_Slimebound","Slimebound:Strike_Slimebound","Slimebound:Tackle","Slimebound:Defend_Slimebound","Slimebound:Defend_Slimebound","Slimebound:Defend_Slimebound","Slimebound:Defend_Slimebound","Slimebound:Split+1","Slimebound:CorrosiveSpit+1","Slimebound:PressTheAttack","Slimebound:LeechingTouch","Slimebound:SamplingLick","Slimebound:GoopSpray","Slimebound:Gluttony+1","Slimebound:SlimeTap","Slimebound:SlimeSpikes+1","Slimebound:RollThrough+1","Slimebound:SlimeBarrage+1","Slimebound:LivingWall","Slimebound:MinionMaster","Slimebound:MassFeed+1","Slimebound:LivingWall"],"relics":["Slimebound:AbsorbEndCombat","downfall:HeartsMalice","Boot","MealTicket","Blood Vial","Molten Egg 2","Slimebound:TarBlob","Kunai"],"acts_visited":["Exordium","TheCity"],"potions_floor_usage":[16],"damage_taken":[{"damage":0,"enemies":"Cultist","floor":2,"turns":1},{"damage":0,"enemies":"3 Sentries","floor":4,"turns":1},{"damage":0,"enemies":"Jaw Worm","floor":5,"turns":1},{"damage":13,"enemies":"Small Slimes","floor":6,"turns":3},{"damage":51,"enemies":"Gremlin Nob","floor":8,"turns":5},{"damage":23,"enemies":"Lagavulin","floor":9,"turns":5},{"damage":17,"enemies":"Exordium Thugs","floor":10,"turns":6},{"damage":11,"enemies":"Large Slime","floor":11,"turns":4},{"damage":9,"enemies":"downfall:FleeingMerchant","floor":13,"turns":4},{"damage":8,"enemies":"2 Fungi Beasts","floor":14,"turns":3},{"damage":28,"enemies":"Exordium Thugs","floor":15,"turns":5},{"damage":53,"enemies":"downfall:Silent","floor":16,"turns":10},{"damage":57,"enemies":"Book of Stabbing","floor":21,"turns":6},{"damage":34,"enemies":"downfall:Defect","floor":22,"turns":5}],"seed_played":"-6978059491451433620","potions_obtained":[{"floor":4,"key":"Dexterity Potion"},{"floor":11,"key":"Regen Potion"},{"floor":14,"key":"DuplicationPotion"},{"floor":21,"key":"Explosive Potion"}],"is_trial":false,"path_per_floor":["R","M","R","E","M","M","T","?","E","M","M","?","$","M","M","B",null,"R","?","R","E","?"],"character_chosen":"SLIMEBOUND","items_purchased":["Slimebound:SlimeBarrage+1"],"campfire_rested":0,"item_purchase_floors":[13],"current_hp_per_floor":[60,60,60,60,60,60,60,19,14,23,32,60,60,60,48,32,60,60,50,50,19,0,0],"gold":295,"neow_bonus":"THREE_ENEMY_KILL","is_daily":false,"chose_seed":false,"campfire_upgraded":4,"win_rate":0.0,"timestamp":1608130161,"path_taken":["R","?","R","E","M","?","T","?","E","M","M","?","$","?","M","BOSS","R","?","R","E","?"],"items_purchased_type":["Card"],"build_version":"2020-12-13","purchased_purges":1,"victory":false,"max_hp_per_floor":[60,60,60,60,60,60,60,60,60,60,60,60,60,60,60,60,60,60,65,65,65,65,65],"card_choices":[{"not_picked":["Slimebound:SlimeBrawl","Slimebound:ComboTackle"],"picked":"Slimebound:PressTheAttack","floor":2},{"not_picked":["Slimebound:BestDefense","Slimebound:FinishingTackle"],"picked":"Slimebound:LeechingTouch","floor":4},{"not_picked":["Slimebound:Dissolve","Slimebound:SlimeBrawl"],"picked":"Slimebound:SamplingLick","floor":5},{"not_picked":["Slimebound:SlimeSpikes","Slimebound:SplitLeeching"],"picked":"Slimebound:GoopSpray","floor":6},{"not_picked":["Slimebound:LivingWall","Slimebound:GoopSpray"],"picked":"Slimebound:Gluttony","floor":8},{"not_picked":["Slimebound:Teamwork","Slimebound:SplitBruiser"],"picked":"Slimebound:ProtectTheBoss","floor":9},{"not_picked":["Slimebound:SlimeSpikes","Slimebound:SplitAcid"],"picked":"Slimebound:SlimeTap","floor":10},{"not_picked":["Slimebound:Gluttony","Slimebound:SpikyOuterGoop"],"picked":"Slimebound:SlimeSpikes","floor":11},{"not_picked":["Slimebound:SamplingLick","Slimebound:SplitMire"],"picked":"Slimebound:RollThrough+1","floor":13},{"not_picked":["Slimebound:GrowthPunch+1","Slimebound:RejuvenatingLick"],"picked":"Slimebound:LivingWall","floor":14},{"not_picked":["Slimebound:RainOfGoop","Slimebound:SamplingLick"],"picked":"Slimebound:MinionMaster","floor":15},{"not_picked":["Slimebound:DuplicatedForm","Slimebound:MassRepurpose"],"picked":"Slimebound:MassFeed+1","floor":16},{"not_picked":["Slimebound:SplitMire","Slimebound:ComboTackle+1"],"picked":"Slimebound:LivingWall","floor":21}],"player_experience":389554,"relics_obtained":[{"floor":4,"key":"Boot"},{"floor":7,"key":"MealTicket"},{"floor":8,"key":"Blood Vial"},{"floor":9,"key":"Molten Egg 2"},{"floor":21,"key":"Kunai"}],"event_choices":[{"cards_removed":["Slimebound:ProtectTheBoss"],"damage_healed":28,"gold_gain":0,"player_choice":"Offered Uncommon","damage_taken":0,"max_hp_gain":0,"max_hp_loss":0,"event_name":"Bonfire Elementals","floor":12,"gold_loss":0}],"is_beta":false,"boss_relics":[{"not_picked":["Busted Crown","Black Star"],"picked":"Slimebound:TarBlob"}],"items_purged_floors":[13],"is_endless":false,"potions_floor_spawned":[4,11,14,15,21],"killed_by":"downfall:Defect","ascension_level":0}}