{"host":"v0byp44r5syn346h","time":1608088986,"event":{"mods":["2.2 Compatiblity","AchievementEnabler","Act Like it!","AlwaysNeverKeys","Aspiration","BaseMod","Bestiary","Better Match","Better Note","Better Skull","Better Third Choice","Better Vampires","BetterRewards","Card Filter","Colored Map","Colored Powertips","Conspire","Defuse TimeMaze Blight","Displayed Cursed Tome","Downfall","Friendly Minions","Gremlin Skip","Halation","Highlight Path","Hubris","Infinite Spire","Minty Spire (QoL Compilation)","Pale of the Ancients","Quarter Circle Forward PUNCH!","Quick Restart","Random Character Button","Rare Cards Sparkle","Relic Filter","Relic Stats","Reorder Act Four","Replay The Spire","Reworked Bosses","Shop Mod","Spicy Shops","Spikes Relics","StSLib","SuperFastMode","The Blue Laboratory","The Construct","The Cursed","The Hierophant","The Jungle","Thieving Mod","Trackpad","Unknown Chances","egg","vexMod"],"gold_per_floor":[112,87,87,87,87,87,87,13,13,39,50,50,79,2,2,99,99,116,116,130,130,130,130,130,130,154,182,182,182,182,208,208,303,403,418,418,418,418,227,227,260,294,294,328,353,353,353,353,367,122,122,122,133,147,162,162,162,162,162,162,8,8,8],"floor_reached":64,"playtime":1534,"items_purged":["Strike_P","Strike_P","Strike_P","Strike_P","Defend_P","Defend_P","Protect+1","ThirdEye+1"],"score":3185,"play_id":"674f1ed5-f397-4969-90ae-c3080d37dc31","local_time":"20201216042306","is_ascension_mode":true,"campfire_choices":[{"data":"TalkToTheHand","floor":6,"key":"SMITH"},{"data":"LessonLearned","floor":12,"key":"SMITH"},{"data":"Eruption","floor":15,"key":"SMITH"},{"data":"conspire:GhostlyDefend","floor":23,"key":"SMITH"},{"data":"conspire:GhostlyDefend","floor":25,"key":"SMITH"},{"data":"conspire:GhostlyDefend","floor":28,"key":"SMITH"},{"data":"conspire:GhostlyDefend","floor":30,"key":"SMITH"},{"data":"conspire:GhostlyDefend","floor":32,"key":"SMITH"},{"data":"conspire:GhostlyDefend","floor":40,"key":"SMITH"},{"data":"conspire:GhostlyDefend","floor":51,"key":"SMITH"},{"data":"conspire:GhostlyDefend","floor":58,"key":"SMITH"},{"data":"conspire:GhostlyDefend","floor":60,"key":"SMITH"}],"circlet_count":0,"master_deck":["AscendersBane","hubris:Fate+1","conspire:GhostlyDefend","conspire:GhostlyDefend+24","Eruption+1","Vigilance+1","hubris:DuctTapeCard+2","LessonLearned+1","DevaForm+1","DevaForm+1"],"relics":["PureWater","trackpad:BiPhaseBiplane","Juzu Bracelet","SnailShell","Toxic Egg 2","Lee\u0027s Waffle","aspiration:TomeofQuesting","trackpad:WindUpAutoDealer","Simple Rune","trackpad:IceCube","hubris:DuctTape","Membership Card","trackpad:IceCube","TungstenRod","HornCleat","halation:QuantumPhysicsTextbook","vexMod:FocusSash","Strawberry","aspiration:HatOfInfinitePower","Replay:Baseball","qcfpunch:Red_Gi","Ice Cream","Eternal Feather","Guide Book","aspiration:PoetsPen_weak","halation:HeavySnake","Boot","Pantograph","halation:KoshaPiece","Replay:Wanted Poster","hubris:Icosahedron","Strange Spoon","vexMod:CardConverter","ReplayFunnel","conspire:Dentures","hubris:SphereOfDissonance","aspiration:StickyExplosives","trackpad:BottledShadow","paleoftheancients:Timepiece","paleoftheancients:KeyRelic","Anchor","hubris:Towel","hubris:FunFungus","halation:PromiseList","Sling"],"acts_visited":["Exordium","TheCity","TheBeyond","TheBeyond"],"potions_floor_usage":[59],"damage_taken":[{"damage":0,"enemies":"Small Slimes","floor":1,"turns":3},{"damage":0,"enemies":"Replay:BlueRogue","floor":10,"turns":2},{"damage":0,"enemies":"Jaw Worm","floor":11,"turns":2},{"damage":0,"enemies":"Gremlin Nob","floor":13,"turns":3},{"damage":0,"enemies":"Hexaghost","floor":16,"turns":2},{"damage":0,"enemies":"Chosen","floor":18,"turns":4},{"damage":0,"enemies":"Spheric Guardian","floor":20,"turns":2},{"damage":78,"enemies":"Nightmare","floor":27,"turns":7},{"damage":0,"enemies":"conspire:MysteriousRune","floor":33,"turns":2},{"damage":3,"enemies":"3 Shapes","floor":35,"turns":3},{"damage":0,"enemies":"Giant Head","floor":41,"turns":1},{"damage":0,"enemies":"R_Hoarder","floor":42,"turns":1},{"damage":0,"enemies":"Reptomancer","floor":44,"turns":9},{"damage":0,"enemies":"Nemesis","floor":45,"turns":1},{"damage":0,"enemies":"fading_forest","floor":49,"turns":1},{"damage":0,"enemies":"louse","floor":53,"turns":1},{"damage":2,"enemies":"Awakened One","floor":53,"turns":2},{"damage":0,"enemies":"Awakened One","floor":54,"turns":3},{"damage":0,"enemies":"Awakened One","floor":55,"turns":1},{"damage":391,"enemies":"Awakened One","floor":59,"turns":15},{"damage":60,"enemies":"paleoftheancients:N","floor":63,"turns":8}],"seed_played":"8312170374195213413","potions_obtained":[{"floor":16,"key":"Reflective Coating"},{"floor":20,"key":"LifebloodPotion"}],"is_trial":false,"path_per_floor":["M","?","?","?","?","R","?","$","T","E","M","R","E","$","R","B",null,"M","?","M","?","AVR","R","$","R","T","NM","R","?","R","T","R","B",null,"M","?","?","?","$","R","E","E","T","E","E","PTL","PTL","M","M","$","R","B","M","M","M","?","$","R","M","R","$","?","B",null],"character_chosen":"WATCHER","items_purchased":["trackpad:BiPhaseBiplane","Juzu Bracelet","SnailShell","TalkToTheHand","Toxic Egg 2","Lee\u0027s Waffle","TalkToTheHand","ThirdEye+1","TalkToTheHand","Protect+1","aspiration:TomeofQuesting","trackpad:WindUpAutoDealer","Simple Rune","trackpad:IceCube","hubris:DuctTape","Membership Card","trackpad:IceCube","TungstenRod","HornCleat","halation:QuantumPhysicsTextbook","Replay:Baseball","Guide Book","Strange Spoon","trackpad:BottledShadow","hubris:FunFungus","halation:PromiseList","Sling"],"campfire_rested":0,"item_purchase_floors":[0,0,0,0,0,0,0,0,0,0,0,0,0,0,0,0,0,0,0,0,8,14,39,50,57,61,61],"current_hp_per_floor":[79,79,79,79,79,79,73,73,73,73,73,73,73,73,79,79,84,84,84,84,84,84,86,86,86,86,8,14,23,29,29,35,35,73,70,96,96,96,96,96,96,96,96,98,98,98,98,98,98,98,98,98,102,102,102,102,102,102,102,102,102,102,102],"gold":8,"neow_bonus":"","is_daily":false,"chose_seed":false,"campfire_upgraded":12,"win_rate":0.0,"timestamp":1608088986,"path_taken":["M","?","?","?","?","R","?","?","T","E","M","R","E","$","R","BOSS","M","?","M","?","AVR","R","?","R","T","NM","R","?","R","?","R","BOSS","M","?","?","?","?","R","E","E","T","E","E","PTL","PTL","M","$","R","BOSS","BOSS","M","M","?","$","R","M","R","$","?","BOSS"],"items_purchased_type":["Relic","Relic","Relic","Card","Relic","Relic","Card","Card","Card","Card","Relic","Relic","Relic","Relic","Relic","Relic","Relic","Relic","Relic","Relic","Relic","Relic","Relic","Relic","Relic","Relic","Relic"],"build_version":"2020-12-13","purchased_purges":8,"victory":true,"max_hp_per_floor":[79,79,79,79,79,79,86,86,86,86,86,86,86,86,86,86,86,86,86,86,86,86,86,86,86,86,86,86,86,86,86,86,86,86,86,96,96,96,96,96,96,96,96,98,98,98,98,98,98,98,98,98,102,102,102,102,102,102,102,102,102,102,102],"relic_stats":{"Strange Spoon":[22],"Lee\u0027s Waffle":56,"counters":[232,691],"Pantograph":0,"Eternal Feather":26,"Juzu Bracelet":1,"Boot":[0],"obtain_stats":[{"trackpad:Mousetrap":7,"Spirit Poop":22,"aspiration:PoetsPen_weak":34,"infinitespire:Cubic Diamond":3,"qcfpunch:Red_Beret":58,"Sling":61,"Replay:Wanted Poster":34,"trackpad:PocketGalaxy":0,"vexMod:InvisibilityCloak":26,"conspire:GlowingRock":11,"Necronomicon":22,"HandDrill":8,"halation:PromiseList":61,"aspiration:DSix":0,"hubris:MobiusCoin":0,"aspiration:StickyExplosives":45,"Blue Candle":46,"Eternal Feather":13,"ReplayTheSpireMod:SealedPack":37,"Akabeko":21,"infinitespire:EvilPickle":33,"qcfpunch:Broken_Tusk":47,"infinitespire:Lychee Nut":1,"Bird Faced Urn":0,"CultistMask":15,"conspire:BottledYoYo":43,"StrikeDummy":14,"Unceasing Top":28,"Regal Pillow":5,"Torii":27,"halation:TrafficLight":0,"hubris:EmptyBottle":0,"Smiling Mask":26,"Pet Ghost":44,"qcfpunch:Wild_Herbs_Ointment":58,"hubris:BlackHole":0,"infinitespire:Bottled Soul":54,"vexMod:RedPlottingStone":0,"hubris:CuriousFeather":8,"Chemical X":0,"Replay:Bottled Eggs":0,"InkBottle":7,"Lee\u0027s Waffle":0,"construct:WeddingRing":34,"NeowsBlessing":0,"Golden Idol":10,"hubris:64BitClover":52,"qcfpunch:Black_Training_Shirt":31,"PreservedInsect":0,"aspiration:RandomNobGenerator":17,"infinitespire:Lucky Rock":4,"hubris:Towel":53,"halation:NonexistentMirror":58,"Ornamental Fan":42,"SpikesRelics:DaevaFist":47,"Art of War":9,"Durian":28,"conspire:DeflatedDodgeball":54,"hubris:BottledRain":0,"Ice Cream":10,"Gremlin Horn":50,"aspiration:Stabinomicon":25,"halation:BlueSoulGem":30,"Sozu":50,"Prayer Wheel":0,"Iron Hammer":27,"qcfpunch:Handcuffs":60,"halation:KoshaPiece":31,"paleoftheancients:SoulOfTheWatcher":51,"paleoftheancients:KeyRelic":50,"hubris:Teleporter":44,"hubris:DuctTape":8,"vexMod:PaidLearning":0,"aspiration:HiddenCompartment":6,"hubris:Zylophone":29,"OrangePellets":0,"conspire:GiftBox":0,"paleoftheancients:SoulOfTheWokeBloke":51,"Onion Ring":0,"infinitespire:EmpoweringShard":11,"aspiration:HatOfInfinitePower":7,"aspiration:TomeofQuesting":47,"Juzu Bracelet":40,"paleoftheancients:SoulOfTheDefect":56,"Replay:Mystery Machine":7,"vexMod:Spyglass":58,"PrismaticShard":54,"conspire:TopHat":40,"vexMod:FluxCapacitor":17,"Nunchaku":41,"TheAbacus":4,"hubris:Icosahedron":37,"MiniBlackHole":58,"qcfpunch:Necklace_of_Skulls":0,"Red Mask":48,"Replay:Bottled Snecko":58,"halation:LettersToHer":0,"Runic Pyramid":6,"qcfpunch:Army_Boots":25,"trackpad:Trackpad":17,"Guide Book":0,"vexMod:FocusSash":2,"Odd Mushroom":11,"Medical Kit":0,"vexMod:Dragonfruit":51,"Strange Spoon":8,"Pondfish Scales":0,"infinitespire:DarkRift":49,"vexMod:BarristanHead":10,"infinitespire:Satchel":29,"Membership Card":0,"FossilizedHelix":25,"hubris:OldNail":0,"ReplayTheSpireMod:ShopPack":10,"Golden Egg":9,"vexMod:MemoryStick":13,"Ginger":0,"Boot":9,"halation:HeavySnake":22,"halation:RedSoulGem":2,"Replay:Ringing Soul":9,"vexMod:CardConverter":9,"Sundial":40,"vexMod:EndlessSickness":38,"hubris:DeckOfHolding":6,"trackpad:AdjectivePendant":3,"Replay:Wax Seal":0,"hubris:TinFlute":60,"conspire:TreasureMap":0,"halation:QuantumPhysicsTextbook":0,"GiantMaggot":4,"Counterbalance":0,"vexMod:MysteryBossChallenge":17,"hubris:SphereOfDissonance":54,"aspiration:IroncladSkillbook":12,"aspiration:FrozenJewel":42,"qcfpunch:School_Backpack":58,"halation:Jellyphish":0,"halation:PenCase":0,"trackpad:BottledShadow":50,"hubris:TenFootPole":2,"trackpad:WindUpAutoDealer":7,"Abe\u0027s Treasure":13,"infinitespire:Cupcake":6,"conspire:Flyswatter":27,"halation:BlackBeret":10,"WizardHat":35,"qcfpunch:Spiky_Bracers":48,"Lantern":40,"hubris:Metronome":0,"aspiration:Lifesprig":45,"hierophant:PropheticMaskRelic":3,"RoseTintedShades":12,"Blue Doll":1,"Rawhide":16,"Replay:Multitool":46,"Bag of Preparation":0,"Cursed Key":17,"Replay:Rubber Ducky":0,"BranchBurnRelic":25,"Shovel":0,"hubris:ScarierMask":36,"WingedGreaves":0,"hubris:FunFungus":0,"Ring of Panic":2,"BicycleWheel":8,"construct:ClawGrip":17,"CherryCoatedStake":1,"halation:Yufonium":34,"Damaru":0,"infinitespire:Joker Card":8,"Omamori":27,"infinitespire:CheckeredPen":0,"Frozen Egg 2":0,"Orrery":58,"halation:AfternoonTea":13,"Bottled Lightning":31,"ReplayTheSpireMod:Ring of Challenge":2,"ReplayTheSpireMod:Lightbulb":28,"Toy Ornithopter":0,"Mark of the Bloom":47,"trackpad:IceCube":25,"CeramicFish":0,"halation:Prosthetics":17,"trackpad:ZombieHeart":48,"HornCleat":8,"DollysMirror":0,"Strawberry":30,"qcfpunch:Red_Gi":58,"halation:VictoryRuler":26,"aspiration:ArtOfWarUpgrade":23,"Toxic Egg 2":0,"trackpad:BiPhaseBiplane":0,"conspire:Dentures":43,"Happy Flower":6,"trackpad:SappingStone":0,"vexMod:ScavengeHelm":9,"Dead Branch":19,"Oddly Smooth Stone":22,"infinitespire:Beetle Shell":9,"conspire:Boomerang":8,"Question Card":26,"paleoftheancients:Timepiece":50,"Replay:Baseball":0,"vexMod:Cooldron":0,"Bottled Flame":31,"Shuriken":58,"Molten Egg 2":0,"Simple Rune":59,"ReplayTheSpireMod:TigerMarble":0,"Grinning Jar":38,"trackpad:BottledTsunami":0,"Meat on the Bone":8,"ReplayFunnel":2,"Darkstone Periapt":0,"halation:PapillonHeart":49,"SnailShell":60,"trackpad:PetRock":43,"BrokenLever":33,"Incense Burner":54,"hubris:SlimyHat":43,"Frozen Eye":24,"Gambling Chip":11,"Pantograph":4,"Tiny Chest":7,"RollingBoulder":51,"qcfpunch:Wrestler\u0027s_Cloak":16,"trackpad:VoidSphere":58,"Gremlin Food":30,"hubris:DisguiseKit":9,"BargainBundle":8,"trackpad:HandOfMidas":0,"Replay:Towering Pillar of Hats":27,"aspiration:FetidBarrel":0,"paleoftheancients:SoulOfTheHexaghost":56,"aspiration:HummingbirdHeart":5,"qcfpunch:White_Boots":43,"White Beast Statue":33,"Sandwich":34,"Peace Pipe":38,"Anchor":50,"CaptainsWheel":5,"infinitespire:WardingShard":13,"ChewingGum":4,"Snack Pack":23,"qcfpunch:Red_Headband":6,"PureWater":0,"TungstenRod":57,"hubris:NiceRug":58},{"trackpad:Mousetrap":16,"Spirit Poop":190,"aspiration:PoetsPen_weak":99,"infinitespire:Cubic Diamond":143,"qcfpunch:Red_Beret":178,"Sling":231,"Replay:Wanted Poster":218,"trackpad:PocketGalaxy":32,"vexMod:InvisibilityCloak":125,"conspire:GlowingRock":185,"Necronomicon":23,"HandDrill":114,"halation:PromiseList":231,"aspiration:DSix":179,"hubris:MobiusCoin":32,"aspiration:StickyExplosives":223,"Blue Candle":202,"Eternal Feather":213,"ReplayTheSpireMod:SealedPack":169,"Akabeko":161,"infinitespire:EvilPickle":168,"qcfpunch:Broken_Tusk":172,"infinitespire:Lychee Nut":147,"Bird Faced Urn":142,"CultistMask":187,"conspire:BottledYoYo":172,"StrikeDummy":158,"Unceasing Top":191,"Regal Pillow":54,"Torii":62,"halation:TrafficLight":179,"hubris:EmptyBottle":111,"Smiling Mask":62,"Pet Ghost":73,"qcfpunch:Wild_Herbs_Ointment":110,"hubris:BlackHole":152,"infinitespire:Bottled Soul":139,"vexMod:RedPlottingStone":29,"hubris:CuriousFeather":85,"Chemical X":32,"Replay:Bottled Eggs":152,"InkBottle":144,"Lee\u0027s Waffle":209,"construct:WeddingRing":128,"NeowsBlessing":0,"Golden Idol":85,"hubris:64BitClover":175,"qcfpunch:Black_Training_Shirt":65,"PreservedInsect":12,"aspiration:RandomNobGenerator":41,"infinitespire:Lucky Rock":143,"hubris:Towel":79,"halation:NonexistentMirror":140,"Ornamental Fan":72,"SpikesRelics:DaevaFist":135,"Art of War":156,"Durian":165,"conspire:DeflatedDodgeball":79,"hubris:BottledRain":111,"Ice Cream":211,"Gremlin Horn":77,"aspiration:Stabinomicon":125,"halation:BlueSoulGem":126,"Sozu":107,"Prayer Wheel":81,"Iron Hammer":62,"qcfpunch:Handcuffs":178,"halation:KoshaPiece":217,"paleoftheancients:SoulOfTheWatcher":175,"paleoftheancients:KeyRelic":77,"hubris:Teleporter":106,"hubris:DuctTape":156,"vexMod:PaidLearning":32,"aspiration:HiddenCompartment":3,"hubris:Zylophone":192,"OrangePellets":32,"conspire:GiftBox":81,"paleoftheancients:SoulOfTheWokeBloke":138,"Onion Ring":142,"infinitespire:EmpoweringShard":156,"aspiration:HatOfInfinitePower":210,"aspiration:TomeofQuesting":135,"Juzu Bracelet":70,"paleoftheancients:SoulOfTheDefect":109,"Replay:Mystery Machine":85,"vexMod:Spyglass":110,"PrismaticShard":139,"conspire:TopHat":132,"vexMod:FluxCapacitor":57,"Nunchaku":71,"TheAbacus":30,"hubris:Icosahedron":219,"MiniBlackHole":178,"qcfpunch:Necklace_of_Skulls":179,"Red Mask":173,"Replay:Bottled Snecko":110,"halation:LettersToHer":81,"Runic Pyramid":150,"qcfpunch:Army_Boots":191,"trackpad:Trackpad":8,"Guide Book":32,"vexMod:FocusSash":210,"Odd Mushroom":86,"Medical Kit":111,"vexMod:Dragonfruit":203,"Strange Spoon":85,"Pondfish Scales":12,"infinitespire:DarkRift":173,"vexMod:BarristanHead":151,"infinitespire:Satchel":167,"Membership Card":111,"FossilizedHelix":162,"hubris:OldNail":179,"ReplayTheSpireMod:ShopPack":114,"Golden Egg":4,"vexMod:MemoryStick":18,"Ginger":111,"Boot":47,"halation:HeavySnake":216,"halation:RedSoulGem":1,"Replay:Ringing Soul":16,"vexMod:CardConverter":85,"Sundial":172,"vexMod:EndlessSickness":170,"hubris:DeckOfHolding":114,"trackpad:AdjectivePendant":1,"Replay:Wax Seal":111,"hubris:TinFlute":208,"conspire:TreasureMap":152,"halation:QuantumPhysicsTextbook":209,"GiantMaggot":153,"Counterbalance":111,"vexMod:MysteryBossChallenge":8,"hubris:SphereOfDissonance":139,"aspiration:IroncladSkillbook":146,"aspiration:FrozenJewel":200,"qcfpunch:School_Backpack":110,"halation:Jellyphish":142,"halation:PenCase":152,"trackpad:BottledShadow":225,"hubris:TenFootPole":33,"trackpad:WindUpAutoDealer":54,"Abe\u0027s Treasure":157,"infinitespire:Cupcake":154,"conspire:Flyswatter":165,"halation:BlackBeret":37,"WizardHat":168,"qcfpunch:Spiky_Bracers":76,"Lantern":104,"hubris:Metronome":152,"aspiration:Lifesprig":201,"hierophant:PropheticMaskRelic":143,"RoseTintedShades":38,"Blue Doll":142,"Rawhide":188,"Replay:Multitool":75,"Bag of Preparation":152,"Cursed Key":20,"Replay:Rubber Ducky":152,"BranchBurnRelic":94,"Shovel":179,"hubris:ScarierMask":196,"WingedGreaves":32,"hubris:FunFungus":111,"Ring of Panic":30,"BicycleWheel":85,"construct:ClawGrip":89,"CherryCoatedStake":152,"halation:Yufonium":66,"Damaru":52,"infinitespire:Joker Card":4,"Omamori":62,"infinitespire:CheckeredPen":179,"Frozen Egg 2":179,"Orrery":178,"halation:AfternoonTea":6,"Bottled Lightning":98,"ReplayTheSpireMod:Ring of Challenge":30,"ReplayTheSpireMod:Lightbulb":63,"Toy Ornithopter":179,"Mark of the Bloom":75,"trackpad:IceCube":163,"CeramicFish":142,"halation:Prosthetics":118,"trackpad:ZombieHeart":136,"HornCleat":114,"DollysMirror":81,"Strawberry":27,"qcfpunch:Red_Gi":141,"halation:VictoryRuler":94,"aspiration:ArtOfWarUpgrade":162,"Toxic Egg 2":209,"trackpad:BiPhaseBiplane":209,"conspire:Dentures":221,"Happy Flower":45,"trackpad:SappingStone":111,"vexMod:ScavengeHelm":114,"Dead Branch":90,"Oddly Smooth Stone":11,"infinitespire:Beetle Shell":36,"conspire:Boomerang":47,"Question Card":25,"paleoftheancients:Timepiece":77,"Replay:Baseball":81,"vexMod:Cooldron":152,"Bottled Flame":167,"Shuriken":110,"Molten Egg 2":142,"Simple Rune":207,"ReplayTheSpireMod:TigerMarble":81,"Grinning Jar":170,"trackpad:BottledTsunami":111,"Meat on the Bone":36,"ReplayFunnel":143,"Darkstone Periapt":179,"halation:PapillonHeart":76,"SnailShell":208,"trackpad:PetRock":105,"BrokenLever":195,"Incense Burner":108,"hubris:SlimyHat":134,"Frozen Eye":191,"Gambling Chip":49,"Pantograph":84,"Tiny Chest":145,"RollingBoulder":174,"qcfpunch:Wrestler\u0027s_Cloak":158,"trackpad:VoidSphere":110,"Gremlin Food":167,"hubris:DisguiseKit":145,"BargainBundle":85,"trackpad:HandOfMidas":42,"Replay:Towering Pillar of Hats":164,"aspiration:FetidBarrel":152,"paleoftheancients:SoulOfTheHexaghost":80,"aspiration:HummingbirdHeart":44,"qcfpunch:White_Boots":72,"White Beast Statue":167,"Sandwich":168,"Peace Pipe":171,"Anchor":77,"CaptainsWheel":143,"infinitespire:WardingShard":50,"ChewingGum":148,"Snack Pack":24,"qcfpunch:Red_Headband":155,"PureWater":0,"TungstenRod":206,"hubris:NiceRug":141},{"trackpad:Mousetrap":57,"Spirit Poop":574,"aspiration:PoetsPen_weak":313,"infinitespire:Cubic Diamond":465,"qcfpunch:Red_Beret":545,"Sling":683,"Replay:Wanted Poster":642,"trackpad:PocketGalaxy":124,"vexMod:InvisibilityCloak":394,"conspire:GlowingRock":563,"Necronomicon":88,"HandDrill":361,"halation:PromiseList":683,"aspiration:DSix":548,"hubris:MobiusCoin":124,"aspiration:StickyExplosives":657,"Blue Candle":599,"Eternal Feather":625,"ReplayTheSpireMod:SealedPack":527,"Akabeko":514,"infinitespire:EvilPickle":526,"qcfpunch:Broken_Tusk":535,"infinitespire:Lychee Nut":474,"Bird Faced Urn":463,"CultistMask":566,"conspire:BottledYoYo":535,"StrikeDummy":501,"Unceasing Top":575,"Regal Pillow":190,"Torii":208,"halation:TrafficLight":548,"hubris:EmptyBottle":349,"Smiling Mask":208,"Pet Ghost":226,"qcfpunch:Wild_Herbs_Ointment":347,"hubris:BlackHole":492,"infinitespire:Bottled Soul":449,"vexMod:RedPlottingStone":114,"hubris:CuriousFeather":254,"Chemical X":124,"Replay:Bottled Eggs":492,"InkBottle":467,"Lee\u0027s Waffle":615,"construct:WeddingRing":406,"NeowsBlessing":0,"Golden Idol":254,"hubris:64BitClover":538,"qcfpunch:Black_Training_Shirt":214,"PreservedInsect":38,"aspiration:RandomNobGenerator":149,"infinitespire:Lucky Rock":465,"hubris:Towel":240,"halation:NonexistentMirror":450,"Ornamental Fan":224,"SpikesRelics:DaevaFist":431,"Art of War":499,"Durian":522,"conspire:DeflatedDodgeball":240,"hubris:BottledRain":349,"Ice Cream":620,"Gremlin Horn":236,"aspiration:Stabinomicon":394,"halation:BlueSoulGem":398,"Sozu":338,"Prayer Wheel":248,"Iron Hammer":208,"qcfpunch:Handcuffs":545,"halation:KoshaPiece":640,"paleoftheancients:SoulOfTheWatcher":538,"paleoftheancients:KeyRelic":236,"hubris:Teleporter":336,"hubris:DuctTape":499,"vexMod:PaidLearning":124,"aspiration:HiddenCompartment":3,"hubris:Zylophone":577,"OrangePellets":124,"conspire:GiftBox":248,"paleoftheancients:SoulOfTheWokeBloke":446,"Onion Ring":463,"infinitespire:EmpoweringShard":499,"aspiration:HatOfInfinitePower":618,"aspiration:TomeofQuesting":431,"Juzu Bracelet":220,"paleoftheancients:SoulOfTheDefect":345,"Replay:Mystery Machine":254,"vexMod:Spyglass":347,"PrismaticShard":449,"conspire:TopHat":423,"vexMod:FluxCapacitor":195,"Nunchaku":221,"TheAbacus":119,"hubris:Icosahedron":645,"MiniBlackHole":545,"qcfpunch:Necklace_of_Skulls":548,"Red Mask":536,"Replay:Bottled Snecko":347,"halation:LettersToHer":248,"Runic Pyramid":481,"qcfpunch:Army_Boots":575,"trackpad:Trackpad":22,"Guide Book":124,"vexMod:FocusSash":618,"Odd Mushroom":258,"Medical Kit":349,"vexMod:Dragonfruit":601,"Strange Spoon":254,"Pondfish Scales":38,"infinitespire:DarkRift":536,"vexMod:BarristanHead":487,"infinitespire:Satchel":524,"Membership Card":349,"FossilizedHelix":519,"hubris:OldNail":548,"ReplayTheSpireMod:ShopPack":361,"Golden Egg":6,"vexMod:MemoryStick":63,"Ginger":349,"Boot":170,"halation:HeavySnake":633,"halation:RedSoulGem":1,"Replay:Ringing Soul":57,"vexMod:CardConverter":254,"Sundial":535,"vexMod:EndlessSickness":528,"hubris:DeckOfHolding":361,"trackpad:AdjectivePendant":1,"Replay:Wax Seal":349,"hubris:TinFlute":609,"conspire:TreasureMap":492,"halation:QuantumPhysicsTextbook":615,"GiantMaggot":493,"Counterbalance":349,"vexMod:MysteryBossChallenge":22,"hubris:SphereOfDissonance":449,"aspiration:IroncladSkillbook":471,"aspiration:FrozenJewel":594,"qcfpunch:School_Backpack":347,"halation:Jellyphish":463,"halation:PenCase":492,"trackpad:BottledShadow":660,"hubris:TenFootPole":126,"trackpad:WindUpAutoDealer":190,"Abe\u0027s Treasure":500,"infinitespire:Cupcake":495,"conspire:Flyswatter":522,"halation:BlackBeret":138,"WizardHat":526,"qcfpunch:Spiky_Bracers":235,"Lantern":327,"hubris:Metronome":492,"aspiration:Lifesprig":597,"hierophant:PropheticMaskRelic":465,"RoseTintedShades":139,"Blue Doll":463,"Rawhide":569,"Replay:Multitool":234,"Bag of Preparation":492,"Cursed Key":73,"Replay:Rubber Ducky":492,"BranchBurnRelic":292,"Shovel":548,"hubris:ScarierMask":585,"WingedGreaves":124,"hubris:FunFungus":349,"Ring of Panic":119,"BicycleWheel":254,"construct:ClawGrip":275,"CherryCoatedStake":492,"halation:Yufonium":216,"Damaru":185,"infinitespire:Joker Card":6,"Omamori":208,"infinitespire:CheckeredPen":548,"Frozen Egg 2":548,"Orrery":545,"halation:AfternoonTea":12,"Bottled Lightning":308,"ReplayTheSpireMod:Ring of Challenge":119,"ReplayTheSpireMod:Lightbulb":210,"Toy Ornithopter":548,"Mark of the Bloom":234,"trackpad:IceCube":520,"CeramicFish":463,"halation:Prosthetics":375,"trackpad:ZombieHeart":436,"HornCleat":361,"DollysMirror":248,"Strawberry":105,"qcfpunch:Red_Gi":452,"halation:VictoryRuler":292,"aspiration:ArtOfWarUpgrade":519,"Toxic Egg 2":615,"trackpad:BiPhaseBiplane":615,"conspire:Dentures":647,"Happy Flower":163,"trackpad:SappingStone":349,"vexMod:ScavengeHelm":361,"Dead Branch":279,"Oddly Smooth Stone":35,"infinitespire:Beetle Shell":136,"conspire:Boomerang":170,"Question Card":96,"paleoftheancients:Timepiece":236,"Replay:Baseball":248,"vexMod:Cooldron":492,"Bottled Flame":524,"Shuriken":347,"Molten Egg 2":463,"Simple Rune":607,"ReplayTheSpireMod:TigerMarble":248,"Grinning Jar":528,"trackpad:BottledTsunami":349,"Meat on the Bone":136,"ReplayFunnel":465,"Darkstone Periapt":548,"halation:PapillonHeart":235,"SnailShell":609,"trackpad:PetRock":334,"BrokenLever":580,"Incense Burner":343,"hubris:SlimyHat":430,"Frozen Eye":575,"Gambling Chip":177,"Pantograph":252,"Tiny Chest":469,"RollingBoulder":537,"qcfpunch:Wrestler\u0027s_Cloak":501,"trackpad:VoidSphere":347,"Gremlin Food":524,"hubris:DisguiseKit":469,"BargainBundle":254,"trackpad:HandOfMidas":154,"Replay:Towering Pillar of Hats":521,"aspiration:FetidBarrel":492,"paleoftheancients:SoulOfTheHexaghost":246,"aspiration:HummingbirdHeart":158,"qcfpunch:White_Boots":224,"White Beast Statue":524,"Sandwich":526,"Peace Pipe":534,"Anchor":236,"CaptainsWheel":465,"infinitespire:WardingShard":180,"ChewingGum":477,"Snack Pack":92,"qcfpunch:Red_Headband":497,"PureWater":0,"TungstenRod":606,"hubris:NiceRug":452}],"TungstenRod":38},"card_choices":[{"not_picked":["FlurryOfBlows","Wallop","Fasting2"],"picked":"SKIP","floor":1},{"not_picked":["Crescendo+1","CrushJoints","Evaluate+1"],"picked":"SKIP","floor":10},{"not_picked":["BattleHymn","BowlingBash"],"picked":"LessonLearned","floor":11},{"not_picked":["Conclude","Adaptation","ReachHeaven"],"picked":"SKIP","floor":13},{"not_picked":["EmptyBody+1","Replay:AtTheReady+1","CutThroughFate"],"picked":"SKIP","floor":18},{"not_picked":["ThirdEye+1","Replay:AtTheReady+1","Replay:ManipulateFuture+1"],"picked":"SKIP","floor":20},{"not_picked":["SignatureMove","Replay:AtTheReady+1","WindmillStrike"],"picked":"SKIP","floor":27},{"not_picked":["ConjureBlade+1","Devotion"],"picked":"DevaForm","floor":33},{"not_picked":["BowlingBash","Halt+1","Pray+1"],"picked":"SKIP","floor":35},{"not_picked":["Sanctity+1","PathToVictory+1","Indignation+1"],"picked":"SKIP","floor":41},{"not_picked":["CutThroughFate","CrushJoints","JustLucky"],"picked":"SKIP","floor":42},{"not_picked":["Replay:AtTheReady+1","Vengeance+1"],"picked":"DevaForm","floor":44},{"not_picked":["SashWhip","JustLucky","CrushJoints"],"picked":"SKIP","floor":45},{"not_picked":["Replay:Hum+1","Protect+1","Perseverance+1"],"picked":"SKIP","floor":49},{"not_picked":["CarveReality+1","ClearTheMind+1","SashWhip"],"picked":"SKIP","floor":53},{"not_picked":["BowlingBash+1","FlyingSleeves","Protect+1"],"picked":"SKIP","floor":54},{"not_picked":["CutThroughFate","EmptyFist+1","Replay:Cycle+1"],"picked":"SKIP","floor":55}],"player_experience":834206,"relics_obtained":[{"floor":9,"key":"qcfpunch:Red_Gi"},{"floor":10,"key":"Ice Cream"},{"floor":13,"key":"Eternal Feather"},{"floor":26,"key":"Boot"},{"floor":27,"key":"Pantograph"},{"floor":31,"key":"halation:KoshaPiece"},{"floor":41,"key":"vexMod:CardConverter"},{"floor":42,"key":"ReplayFunnel"},{"floor":43,"key":"conspire:Dentures"},{"floor":44,"key":"hubris:SphereOfDissonance"},{"floor":45,"key":"aspiration:StickyExplosives"}],"event_choices":[{"damage_healed":0,"gold_gain":0,"player_choice":"Grow","damage_taken":0,"max_hp_gain":0,"max_hp_loss":0,"event_name":"Living Wall","floor":3,"gold_loss":0,"cards_upgraded":["hubris:DuctTapeCard"]},{"damage_healed":0,"gold_gain":0,"player_choice":"Agree","damage_taken":0,"max_hp_gain":0,"max_hp_loss":0,"event_name":"conspire:LoneGhost","floor":5,"gold_loss":0},{"damage_healed":0,"gold_gain":1,"player_choice":"Relic Relic ","damage_taken":17,"max_hp_gain":0,"max_hp_loss":0,"event_name":"betterThird:BetterScrap","floor":7,"gold_loss":0,"cards_obtained":["Infinite Blades"]},{"cards_removed":["hubris:Fate"],"damage_healed":0,"gold_gain":0,"player_choice":"Take \u0026 Give","damage_taken":0,"max_hp_gain":0,"max_hp_loss":0,"event_name":"betterNote:BetterNote","floor":19,"gold_loss":0,"cards_obtained":["hubris:EnhanceAbility"]},{"damage_healed":0,"gold_gain":0,"player_choice":"Leave","damage_taken":0,"max_hp_gain":0,"max_hp_loss":0,"event_name":"conspire:Investor","floor":21,"gold_loss":0},{"cards_removed":["hubris:EnhanceAbility"],"damage_healed":16,"gold_gain":0,"player_choice":"Offered Rare","damage_taken":0,"max_hp_gain":10,"max_hp_loss":0,"event_name":"Bonfire Elementals","floor":36,"gold_loss":0},{"cards_removed":["TalkToTheHand"],"damage_healed":0,"gold_gain":0,"player_choice":"Removed Attack","damage_taken":0,"max_hp_gain":0,"max_hp_loss":0,"event_name":"Falling","floor":38,"gold_loss":0}],"is_beta":false,"boss_relics":[{"not_picked":["Cursed Key","Pandora\u0027s Box"],"picked":"aspiration:PoetsPen_weak"},{"not_picked":["Black Star","aspiration:SecretTechniqueScroll"],"picked":"Replay:Wanted Poster"}],"items_purged_floors":[0,0,0,0,0,0,39,50],"is_endless":false,"potions_floor_spawned":[16,20,33,44,49,53,55,63],"ascension_level":12}}