{"host":"dpbezu80jg8zk7un","time":1608108135,"event":{"mods":["BaseMod","Colored Map","Colored Powertips","Custom Start","DeckTracker","Minty Spire (QoL Compilation)","Quick Restart","StSLib","SuperFastMode"],"gold_per_floor":[115,115,126,140,140,140,155,155,155,80,80,100,100,128,128,202,202,217,236,136,156,182,182,182],"floor_reached":23,"playtime":632,"items_purged":["Defend_P","Strike_P"],"score":432,"play_id":"d816b43a-53e8-495b-a9b3-d7163afe9a49","local_time":"20201216174215","is_ascension_mode":true,"campfire_choices":[{"data":"Eruption","floor":6.0,"key":"SMITH"},{"data":"Conclude","floor":8.0,"key":"SMITH"},{"floor":13.0,"key":"RECALL"},{"data":"Vigilance","floor":15.0,"key":"SMITH"}],"circlet_count":0,"master_deck":["AscendersBane","Strike_P+1","Strike_P+1","Strike_P","Defend_P","Defend_P","Defend_P","Eruption+1","Vigilance+1","FollowUp+1","Conclude+1","LessonLearned+1","Adaptation+1"],"relics":["PureWater","Thread and Needle","Ice Cream","Darkstone Periapt","Fusion Hammer","Red Mask"],"acts_visited":["Exordium","TheCity"],"potions_floor_usage":[],"damage_taken":[{"damage":3.0,"enemies":"Small Slimes","floor":1.0,"turns":6.0},{"damage":0.0,"enemies":"Cultist","floor":3.0,"turns":3.0},{"damage":0.0,"enemies":"Jaw Worm","floor":4.0,"turns":4.0},{"damage":0.0,"enemies":"2 Fungi Beasts","floor":7.0,"turns":3.0},{"damage":2.0,"enemies":"Exordium Thugs","floor":12.0,"turns":3.0},{"damage":0.0,"enemies":"3 Sentries","floor":14.0,"turns":2.0},{"damage":23.0,"enemies":"Slime Boss","floor":16.0,"turns":6.0},{"damage":18.0,"enemies":"2 Thieves","floor":18.0,"turns":4.0},{"damage":15.0,"enemies":"Chosen","floor":19.0,"turns":5.0},{"damage":0.0,"enemies":"Snecko","floor":21.0,"turns":5.0},{"damage":26,"enemies":"Masked Bandits","floor":22,"turns":4},{"damage":12,"enemies":"Slavers","floor":23,"turns":1}],"seed_played":"-23550106812285396","potions_obtained":[{"floor":1.0,"key":"Dexterity Potion"},{"floor":12.0,"key":"Energy Potion"},{"floor":18.0,"key":"StancePotion"},{"floor":22,"key":"LiquidMemories"}],"is_trial":false,"path_per_floor":["M","?","M","M","?","R","M","R","T","$","?","M","R","E","R","B",null,"M","M","$","M","?","E"],"character_chosen":"WATCHER","items_purchased":[],"campfire_rested":0,"item_purchase_floors":[],"current_hp_per_floor":[58,58,58,58,63,63,63,63,63,63,63,61,61,61,61,38,64,46,31,31,31,5,0,0],"gold":182,"neow_bonus":"THREE_CARDS","is_daily":false,"chose_seed":false,"campfire_upgraded":3,"win_rate":0.0,"timestamp":1608108135,"path_taken":["M","?","M","?","?","R","M","R","T","$","?","M","R","E","R","BOSS","M","M","$","?","?","E"],"items_purchased_type":[],"build_version":"2020-12-13","purchased_purges":2,"victory":false,"max_hp_per_floor":[68,68,68,68,73,73,73,73,73,73,73,73,73,73,73,73,73,73,73,73,73,73,73,73],"card_choices":[{"not_picked":["CutThroughFate","EmptyMind"],"picked":"FollowUp","floor":0.0},{"not_picked":["Wallop","Evaluate","CutThroughFate"],"picked":"SKIP","floor":1.0},{"not_picked":["Halt","PathToVictory","BattleHymn"],"picked":"SKIP","floor":3.0},{"not_picked":["FollowUp","Crescendo"],"picked":"Conclude","floor":4.0},{"not_picked":["Consecrate","LikeWater","BowlingBash"],"picked":"SKIP","floor":7.0},{"not_picked":["Protect","PathToVictory","CutThroughFate"],"picked":"SKIP","floor":12.0},{"not_picked":["Halt","WindmillStrike","EmptyBody"],"picked":"SKIP","floor":14.0},{"not_picked":["Omniscience","Blasphemy"],"picked":"LessonLearned","floor":16.0},{"not_picked":["Fasting2","EmptyBody","EmptyFist"],"picked":"SKIP","floor":18.0},{"not_picked":["Prostrate","FollowUp"],"picked":"Adaptation+1","floor":19.0},{"not_picked":["EmptyFist","Consecrate","BowlingBash"],"picked":"SKIP","floor":21.0}],"player_experience":2753790,"relics_obtained":[{"floor":9.0,"key":"Ice Cream"},{"floor":14.0,"key":"Darkstone Periapt"},{"floor":22,"key":"Red Mask"}],"event_choices":[{"damage_healed":0.0,"max_hp_gain":0.0,"max_hp_loss":0.0,"gold_gain":0.0,"event_name":"WeMeetAgain","player_choice":"Gave Potion","floor":2.0,"gold_loss":0.0,"damage_taken":0.0,"relics_obtained":["Thread and Needle"]},{"damage_healed":0.0,"max_hp_gain":5.0,"max_hp_loss":0.0,"gold_gain":0.0,"event_name":"Big Fish","player_choice":"Donut","floor":5.0,"gold_loss":0.0,"damage_taken":0.0},{"damage_healed":0.0,"max_hp_gain":0.0,"max_hp_loss":0.0,"gold_gain":0.0,"event_name":"Upgrade Shrine","player_choice":"Upgraded","floor":11.0,"gold_loss":0.0,"damage_taken":0.0,"cards_upgraded":["FollowUp"]},{"damage_healed":0,"gold_gain":0,"player_choice":"Fought Bandits","damage_taken":0,"max_hp_gain":0,"max_hp_loss":0,"event_name":"Masked Bandits","floor":22,"gold_loss":0}],"is_beta":false,"boss_relics":[{"not_picked":["Calling Bell","Busted Crown"],"picked":"Fusion Hammer"}],"items_purged_floors":[10,20],"is_endless":false,"potions_floor_spawned":[1,12,18,22],"killed_by":"Slavers","ascension_level":20}}