{"host":"ktoxvvst1mwxww91","time":1608137437,"event":{"mods":["BaseMod","Downfall","Hermit","Minty Spire (QoL Compilation)","StSLib","The Hierophant","The Mystic","The Necromancer"],"gold_per_floor":[117,117,117,217,234,252,280,280,280,293,293,293,293,321,321,424,424,440,440,355,355,280,280,65,96,96,45,45,59,59,69,69,165,165,182,33,0,0,19,19,19],"floor_reached":40,"playtime":1210,"items_purged":["Strike_R","Strike_R+1","Strike_R+1","Dropkick"],"score":592,"play_id":"24393678-1e6e-4f02-acb0-f4f4346ce86c","local_time":"20201216175037","is_ascension_mode":true,"campfire_choices":[{"data":"Demon Form","floor":8.0,"key":"SMITH"},{"data":"Armaments","floor":11.0,"key":"SMITH"},{"data":"Bash","floor":13.0,"key":"SMITH"},{"data":"Shrug It Off","floor":15.0,"key":"SMITH"},{"data":"Battle Trance","floor":23.0,"key":"SMITH"},{"floor":28.0,"key":"REST"},{"floor":32.0,"key":"REST"}],"circlet_count":0,"master_deck":["Defend_R+1","Defend_R","Defend_R","Defend_R","Bash+1","Flame Barrier+1","Wild Strike","Anger+1","Demon Form+1","Armaments+1","Shrug It Off+1","Battle Trance+1","True Grit+1","Ghostly Armor","Juggernaut","Burning Pact"],"relics":["Burning Blood","Kunai","Potion Belt","War Paint","Mark of Pain","Nilry\u0027s Codex","Unceasing Top","Whetstone","Membership Card","Nunchaku","MawBank","Coffee Dripper","Lee\u0027s Waffle","Red Mask"],"acts_visited":["Exordium","TheCity","TheBeyond"],"potions_floor_usage":[],"damage_taken":[{"damage":2.0,"enemies":"2 Louse","floor":1.0,"turns":4.0},{"damage":0.0,"enemies":"Small Slimes","floor":5.0,"turns":5.0},{"damage":8.0,"enemies":"Jaw Worm","floor":6.0,"turns":5.0},{"damage":8.0,"enemies":"Gremlin Nob","floor":7.0,"turns":3.0},{"damage":4.0,"enemies":"Red Slaver","floor":10.0,"turns":3.0},{"damage":24.0,"enemies":"3 Sentries","floor":14.0,"turns":10.0},{"damage":21.0,"enemies":"The Guardian","floor":16.0,"turns":9.0},{"damage":10.0,"enemies":"Spheric Guardian","floor":18.0,"turns":5.0},{"damage":44.0,"enemies":"Slavers","floor":25.0,"turns":9.0},{"damage":9.0,"enemies":"Shell Parasite","floor":29.0,"turns":8.0},{"damage":14.0,"enemies":"Snake Plant","floor":31.0,"turns":5.0},{"damage":41.0,"enemies":"Collector","floor":33.0,"turns":9.0},{"damage":6.0,"enemies":"3 Shapes","floor":35.0,"turns":7.0},{"damage":15,"enemies":"3 Darklings","floor":39,"turns":5},{"damage":69,"enemies":"Reptomancer","floor":40,"turns":4}],"seed_played":"9088963772560323313","potions_obtained":[{"floor":5.0,"key":"SteroidPotion"},{"floor":6.0,"key":"GamblersBrew"},{"floor":14.0,"key":"Block Potion"},{"floor":31.0,"key":"Fire Potion"},{"floor":33.0,"key":"SpeedPotion"}],"is_trial":false,"path_per_floor":["M","?","?","?","M","M","E","R","T","M","R","?","R","E","R","B",null,"M","?","?","T","$","R","$","E","T","$","R","M","?","M","R","B",null,"M","$","?","?","M","E"],"character_chosen":"IRONCLAD","items_purchased":["Membership Card","True Grit","Lee\u0027s Waffle"],"campfire_rested":2,"item_purchase_floors":[24,24,36],"current_hp_per_floor":[76,81,74,74,80,78,76,76,76,78,78,78,78,60,60,45,75,71,55,55,55,55,55,55,17,17,17,42,39,39,31,56,21,69,69,92,92,92,83,14,14],"gold":19,"neow_bonus":"REMOVE_CARD","is_daily":false,"chose_seed":false,"campfire_upgraded":5,"win_rate":0.0,"timestamp":1608137437,"path_taken":["M","?","?","?","?","M","E","R","T","M","R","?","R","E","R","BOSS","M","?","?","?","$","R","$","E","T","$","R","M","?","M","R","BOSS","M","$","?","?","M","E"],"items_purchased_type":["Relic","Card","Relic"],"build_version":"2020-12-13","purchased_purges":4,"victory":false,"max_hp_per_floor":[80,85,85,85,85,85,85,85,85,85,85,85,85,85,85,85,85,85,85,85,85,85,85,85,85,85,85,85,85,85,85,85,85,85,85,92,92,92,92,92,92],"card_choices":[{"not_picked":["Warcry","Thunderclap"],"picked":"Flame Barrier","floor":1.0},{"not_picked":["Evolve","True Grit"],"picked":"Wild Strike","floor":5.0},{"not_picked":["Armaments","Iron Wave"],"picked":"Anger","floor":6.0},{"not_picked":["Feel No Pain","Carnage"],"picked":"Demon Form","floor":7.0},{"not_picked":["Havoc","Wild Strike"],"picked":"Armaments","floor":10.0},{"not_picked":["Iron Wave","Thunderclap"],"picked":"Shrug It Off","floor":14.0},{"not_picked":["Thunderclap","Sword Boomerang"],"picked":"Battle Trance","floor":18.0},{"not_picked":["Clash","Blood for Blood+1"],"picked":"Ghostly Armor","floor":25.0},{"not_picked":["Perfected Strike","Armaments","Body Slam"],"picked":"SKIP","floor":29.0},{"not_picked":["Twin Strike+1","Combust"],"picked":"Dropkick","floor":31.0},{"not_picked":["Exhume","Berserk"],"picked":"Juggernaut","floor":33.0},{"not_picked":["Thunderclap","Twin Strike","Wild Strike+1"],"picked":"SKIP","floor":35.0},{"not_picked":["Body Slam+1","Headbutt+1"],"picked":"Burning Pact","floor":39}],"player_experience":1021395,"relics_obtained":[{"floor":7.0,"key":"Kunai"},{"floor":9.0,"key":"Potion Belt"},{"floor":14.0,"key":"War Paint"},{"floor":19.0,"key":"Nilry\u0027s Codex"},{"floor":21.0,"key":"Whetstone"},{"floor":25.0,"key":"Nunchaku"},{"floor":26.0,"key":"MawBank"}],"event_choices":[{"damage_healed":0.0,"max_hp_gain":5.0,"max_hp_loss":0.0,"gold_gain":0.0,"event_name":"Big Fish","player_choice":"Donut","floor":2.0,"gold_loss":0.0,"damage_taken":0.0},{"cards_removed":["Strike_R"],"damage_healed":0.0,"max_hp_gain":0.0,"max_hp_loss":0.0,"gold_gain":0.0,"event_name":"Golden Wing","player_choice":"Card Removal","floor":3.0,"gold_loss":0.0,"damage_taken":7.0},{"damage_healed":0.0,"max_hp_gain":0.0,"max_hp_loss":0.0,"gold_gain":100.0,"event_name":"Golden Shrine","player_choice":"Pray","floor":4.0,"gold_loss":0.0,"damage_taken":0.0},{"damage_healed":0.0,"max_hp_gain":0.0,"max_hp_loss":0.0,"gold_gain":0.0,"event_name":"Upgrade Shrine","player_choice":"Upgraded","floor":12.0,"gold_loss":0.0,"damage_taken":0.0,"cards_upgraded":["Anger"]},{"damage_healed":0.0,"max_hp_gain":0.0,"max_hp_loss":0.0,"gold_gain":0.0,"event_name":"Cursed Tome","player_choice":"Obtained Book","floor":19.0,"gold_loss":0.0,"damage_taken":16.0},{"damage_healed":0.0,"max_hp_gain":0.0,"max_hp_loss":0.0,"gold_gain":0.0,"event_name":"Addict","player_choice":"Obtained Relic","floor":20.0,"gold_loss":85.0,"damage_taken":0.0,"relics_obtained":["Unceasing Top"]},{"damage_healed":0.0,"max_hp_gain":0.0,"max_hp_loss":0.0,"gold_gain":0.0,"event_name":"Accursed Blacksmith","player_choice":"Forge","floor":30.0,"gold_loss":0.0,"damage_taken":0.0,"cards_upgraded":["True Grit"]},{"damage_healed":0.0,"max_hp_gain":0.0,"max_hp_loss":0.0,"gold_gain":0.0,"event_name":"Tomb of Lord Red Mask","player_choice":"Paid","floor":37.0,"gold_loss":33.0,"damage_taken":0.0,"relics_obtained":["Red Mask"]},{"damage_healed":0,"gold_gain":0,"player_choice":"Ignored","damage_taken":0,"max_hp_gain":0,"max_hp_loss":0,"event_name":"Mysterious Sphere","floor":38,"gold_loss":0}],"is_beta":false,"boss_relics":[{"not_picked":["Ectoplasm","Philosopher\u0027s Stone"],"picked":"Mark of Pain"},{"not_picked":["SacredBark","Pandora\u0027s Box"],"picked":"Coffee Dripper"}],"items_purged_floors":[22,24,27,36],"is_endless":false,"potions_floor_spawned":[5,6,14,31,33],"killed_by":"Reptomancer","ascension_level":9}}