{"host":"oc5h2hqz0xgb0igf","time":1608112397,"event":{"mods":["AchievementEnabler","BaseMod","Card Forge","Colored Map","Colored Powertips","Minty Spire (QoL Compilation)","Rare Cards Sparkle","StSLib"],"gold_per_floor":[112,112,122,138,152,182,35,61,106,106,119,119,119,135,135,259,259,273,316,316,266,266,266,304,316,328,356,399,430,455,486,498,635,647,684,709,736,1104,1116,1161,1173,1200,1212,1248,1280,1335,1297,1322,1322,1322],"floor_reached":51,"playtime":2336,"items_purged":["Injury","Decay"],"score":1186,"play_id":"8388ab88-bcce-4f1c-bbe8-82ecf36a366b","local_time":"20201216015317","is_ascension_mode":false,"campfire_choices":[{"data":"Flame Barrier","floor":15,"key":"SMITH"},{"data":"Flame Barrier","floor":23,"key":"SMITH"},{"data":"Body Slam","floor":32,"key":"SMITH"},{"floor":41,"key":"RECALL"},{"data":"Shrug It Off","floor":49,"key":"SMITH"}],"circlet_count":0,"master_deck":["Barricade+1","Entrench+1","Flame Barrier+1","Ghostly Armor","Impervious","Shrug It Off+1","Body Slam+1","Body Slam+1","Entrench+1","Flame Barrier+1","Shrug It Off+1","True Grit+1","Impervious","Barricade+1","True Grit+1","Shrug It Off+1","Impervious","Shrug It Off+1","Body Slam+1","Offering"],"relics":["Burning Blood","Hammer of Thor","Seething Fire","Anvil of the Gods","Smiling Mask","Bag of Preparation","Mercury Hourglass","Bag of Marbles","Anchor","Golden Idol","Runic Dome","Red Mask","MawBank","Bronze Scales","Art of War","Black Star","Old Coin","InkBottle","Pocketwatch","White Beast Statue","Ginger","Toy Ornithopter"],"acts_visited":["Exordium","TheCity","TheBeyond"],"potions_floor_usage":[4,19,24,50,50],"damage_taken":[{"damage":0,"enemies":"Jaw Worm","floor":1,"turns":2},{"damage":0,"enemies":"2 Louse","floor":3,"turns":3},{"damage":6,"enemies":"Small Slimes","floor":4,"turns":2},{"damage":0,"enemies":"2 Fungi Beasts","floor":5,"turns":3},{"damage":0,"enemies":"Gremlin Nob","floor":6,"turns":3},{"damage":0,"enemies":"3 Sentries","floor":8,"turns":9},{"damage":0,"enemies":"Gremlin Gang","floor":11,"turns":3},{"damage":0,"enemies":"Exordium Wildlife","floor":14,"turns":2},{"damage":0,"enemies":"Slime Boss","floor":16,"turns":6},{"damage":0,"enemies":"Chosen","floor":18,"turns":3},{"damage":0,"enemies":"Masked Bandits","floor":19,"turns":4},{"damage":0,"enemies":"Slavers","floor":24,"turns":4},{"damage":0,"enemies":"3 Byrds","floor":27,"turns":3},{"damage":0,"enemies":"Gremlin Leader","floor":28,"turns":3},{"damage":0,"enemies":"Snake Plant","floor":29,"turns":2},{"damage":0,"enemies":"Shelled Parasite and Fungi","floor":30,"turns":3},{"damage":0,"enemies":"Chosen and Byrds","floor":31,"turns":2},{"damage":0,"enemies":"Automaton","floor":33,"turns":4},{"damage":0,"enemies":"3 Shapes","floor":35,"turns":3},{"damage":0,"enemies":"3 Darklings","floor":36,"turns":5},{"damage":0,"enemies":"Writhing Mass","floor":37,"turns":2},{"damage":0,"enemies":"2 Orb Walkers","floor":38,"turns":2},{"damage":0,"enemies":"Nemesis","floor":40,"turns":5},{"damage":0,"enemies":"Spire Growth","floor":42,"turns":1},{"damage":0,"enemies":"3 Darklings","floor":44,"turns":2},{"damage":6,"enemies":"Maw","floor":45,"turns":2},{"damage":6,"enemies":"Reptomancer","floor":46,"turns":3},{"damage":6,"enemies":"Sphere and 2 Shapes","floor":48,"turns":3},{"damage":6,"enemies":"Donu and Deca","floor":50,"turns":3}],"seed_played":"-4091467244566380224","potions_obtained":[{"floor":4,"key":"Fruit Juice"},{"floor":5,"key":"Block Potion"},{"floor":14,"key":"PowerPotion"},{"floor":16,"key":"BloodPotion"},{"floor":18,"key":"ElixirPotion"},{"floor":19,"key":"BlessingOfTheForge"},{"floor":24,"key":"Swift Potion"},{"floor":38,"key":"DistilledChaos"},{"floor":40,"key":"ColorlessPotion"},{"floor":45,"key":"Ancient Potion"}],"is_trial":false,"path_per_floor":["M","?","M","M","M","E","$","E","T","?","M","?","?","M","R","B",null,"M","?","?","$","?","R","E","?","T","M","E","M","M","M","R","B",null,"M","M","M","?","?","E","R","M","T","M","M","E","$","M","R","B",null],"character_chosen":"IRONCLAD","items_purchased":["Bag of Preparation"],"campfire_rested":0,"item_purchase_floors":[7],"current_hp_per_floor":[88,88,88,93,93,93,93,93,93,93,93,90,90,93,93,93,93,93,93,93,93,93,93,93,84,84,90,93,93,93,93,93,93,93,93,93,93,93,93,93,93,93,93,93,93,93,93,93,93,93],"gold":1322,"neow_bonus":"TEN_PERCENT_HP_BONUS","is_daily":false,"chose_seed":false,"campfire_upgraded":4,"win_rate":0.0,"timestamp":1608112397,"path_taken":["M","?","M","M","M","E","$","E","T","?","M","?","?","M","R","BOSS","M","?","?","$","?","R","E","?","T","M","E","M","M","M","R","BOSS","M","M","?","?","?","E","R","?","T","M","M","E","$","M","R","BOSS"],"items_purchased_type":["Relic"],"build_version":"2020-12-13","purchased_purges":2,"victory":true,"max_hp_per_floor":[88,88,88,93,93,93,93,93,93,93,93,93,93,93,93,93,93,93,93,93,93,93,93,93,93,93,93,93,93,93,93,93,93,93,93,93,93,93,93,93,93,93,93,93,93,93,93,93,93,93],"card_choices":[{"not_picked":["Flex","Wild Strike","Pommel Strike"],"picked":"SKIP","floor":1},{"not_picked":["Rampage","Flex","Evolve"],"picked":"SKIP","floor":3},{"not_picked":["Uppercut","Thunderclap","Rage"],"picked":"SKIP","floor":4},{"not_picked":["Power Through","Feel No Pain"],"picked":"True Grit","floor":5},{"not_picked":["Reaper","Heavy Blade","True Grit"],"picked":"SKIP","floor":6},{"not_picked":["Whirlwind","Armaments","Warcry"],"picked":"SKIP","floor":8},{"not_picked":["Twin Strike","Thunderclap","Clash"],"picked":"SKIP","floor":11},{"not_picked":["Headbutt","Iron Wave"],"picked":"Shrug It Off","floor":14},{"not_picked":["Double Tap","Limit Break"],"picked":"Impervious","floor":16},{"not_picked":["Rupture","Warcry","Pommel Strike"],"picked":"SKIP","floor":18},{"not_picked":["Seeing Red","Juggernaut","Flex+1"],"picked":"SKIP","floor":24},{"not_picked":["Blood for Blood","Thunderclap","Cleave"],"picked":"SKIP","floor":27},{"not_picked":["Fiend Fire","Armaments"],"picked":"Shrug It Off+1","floor":28},{"not_picked":["Disarm+1","Perfected Strike","Entrench"],"picked":"SKIP","floor":29},{"not_picked":["Anger","Wild Strike","Uppercut"],"picked":"SKIP","floor":30},{"not_picked":["Anger","Searing Blow+1"],"picked":"Body Slam","floor":31},{"not_picked":["Combust+1","Body Slam","Thunderclap"],"picked":"SKIP","floor":35},{"not_picked":["Pummel","Pommel Strike+1","True Grit+1"],"picked":"SKIP","floor":36},{"not_picked":["Fire Breathing","Cleave","Armaments"],"picked":"SKIP","floor":37},{"not_picked":["Uppercut","Clothesline+1","Inflame"],"picked":"SKIP","floor":40},{"not_picked":["Clothesline","Dual Wield","Ghostly Armor+1"],"picked":"SKIP","floor":42},{"not_picked":["Shockwave+1","Intimidate"],"picked":"Offering","floor":44},{"not_picked":["Pommel Strike","Fire Breathing+1","Iron Wave+1"],"picked":"SKIP","floor":45},{"not_picked":["Clash","Anger+1","Clothesline+1"],"picked":"SKIP","floor":46},{"not_picked":["Wild Strike","Thunderclap+1","Blood for Blood"],"picked":"SKIP","floor":48}],"player_experience":77536,"relics_obtained":[{"floor":6,"key":"Smiling Mask"},{"floor":8,"key":"Mercury Hourglass"},{"floor":9,"key":"Bag of Marbles"},{"floor":19,"key":"Red Mask"},{"floor":24,"key":"MawBank"},{"floor":26,"key":"Bronze Scales"},{"floor":28,"key":"Art of War"},{"floor":38,"key":"Old Coin"},{"floor":40,"key":"InkBottle"},{"floor":40,"key":"Pocketwatch"},{"floor":43,"key":"White Beast Statue"},{"floor":46,"key":"Ginger"},{"floor":46,"key":"Toy Ornithopter"}],"event_choices":[{"damage_healed":0,"gold_gain":0,"player_choice":"Ignored","damage_taken":0,"max_hp_gain":0,"max_hp_loss":0,"event_name":"Golden Wing","floor":2,"gold_loss":0},{"damage_healed":0,"gold_gain":0,"player_choice":"Grow","damage_taken":0,"max_hp_gain":0,"max_hp_loss":0,"event_name":"Living Wall","floor":10,"gold_loss":0,"cards_upgraded":["True Grit"]},{"damage_healed":0,"gold_gain":0,"player_choice":"Success","damage_taken":3,"relics_obtained":["Anchor"],"max_hp_gain":0,"max_hp_loss":0,"event_name":"Scrap Ooze","floor":12,"gold_loss":0},{"damage_healed":0,"gold_gain":0,"player_choice":"Take Wound","damage_taken":0,"relics_obtained":["Golden Idol"],"max_hp_gain":0,"max_hp_loss":0,"event_name":"Golden Idol","floor":13,"gold_loss":0,"cards_obtained":["Injury"]},{"damage_healed":0,"gold_gain":0,"player_choice":"Fought Bandits","damage_taken":0,"max_hp_gain":0,"max_hp_loss":0,"event_name":"Masked Bandits","floor":19,"gold_loss":0},{"damage_healed":0,"gold_gain":0,"player_choice":"Read","damage_taken":0,"max_hp_gain":0,"max_hp_loss":0,"event_name":"The Library","floor":20,"gold_loss":0,"cards_obtained":["Shrug It Off"]},{"cards_removed":["Shrug It Off"],"damage_healed":0,"gold_gain":0,"player_choice":"Elegance","damage_taken":0,"max_hp_gain":0,"max_hp_loss":0,"event_name":"Back to Basics","floor":22,"gold_loss":0},{"damage_healed":0,"gold_gain":0,"player_choice":"Damaged","damage_taken":9,"max_hp_gain":0,"max_hp_loss":0,"event_name":"Wheel of Change","floor":25,"gold_loss":0},{"damage_healed":0,"gold_gain":0,"player_choice":"Fight","damage_taken":0,"max_hp_gain":0,"max_hp_loss":0,"event_name":"Mysterious Sphere","floor":38,"gold_loss":0},{"damage_healed":0,"gold_gain":0,"player_choice":"Cursed","damage_taken":0,"max_hp_gain":0,"max_hp_loss":0,"event_name":"Wheel of Change","floor":39,"gold_loss":0,"cards_obtained":["Decay"]}],"is_beta":false,"boss_relics":[{"not_picked":["Runic Cube","Fusion Hammer"],"picked":"Runic Dome"},{"not_picked":["Snecko Eye","Calling Bell"],"picked":"Black Star"}],"items_purged_floors":[21,47],"is_endless":false,"potions_floor_spawned":[4,5,14,16,18,19,24,35,38,40,44,45,46,48],"ascension_level":0}}