{"host":"zv753xhrtese558r","time":1608082993,"event":{"mods":["2.2 Compatiblity","AchievementEnabler","BaseMod","Bestiary","Better Match","Better Note","Better Skull","Better Third Choice","BetterRewards","Colored Map","Colored Powertips","Googly Eyes","Infinite Spire","Minty Spire (QoL Compilation)","Replay The Spire","Spicy Shops","StSLib","The Gatherer"],"gold_per_floor":[114,114,189,37,37,37,50,15,15,31,31,31,31,72,72,193,256,271,286,158,73,13,13,57,82,82,98,116,116,147,147,147],"floor_reached":31,"playtime":1722,"items_purged":["Injury"],"score":445,"play_id":"72eb708a-4e86-4491-93cb-daee48c3e6a9","local_time":"20201215174313","is_ascension_mode":true,"campfire_choices":[{"floor":6.0,"key":"REST"},{"data":"Vigilance","floor":13.0,"key":"SMITH"},{"floor":15.0,"key":"REST"},{"data":"Devotion","floor":23.0,"key":"SMITH"},{"floor":29,"key":"REST"}],"circlet_count":0,"master_deck":["Strike_P","Strike_P","Strike_P","Strike_P","Defend_P","Defend_P","Defend_P+1","Eruption+1","Vigilance+1","LikeWater","Meditate","Consecrate","FlyingSleeves","FollowUp","Evaluate","FlurryOfBlows","Swivel+1","Pray","Devotion+1","EmptyBody","SandsOfTime+1","Crescendo","PathToVictory","PathToVictory+1","BowlingBash+1","Protect+1","Consecrate+1"],"relics":["PureWater","BargainBundle","Toy Ornithopter","Golden Idol","White Beast Statue","Replay:WaspNest","PreservedInsect","Tiny House","Ancient Tea Set","Shuriken","Smiling Mask","Tiny Chest"],"acts_visited":["Exordium","TheCity"],"potions_floor_usage":[28,28,30,31],"damage_taken":[{"damage":2.0,"enemies":"Jaw Worm","floor":1.0,"turns":5.0},{"damage":4.0,"enemies":"2 Louse","floor":7.0,"turns":3.0},{"damage":0.0,"enemies":"Small Slimes","floor":10.0,"turns":2.0},{"damage":17.0,"enemies":"Lagavulin","floor":14.0,"turns":5.0},{"damage":9.0,"enemies":"Slime Boss","floor":16.0,"turns":8.0},{"damage":8.0,"enemies":"3 Byrds","floor":18.0,"turns":5.0},{"damage":9.0,"enemies":"Shell Parasite","floor":19.0,"turns":4.0},{"damage":22.0,"enemies":"Replay:Snechameleon","floor":24.0,"turns":5.0},{"damage":12.0,"enemies":"Centurion and Healer","floor":25.0,"turns":4.0},{"damage":29,"enemies":"Snecko","floor":27,"turns":4},{"damage":13,"enemies":"Shelled Parasite and Fungi","floor":28,"turns":3},{"damage":34,"enemies":"Book of Stabbing","floor":30,"turns":4},{"damage":9,"enemies":"Snake Plant","floor":31,"turns":1}],"seed_played":"8871330181639218745","potions_obtained":[{"floor":10.0,"key":"GamblersBrew"},{"floor":14.0,"key":"Adrenaline Potion"},{"floor":16.0,"key":"StancePotion"},{"floor":17.0,"key":"EssenceOfSteel"},{"floor":25.0,"key":"Adrenaline Potion"},{"floor":27,"key":"PowerPotion"},{"floor":28,"key":"Elixir"},{"floor":30,"key":"PowerPotion"}],"is_trial":false,"path_per_floor":["M","?","?","$","?","R","M","$","T","M","AVR","?","R","E","R","B",null,"M","M","$","?","?","R","E","M","T","M","M","R","E","M"],"character_chosen":"WATCHER","items_purchased":["LikeWater","BargainBundle","Meditate","Block Potion","Elixir","Consecrate","Adrenaline Potion","Toy Ornithopter","Evaluate","PathToVictory","Ancient Tea Set"],"campfire_rested":3,"item_purchase_floors":[0,0,0,0,0,0,0,4,8,20,20],"current_hp_per_floor":[70,70,59,59,59,72,68,68,68,68,68,68,68,56,72,63,77,69,60,60,60,60,60,38,41,41,12,9,32,3,0,0],"gold":147,"neow_bonus":"","is_daily":false,"chose_seed":false,"campfire_upgraded":2,"win_rate":0.0,"timestamp":1608082993,"path_taken":["M","?","?","$","?","R","M","?","T","M","AVR","?","R","E","R","BOSS","M","M","$","?","?","R","E","M","T","M","M","R","E","M"],"items_purchased_type":["Card","Relic","Card","Potion","Potion","Card","Potion","Relic","Card","Card","Relic"],"build_version":"2020-12-13","purchased_purges":1,"victory":false,"max_hp_per_floor":[72,72,72,72,72,72,72,72,72,72,72,72,72,72,72,72,77,77,77,77,77,77,77,77,77,77,77,77,77,77,77,77],"card_choices":[{"not_picked":["Consecrate","Replay:Anticipation"],"picked":"FlyingSleeves","floor":1.0},{"not_picked":["Protect","Worship"],"picked":"FollowUp","floor":7.0},{"not_picked":["MentalFortress","EmptyBody"],"picked":"FlurryOfBlows","floor":10.0},{"not_picked":["Meditate","Collect"],"picked":"Pray","floor":14.0},{"not_picked":["Vault","Establishment"],"picked":"Devotion","floor":16.0},{"not_picked":["Replay:ManipulateFuture","ClearTheMind"],"picked":"EmptyBody","floor":17.0},{"not_picked":["DeceiveReality+1","WindmillStrike+1"],"picked":"SandsOfTime+1","floor":18.0},{"not_picked":["CutThroughFate","FollowUp+1"],"picked":"Crescendo","floor":19.0},{"not_picked":["Meditate+1","Replay:Vibes"],"picked":"PathToVictory+1","floor":24.0},{"not_picked":["Replay:BluntJabs","FlyingSleeves","SashWhip"],"picked":"SKIP","floor":25.0},{"not_picked":["CrushJoints","Evaluate+1"],"picked":"BowlingBash+1","floor":27},{"not_picked":["Fasting2","Evaluate"],"picked":"Protect+1","floor":28},{"not_picked":["JustLucky","Replay:Vibes"],"picked":"Consecrate+1","floor":30}],"player_experience":426234,"relics_obtained":[{"floor":9.0,"key":"White Beast Statue"},{"floor":14.0,"key":"PreservedInsect"},{"floor":24.0,"key":"Smiling Mask"},{"floor":26.0,"key":"Tiny Chest"}],"event_choices":[{"damage_healed":0.0,"max_hp_gain":0.0,"max_hp_loss":0.0,"gold_gain":0.0,"event_name":"Living Wall","player_choice":"Grow","floor":2.0,"gold_loss":0.0,"damage_taken":0.0,"cards_upgraded":["Eruption"]},{"damage_healed":0.0,"max_hp_gain":0.0,"max_hp_loss":0.0,"gold_gain":75.0,"event_name":"betterThird:BetterGoop","player_choice":"Gold","floor":3.0,"gold_loss":0.0,"damage_taken":11.0},{"damage_healed":0.0,"max_hp_gain":0.0,"max_hp_loss":0.0,"gold_gain":0.0,"event_name":"Golden Idol","player_choice":"Take Wound","floor":5.0,"gold_loss":0.0,"damage_taken":0.0,"relics_obtained":["Golden Idol"],"cards_obtained":["Injury"]},{"damage_healed":0.0,"max_hp_gain":0.0,"max_hp_loss":0.0,"gold_gain":0.0,"event_name":"Addict","player_choice":"Obtained Relic","floor":21.0,"gold_loss":85.0,"damage_taken":0.0,"relics_obtained":["Shuriken"]}],"is_beta":false,"boss_relics":[{"not_picked":["Velvet Choker","VioletLotus"],"picked":"Tiny House"}],"items_purged_floors":[11],"is_endless":false,"potions_floor_spawned":[10,14,16,18,19,24,25,27,28,30],"killed_by":"Snake Plant","ascension_level":4}}