{"host":"l8lkgdumzpe3823a","time":1608159472,"event":{"mods":["Aspiration","BaseMod","Better Note","Colored Powertips","Curses Come First","Custom Start","DeckTracker","Defuse TimeMaze Blight","Highlight Path","Hubris","Infinite Spire","Minty Spire (QoL Compilation)","Quick Restart","Replay The Spire","Shop Mod","StSLib","SuperFastMode","The Construct","The Dragon Tamer","vexMod"],"gold_per_floor":[113,132,52,72,91,91,123,123,170,170,186,216,216,71,71,71,71],"floor_reached":16,"playtime":526,"items_purged":[],"score":149,"play_id":"bd812f17-7407-4d1a-b7aa-695b811afdad","local_time":"20201216165752","is_ascension_mode":true,"campfire_choices":[{"data":"Flex","floor":6,"key":"SMITH"},{"floor":8,"key":"REST"},{"data":"Spot Weakness","floor":10,"key":"SMITH"},{"floor":15,"key":"REST"}],"circlet_count":0,"master_deck":["Strike_R","Strike_R","Strike_R","Strike_R","Strike_R","Defend_R","Defend_R","Defend_R","Defend_R","Bash","Spot Weakness+1","Heavy Blade","Heavy Blade","Flex+1","Feel No Pain","Flex","Fire Breathing","Self Repair+1"],"relics":["NeowsBlessing","Blood Vial","hubris:OldNail","Anchor","Iron Core","vexMod:Cooldron"],"acts_visited":["Exordium"],"potions_floor_usage":[7,12,16,16],"damage_taken":[{"damage":0,"enemies":"Cultist","floor":1,"turns":1},{"damage":0,"enemies":"Small Slimes","floor":2,"turns":1},{"damage":0,"enemies":"Jaw Worm","floor":4,"turns":1},{"damage":16,"enemies":"2 Fungi Beasts","floor":5,"turns":4},{"damage":50,"enemies":"Lagavulin","floor":7,"turns":8},{"damage":22,"enemies":"3 Louse","floor":11,"turns":4},{"damage":27,"enemies":"3 Sentries","floor":12,"turns":4},{"damage":46,"enemies":"The Guardian","floor":16,"turns":7}],"seed_played":"8797130306889071537","potions_obtained":[{"floor":2,"key":"ElixirPotion"},{"floor":4,"key":"Fire Potion"},{"floor":11,"key":"Death Potion"},{"floor":12,"key":"Strength Potion"}],"is_trial":false,"path_per_floor":["M","M","$","M","M","R","E","R","T","R","M","E","?","$","R","B"],"character_chosen":"IRONCLAD","items_purchased":["Heavy Blade","Flex","vexMod:Cooldron"],"campfire_rested":2,"item_purchase_floors":[3,3,14],"current_hp_per_floor":[78,80,80,80,70,70,26,50,50,50,36,17,17,17,41,0,0],"gold":71,"neow_bonus":"THREE_ENEMY_KILL","is_daily":false,"chose_seed":false,"campfire_upgraded":2,"win_rate":0.0,"timestamp":1608159472,"path_taken":["M","M","$","?","M","R","E","R","T","R","M","E","?","$","R","BOSS"],"items_purchased_type":["Card","Card","Relic"],"build_version":"2020-12-13","purchased_purges":0,"victory":false,"max_hp_per_floor":[80,80,80,80,80,80,80,80,80,80,80,80,80,80,80,80,80],"card_choices":[{"not_picked":["hubris:CleavingFinish","True Grit","Wild Strike"],"picked":"SKIP","floor":1},{"not_picked":["Run Through","Pummel"],"picked":"Spot Weakness","floor":2},{"not_picked":["Infernal Blade","Entrench"],"picked":"Feel No Pain","floor":4},{"not_picked":["Run Through","Entrench","Clothesline"],"picked":"SKIP","floor":5},{"not_picked":["Thunderclap","Rampage"],"picked":"Flex","floor":7},{"not_picked":["Abandon","Blood for Blood","Hemokinesis"],"picked":"SKIP","floor":11},{"not_picked":["Defy Death","Searing Blow"],"picked":"Fire Breathing","floor":12}],"player_experience":562468,"relics_obtained":[{"floor":7,"key":"Blood Vial"},{"floor":9,"key":"hubris:OldNail"},{"floor":12,"key":"Anchor"}],"event_choices":[],"is_beta":false,"boss_relics":[],"items_purged_floors":[],"is_endless":false,"potions_floor_spawned":[2,4,11,12],"killed_by":"The Guardian","ascension_level":7}}