{"host":"3qkmyeoym75lj4wn","time":1608160085,"event":{"mods":["2.2 Compatiblity","BaseMod","Block Reminder","Colored Powertips","Highlight Path","Minty Spire (QoL Compilation)","Permanent Neow","Potion Indicator Mod","Rare Cards Sparkle","Relic Stats","StSLib"],"gold_per_floor":[115,115,3,3,3,3,3,16,41,41,41,67,78,95,95,95,95],"floor_reached":16,"playtime":360,"items_purged":[],"score":196,"play_id":"11f45b8b-75f5-41fd-9ac5-446623214a0c","local_time":"20201216230805","is_ascension_mode":true,"campfire_choices":[{"data":"CrushJoints","floor":6,"key":"SMITH"},{"data":"FlyingSleeves","floor":10,"key":"SMITH"},{"floor":15,"key":"REST"}],"circlet_count":0,"master_deck":["AscendersBane","Strike_P","Strike_P","Strike_P","Strike_P","Defend_P","Defend_P","Defend_P","Defend_P","Eruption+1","Vigilance","Brilliance","FlyingSleeves+1","CrushJoints+1","FollowUp","Tantrum","Prostrate"],"relics":["PureWater","Lantern","Happy Flower","Darkstone Periapt"],"acts_visited":["Exordium"],"potions_floor_usage":[12,16,16],"damage_taken":[{"damage":4,"enemies":"Small Slimes","floor":1,"turns":3},{"damage":0,"enemies":"2 Louse","floor":8,"turns":1},{"damage":28,"enemies":"Lagavulin","floor":12,"turns":3},{"damage":0,"enemies":"Jaw Worm","floor":13,"turns":1},{"damage":0,"enemies":"Large Slime","floor":14,"turns":1},{"damage":32,"enemies":"The Guardian","floor":16,"turns":8}],"seed_played":"339867538050056022","potions_obtained":[{"floor":12,"key":"Block Potion"},{"floor":13,"key":"BlessingOfTheForge"},{"floor":14,"key":"DistilledChaos"}],"is_trial":false,"path_per_floor":["M","?","$","?","$","R","?","M","T","R","T","E","M","M","R","B"],"character_chosen":"WATCHER","items_purchased":["CrushJoints","AttackPotion"],"campfire_rested":1,"item_purchase_floors":[3,3],"current_hp_per_floor":[57,62,62,62,62,62,36,36,36,36,36,8,8,8,29,0,0],"gold":95,"neow_bonus":"ONE_RANDOM_RARE_CARD","is_daily":false,"chose_seed":false,"campfire_upgraded":2,"win_rate":0.0,"timestamp":1608160085,"path_taken":["M","?","$","?","?","R","?","M","T","R","?","E","?","M","R","BOSS"],"items_purchased_type":["Card","Potion"],"build_version":"2020-12-13","purchased_purges":0,"victory":false,"max_hp_per_floor":[68,73,73,73,73,73,73,73,73,73,73,73,73,73,73,73,73],"relic_stats":{"Darkstone Periapt":0,"Happy Flower":[4],"counters":[6,17],"obtain_stats":[{"Darkstone Periapt":12,"Lantern":7,"Happy Flower":9,"PureWater":0},{"Darkstone Periapt":3,"Lantern":1,"Happy Flower":2,"PureWater":0},{"Darkstone Periapt":7,"Lantern":3,"Happy Flower":4,"PureWater":0}]},"card_choices":[{"not_picked":["PathToVictory","DeceiveReality"],"picked":"FlyingSleeves","floor":1},{"not_picked":["Crescendo","ThirdEye"],"picked":"FollowUp","floor":8},{"not_picked":["SashWhip","Blasphemy","ClearTheMind"],"picked":"SKIP","floor":12},{"not_picked":["Collect","Study"],"picked":"Tantrum","floor":13},{"not_picked":["Collect","SashWhip"],"picked":"Prostrate","floor":14}],"player_experience":1594013,"relics_obtained":[{"floor":9,"key":"Happy Flower"},{"floor":12,"key":"Darkstone Periapt"}],"event_choices":[{"damage_healed":0,"gold_gain":0,"player_choice":"Donut","damage_taken":0,"max_hp_gain":5,"max_hp_loss":0,"event_name":"Big Fish","floor":2,"gold_loss":0},{"damage_healed":0,"gold_gain":0,"player_choice":"Grow","damage_taken":0,"max_hp_gain":0,"max_hp_loss":0,"event_name":"Living Wall","floor":4,"gold_loss":0,"cards_upgraded":["Eruption"]},{"damage_healed":0,"gold_gain":0,"player_choice":"Success","damage_taken":26,"relics_obtained":["Lantern"],"max_hp_gain":0,"max_hp_loss":0,"event_name":"Scrap Ooze","floor":7,"gold_loss":0}],"is_beta":false,"boss_relics":[],"items_purged_floors":[],"is_endless":false,"potions_floor_spawned":[12,13,14],"killed_by":"The Guardian","ascension_level":20}}