{"host":"su73a2bh8339ktv3","time":1608101007,"event":{"mods":["AchievementEnabler","Aspiration","Bard","BaseMod","Beaked The Cultist","Better Altar","Better Match","Better Note","Better Sensory Stone","Better Skull","Better Third Choice","BetterRewards","CCEM","Clawfect","Colored Map","Conspire","Downfall","GifTheSpireLib","Googly Eyes","Halation","Hermit","Highlight Path","Hubris","Hunter ??","Infinite Spire","Jedi Mod","Jorbs\u0027s Wanderer Trilogy","Mad Scientist","Marisa????????","Mimic Mod","Minty Spire (QoL Compilation)","Permanent Neow","Replay The Spire","Shade Mod","Shop Mod","Spicy Shops","StSLib","Stuff the Spire","The Administrix","The Blackbeard","The Bug Knight","The Construct","The Cursed","The Disciple","The Gatherer","The Hierophant","The IronCluck","The Jungle","The Mystic","The Necromancer","The Problem Sleuth","The Runesmith","The Servant 0.9.4","The Spell Scribe","The Witch","Unceasing Turn Reminder","[IsaacMod]????","everything is the same but u backflip on backflip","slay the spire mod where everything is the same but ironclad has a cowboy hat"],"gold_per_floor":[99,199,199,211,223,241,241,267,192,222,222,234,244,49,69,171,171,171,198,255,345,410,410,501,501,554,554],"floor_reached":26,"playtime":1482,"items_purged":[],"score":306,"play_id":"b4869b0e-4a69-40f7-b366-c4ac38119ab5","local_time":"20201216174327","is_ascension_mode":false,"campfire_choices":[{"floor":25,"key":"REST"}],"circlet_count":0,"master_deck":["conspire:GhostlyStrike","conspire:GhostlyStrike","conspire:GhostlyStrike","conspire:GhostlyStrike","conspire:GhostlyDefend+1","conspire:GhostlyDefend","conspire:GhostlyDefend","conspire:GhostlyDefend","Negative_Energy_Arrows","Bone_Wall","BettingIsNotGood","Blood_Shield","infinitespire:Gouge","Life_Drain","Blood_Shield","Death_March_Dance","Exploit","Regret","Summon_Undead_Army","Siphon_Strength","Bone_Armory","Scare","Negative_Energy_Mist","Reap_The_Weak","Strike_from_Beyond","Vampiric_Strike","Plague_Bolt+1","Death_March_Dance+1","Exploit+1"],"relics":["Vampire_Amulet","HushsDoor","Runesmith:Locket","Replay:Wax Seal","aspiration:HiddenCompartment","CCEMRelics:SpiritsEdge","jedi:shrinkray","Replay:Fungal Core","halation:IllGainedPizza","SalivaCoin","hubris:MedicalManual","CCEMRelics:WhiteRose"],"acts_visited":["Exordium","TheCity"],"potions_floor_usage":[22,22,22],"damage_taken":[{"damage":2,"enemies":"Jaw Worm","floor":4,"turns":4},{"damage":2,"enemies":"Cultist","floor":5,"turns":4},{"damage":2,"enemies":"Small Slimes","floor":6,"turns":4},{"damage":29,"enemies":"Lagavulin","floor":8,"turns":7},{"damage":4,"enemies":"3 Sentries","floor":10,"turns":3},{"damage":8,"enemies":"Blue Slaver","floor":12,"turns":3},{"damage":2,"enemies":"Exordium Thugs","floor":13,"turns":2},{"damage":0,"enemies":"downfall:FleeingMerchant","floor":14,"turns":4},{"damage":2,"enemies":"3 Louse","floor":15,"turns":2},{"damage":55,"enemies":"downfall:Ironclad","floor":16,"turns":10},{"damage":34,"enemies":"conspire:SneckoGhost","floor":19,"turns":8},{"damage":12,"enemies":"Shell Parasite","floor":20,"turns":7},{"damage":42,"enemies":"3 Cultists","floor":21,"turns":9},{"damage":9,"enemies":"Gremlin Leader","floor":22,"turns":5},{"damage":18,"enemies":"conspire:HollyBat","floor":24,"turns":5},{"damage":48,"enemies":"Book of Stabbing","floor":26,"turns":4}],"seed_played":"7295582865911403559","potions_obtained":[{"floor":5,"key":"Block Potion"},{"floor":6,"key":"Elixir"},{"floor":8,"key":"Guardian:BlockOnCardUsePotion"}],"is_trial":false,"path_per_floor":["R_BF","?","?","M","M","M","T","E","?","E","?","M","M","$","M","B",null,"R_BF","E","M","M","E","T","MIM","R","E"],"character_chosen":"NECROMANCER","items_purchased":["jedi:shrinkray","Scare"],"campfire_rested":1,"item_purchase_floors":[14,14],"current_hp_per_floor":[57,57,57,57,67,75,75,60,60,68,68,68,70,70,74,33,75,75,49,45,26,27,27,12,34,0,0],"gold":554,"neow_bonus":"THREE_CARDS","is_daily":false,"chose_seed":false,"campfire_upgraded":0,"win_rate":0.0,"timestamp":1608101007,"path_taken":["R_BF","?","?","M","M","?","T","E","?","E","?","M","M","$","M","BOSS","R_BF","E","M","?","E","?","MIM","R","E"],"items_purchased_type":["Relic","Card"],"build_version":"2020-12-13","purchased_purges":0,"victory":false,"max_hp_per_floor":[75,75,75,75,75,75,75,75,75,75,75,75,75,75,75,75,75,75,75,75,75,75,75,75,75,75,75],"card_choices":[{"not_picked":[],"picked":"BettingIsNotGood","floor":0},{"not_picked":["Bomb","Siphon_Strength"],"picked":"Blood_Shield","floor":0},{"not_picked":["hubris:Rewind","ReplayTheSpireMod:Black Plague"],"picked":"infinitespire:Gouge","floor":1},{"not_picked":["Life_Tap","Blood_Shield"],"picked":"Life_Drain","floor":4},{"not_picked":["Bomb","Spectral_Walk"],"picked":"Blood_Shield","floor":5},{"not_picked":["Blood_Whip","Siphon_Strength"],"picked":"Death_March_Dance","floor":6},{"not_picked":["Blood_Curse","Flesh_Made_Foul"],"picked":"Bomb","floor":8},{"not_picked":["Bomb","Negative_Energy_Shield"],"picked":"Exploit","floor":10},{"not_picked":["Shackles_Of_Pain","Death_Knell"],"picked":"Summon_Undead_Army","floor":12},{"not_picked":["Deaths_Shadow","Scare"],"picked":"Siphon_Strength","floor":13},{"not_picked":["Consume_Illness","Cloudkill"],"picked":"Bone_Armory","floor":14},{"not_picked":["Thousand_Bone_Knives","Necromantic_Selection"],"picked":"Negative_Energy_Mist","floor":15},{"not_picked":["Detonate_Bones","Blood_Wake"],"picked":"Reap_The_Weak","floor":16},{"not_picked":["Necromantic_Selection+1","Negative_Energy_Shield"],"picked":"Strike_from_Beyond","floor":19},{"not_picked":["Thousand_Bone_Knives+1","Siphon_Strength+1"],"picked":"Vampiric_Strike","floor":20},{"not_picked":["Negative_Energy_Shield","Blood_Curse"],"picked":"Plague_Bolt+1","floor":21},{"not_picked":["Bone_Spikes+1","Blood_Wake"],"picked":"Death_March_Dance+1","floor":22},{"not_picked":["Blood_Curse","Necrotic_Claws+1"],"picked":"Exploit+1","floor":24}],"player_experience":92052,"relics_obtained":[{"floor":7,"key":"Runesmith:Locket"},{"floor":8,"key":"Replay:Wax Seal"},{"floor":10,"key":"aspiration:HiddenCompartment"},{"floor":19,"key":"halation:IllGainedPizza"},{"floor":23,"key":"hubris:MedicalManual"},{"floor":24,"key":"CCEMRelics:WhiteRose"}],"event_choices":[{"damage_healed":0,"gold_gain":0,"player_choice":"Agree","damage_taken":0,"max_hp_gain":0,"max_hp_loss":0,"event_name":"conspire:LoneGhost","floor":3,"gold_loss":0},{"damage_healed":0,"gold_gain":0,"player_choice":"3","damage_taken":0,"max_hp_gain":0,"max_hp_loss":0,"event_name":"betterMatch:BetterMatch","floor":9,"gold_loss":0,"cards_obtained":[]},{"damage_healed":0,"gold_gain":0,"player_choice":"Box","damage_taken":0,"relics_obtained":["CCEMRelics:SpiritsEdge"],"max_hp_gain":0,"max_hp_loss":0,"event_name":"Big Fish","floor":11,"gold_loss":0,"cards_obtained":["Regret"]}],"is_beta":false,"boss_relics":[{"not_picked":["SlaversCollar","halation:Prosthetics"],"picked":"Replay:Fungal Core"},{"not_picked":[]}],"items_purged_floors":[],"is_endless":false,"potions_floor_spawned":[5,6,8,13,16,19,20],"killed_by":"Book of Stabbing","ascension_level":0}}