{"host":"mi0eibewekhugwl1","time":1608127593,"event":{"mods":["AchievementEnabler","BaseMod","Colored Map","Colored Powertips","DeckTracker","Keyboard Shortcuts","Minty Spire (QoL Compilation)","Quick Restart","Rare Cards Sparkle","Relic Stats","StSLib","SuperFastMode","everything is the same but u backflip on backflip"],"gold_per_floor":[14,31,45,55,70,70,86,86,111,111,111,125,135,145,145,222,222,233,233,249,280,306,322,349,127,150,150,150,161,161,178,178,256,256,268,315,315,327,327,327,361,43,43,63,74,296,296,325,325,325,325,325],"floor_reached":51,"playtime":1686,"items_purged":["Hemokinesis","Flex"],"score":1392,"play_id":"5e4f55ab-2c3d-40f7-bd02-48b7f3775823","local_time":"20201216230633","is_ascension_mode":true,"campfire_choices":[{"data":"Feed","floor":6,"key":"SMITH"},{"data":"Inflame","floor":8,"key":"SMITH"},{"data":"Shockwave","floor":10,"key":"SMITH"},{"data":"Seeing Red","floor":15,"key":"SMITH"},{"data":"Burning Pact","floor":28,"key":"SMITH"},{"data":"Body Slam","floor":32,"key":"SMITH"},{"data":"True Grit","floor":40,"key":"SMITH"},{"data":"Evolve","floor":47,"key":"SMITH"},{"floor":49,"key":"RECALL"}],"circlet_count":0,"master_deck":["AscendersBane","Bash","Feed+1","Inflame+1","Shockwave+1","Seeing Red+1","Pommel Strike","Sword Boomerang","Power Through","Impervious","Carnage","Twin Strike","Reckless Charge","Double Tap","Power Through+1","Flame Barrier","Sentinel+1","Body Slam+1","Burning Pact+1","Evolve+1","Offering","Exhume","Fire Breathing+1","True Grit+1","Apotheosis","Purity","Disarm","Juggernaut"],"relics":["Burning Blood","Smiling Mask","Pandora\u0027s Box","Enchiridion","Red Mask","War Paint","Eternal Feather","Lee\u0027s Waffle","Orichalcum","CultistMask","Coffee Dripper","Bird Faced Urn","Centennial Puzzle","Anchor"],"acts_visited":["Exordium","TheCity","TheBeyond"],"potions_floor_usage":[12,16,21,24,33,36,48,48,51],"damage_taken":[{"damage":6,"enemies":"Small Slimes","floor":1,"turns":4},{"damage":1,"enemies":"Cultist","floor":2,"turns":3},{"damage":9,"enemies":"Jaw Worm","floor":3,"turns":4},{"damage":8,"enemies":"Looter","floor":4,"turns":4},{"damage":5,"enemies":"2 Fungi Beasts","floor":5,"turns":5},{"damage":9,"enemies":"Exordium Thugs","floor":7,"turns":5},{"damage":0,"enemies":"Looter","floor":12,"turns":1},{"damage":13,"enemies":"Large Slime","floor":13,"turns":3},{"damage":19,"enemies":"Red Slaver","floor":14,"turns":4},{"damage":52,"enemies":"The Guardian","floor":16,"turns":13},{"damage":10,"enemies":"3 Byrds","floor":18,"turns":5},{"damage":2,"enemies":"Spheric Guardian","floor":20,"turns":5},{"damage":47,"enemies":"Masked Bandits","floor":21,"turns":6},{"damage":18,"enemies":"Centurion and Healer","floor":23,"turns":4},{"damage":21,"enemies":"Book of Stabbing","floor":24,"turns":3},{"damage":0,"enemies":"Snecko","floor":29,"turns":4},{"damage":14,"enemies":"Shelled Parasite and Fungi","floor":31,"turns":5},{"damage":113,"enemies":"Champ","floor":33,"turns":15},{"damage":9,"enemies":"3 Shapes","floor":35,"turns":4},{"damage":41,"enemies":"2 Orb Walkers","floor":36,"turns":4},{"damage":19,"enemies":"3 Darklings","floor":38,"turns":7},{"damage":18,"enemies":"Nemesis","floor":41,"turns":7},{"damage":44,"enemies":"Transient","floor":44,"turns":6},{"damage":11,"enemies":"Spire Growth","floor":45,"turns":3},{"damage":37,"enemies":"Reptomancer","floor":48,"turns":5},{"damage":33,"enemies":"Time Eater","floor":50,"turns":11},{"damage":55,"enemies":"Awakened One","floor":51,"turns":4}],"seed_played":"8230998615917789925","potions_obtained":[{"floor":1,"key":"ColorlessPotion"},{"floor":3,"key":"ElixirPotion"},{"floor":7,"key":"Explosive Potion"},{"floor":11,"key":"Fire Potion"},{"floor":14,"key":"PowerPotion"},{"floor":16,"key":"ElixirPotion"},{"floor":23,"key":"DuplicationPotion"},{"floor":31,"key":"LiquidBronze"},{"floor":35,"key":"SneckoOil"},{"floor":45,"key":"SneckoOil"},{"floor":48,"key":"Dexterity Potion"}],"is_trial":false,"path_per_floor":["M","M","M","M","M","R","M","R","T","R","?","M","M","M","R","B",null,"M","?","M","?","T","M","E","$","T","?","R","M","?","M","R","B",null,"M","?","?","M","?","R","E","$","T","M","M","?","R","E","R","B","B"],"character_chosen":"IRONCLAD","items_purchased":["Lee\u0027s Waffle","Apotheosis","Purity"],"campfire_rested":0,"item_purchase_floors":[25,42,42],"current_hp_per_floor":[71,79,79,80,84,84,85,85,85,85,85,95,92,79,79,33,85,85,64,68,31,31,23,12,125,125,125,125,129,129,125,133,26,106,107,76,76,71,71,86,82,82,82,52,57,57,72,49,64,47,0,0],"gold":325,"neow_bonus":"THREE_RARE_CARDS","is_daily":false,"chose_seed":false,"campfire_upgraded":8,"win_rate":0.0,"timestamp":1608127593,"path_taken":["M","M","M","M","M","R","M","R","T","R","?","M","M","?","R","BOSS","M","?","M","?","?","M","E","$","T","?","R","M","?","M","R","BOSS","M","?","?","M","?","R","E","$","T","?","M","?","R","E","R","BOSS","BOSS"],"items_purchased_type":["Relic","Card","Card"],"build_version":"2020-12-13","purchased_purges":2,"victory":false,"max_hp_per_floor":[78,81,84,87,90,90,94,94,94,94,94,98,102,102,102,102,102,106,106,106,110,110,114,118,125,125,125,125,129,129,133,133,133,133,137,141,134,134,134,134,134,134,134,134,138,138,138,138,138,138,138,138],"relic_stats":{"Lee\u0027s Waffle":113,"Centennial Puzzle":[15],"counters":[27,144],"Bird Faced Urn":[56],"Pandora\u0027s Box":["Carnage","Flex","Hemokinesis","Twin Strike","Reckless Charge","Double Tap","Power Through","Flame Barrier","Sentinel"],"Eternal Feather":53,"War Paint":["Power Through","Sentinel"],"Orichalcum":[102],"Smiling Mask":75,"obtain_stats":[{"Lee\u0027s Waffle":25,"Enchiridion":19,"Eternal Feather":24,"War Paint":22,"Orichalcum":26,"Smiling Mask":9,"Burning Blood":0,"Centennial Puzzle":41,"Anchor":48,"Bird Faced Urn":36,"Pandora\u0027s Box":17,"CultistMask":30,"Red Mask":21,"Coffee Dripper":34},{"Lee\u0027s Waffle":15,"Enchiridion":11,"Eternal Feather":15,"War Paint":13,"Orichalcum":15,"Smiling Mask":6,"Burning Blood":0,"Centennial Puzzle":22,"Anchor":25,"Bird Faced Urn":20,"Pandora\u0027s Box":10,"CultistMask":16,"Red Mask":13,"Coffee Dripper":18},{"Lee\u0027s Waffle":69,"Enchiridion":51,"Eternal Feather":69,"War Paint":62,"Orichalcum":69,"Smiling Mask":25,"Burning Blood":0,"Centennial Puzzle":115,"Anchor":129,"Bird Faced Urn":101,"Pandora\u0027s Box":46,"CultistMask":73,"Red Mask":62,"Coffee Dripper":93}],"Burning Blood":150},"card_choices":[{"not_picked":["Corruption","Limit Break"],"picked":"Feed","floor":0},{"not_picked":["Warcry","Twin Strike"],"picked":"Inflame","floor":1},{"not_picked":["Sword Boomerang","Rupture"],"picked":"Shockwave","floor":2},{"not_picked":["Heavy Blade","Uppercut","Warcry"],"picked":"SKIP","floor":3},{"not_picked":["Heavy Blade","Uppercut","Warcry"],"picked":"SKIP","floor":3},{"not_picked":["Headbutt","Warcry"],"picked":"Seeing Red","floor":4},{"not_picked":["Iron Wave","Battle Trance"],"picked":"Pommel Strike","floor":5},{"not_picked":["Anger","Fire Breathing","Flex"],"picked":"SKIP","floor":7},{"not_picked":["Anger","Fire Breathing","Flex"],"picked":"SKIP","floor":7},{"not_picked":["Sword Boomerang","Pommel Strike"],"picked":"Twin Strike","floor":12},{"not_picked":["Flex","Headbutt"],"picked":"Sword Boomerang","floor":13},{"not_picked":["Disarm","Rupture"],"picked":"Power Through","floor":14},{"not_picked":["Double Tap","Berserk"],"picked":"Impervious","floor":16},{"not_picked":["Pommel Strike","Rampage"],"picked":"Body Slam","floor":18},{"not_picked":["Rampage+1","Ghostly Armor","Armaments"],"picked":"SKIP","floor":20},{"not_picked":["Flex","Carnage+1","Hemokinesis"],"picked":"SKIP","floor":23},{"not_picked":["Anger","Infernal Blade"],"picked":"Burning Pact","floor":24},{"not_picked":["Spot Weakness","Warcry"],"picked":"Evolve","floor":29},{"not_picked":["Heavy Blade","Havoc"],"picked":"Offering","floor":31},{"not_picked":["Demon Form","Corruption"],"picked":"Exhume","floor":33},{"not_picked":["Hemokinesis","Havoc"],"picked":"Fire Breathing+1","floor":35},{"not_picked":["Seeing Red+1","Warcry+1"],"picked":"True Grit","floor":38},{"not_picked":["Pummel","Inflame","Dropkick"],"picked":"SKIP","floor":41},{"not_picked":["Evolve+1","Havoc"],"picked":"Disarm","floor":44},{"not_picked":["Pommel Strike+1","Rupture+1","Body Slam+1"],"picked":"SKIP","floor":45},{"not_picked":["Shockwave","Wild Strike"],"picked":"Juggernaut","floor":48}],"player_experience":1673700,"relics_obtained":[{"floor":9,"key":"Smiling Mask"},{"floor":19,"key":"Enchiridion"},{"floor":21,"key":"Red Mask"},{"floor":22,"key":"War Paint"},{"floor":24,"key":"Eternal Feather"},{"floor":26,"key":"Orichalcum"},{"floor":36,"key":"Bird Faced Urn"},{"floor":41,"key":"Centennial Puzzle"},{"floor":48,"key":"Anchor"}],"event_choices":[{"damage_healed":0,"gold_gain":0,"player_choice":"Got Potions","damage_taken":0,"max_hp_gain":0,"max_hp_loss":0,"event_name":"Lab","floor":11,"gold_loss":0},{"damage_healed":0,"gold_gain":0,"player_choice":"Obtained Book","damage_taken":21,"max_hp_gain":0,"max_hp_loss":0,"event_name":"Cursed Tome","floor":19,"gold_loss":0},{"damage_healed":0,"gold_gain":0,"player_choice":"Fought Bandits","damage_taken":0,"max_hp_gain":0,"max_hp_loss":0,"event_name":"Masked Bandits","floor":21,"gold_loss":0},{"cards_removed":["Twin Strike"],"damage_healed":0,"gold_gain":0,"player_choice":"Elegance","damage_taken":0,"max_hp_gain":0,"max_hp_loss":0,"event_name":"Back to Basics","floor":27,"gold_loss":0},{"damage_healed":0,"gold_gain":0,"player_choice":"Trade","damage_taken":0,"relics_obtained":["CultistMask"],"max_hp_gain":0,"max_hp_loss":0,"event_name":"FaceTrader","floor":30,"gold_loss":0},{"damage_healed":0,"gold_gain":0,"player_choice":"Fight","damage_taken":0,"max_hp_gain":0,"max_hp_loss":0,"event_name":"Mysterious Sphere","floor":36,"gold_loss":0},{"damage_healed":0,"gold_gain":0,"player_choice":"Max HP","damage_taken":0,"max_hp_gain":0,"max_hp_loss":7,"event_name":"Winding Halls","floor":37,"gold_loss":0},{"damage_healed":0,"gold_gain":0,"player_choice":"0 cards matched","damage_taken":0,"max_hp_gain":0,"max_hp_loss":0,"event_name":"Match and Keep!","floor":39,"gold_loss":0,"cards_obtained":[]},{"damage_healed":0,"gold_gain":222,"player_choice":"Wore Mask","damage_taken":0,"max_hp_gain":0,"max_hp_loss":0,"event_name":"Tomb of Lord Red Mask","floor":46,"gold_loss":0}],"is_beta":false,"boss_relics":[{"not_picked":["Fusion Hammer","Busted Crown"],"picked":"Pandora\u0027s Box"},{"not_picked":["Astrolabe","Black Star"],"picked":"Coffee Dripper"}],"items_purged_floors":[25,42],"is_endless":false,"potions_floor_spawned":[1,3,7,14,16,23,31,35,45,48],"killed_by":"Awakened One","ascension_level":20}}