{"host":"6xsbn6ynqlzwllfm","time":1608142554,"event":{"mods":["2.2 Compatiblity","BaseMod","Bestiary","Colored Map","Colored Powertips","Curses Come First","Downfall","Highlight Path","Minty Spire (QoL Compilation)","Quick Restart","Relic Stats","Slay the Relics Exporter","StSLib","SuperFastMode"],"gold_per_floor":[113,132,132,145,145,178,203,232,250,350,22,22,22,35,35,35,35],"floor_reached":16,"playtime":500,"items_purged":[],"score":187,"play_id":"b8b6d7d6-c488-4703-8120-f9f259397547","local_time":"20201216131554","is_ascension_mode":true,"campfire_choices":[{"floor":5.0,"key":"RECALL"},{"floor":13,"key":"REST"},{"data":"1","floor":15,"key":"LIFT"}],"circlet_count":0,"master_deck":["AscendersBane","Guardian:Strike_Guardian","Guardian:Strike_Guardian","Guardian:Strike_Guardian","Guardian:Defend_Guardian+1","Guardian:Defend_Guardian","Guardian:Defend_Guardian","Guardian:Defend_Guardian","Guardian:CurlUp","Guardian:TwinSlam+1","Guardian:Reroute","Guardian:PrimingBeam+1","Guardian:Incinerate","Guardian:EvasiveProtocol","Regret","Guardian:Recover"],"relics":["Guardian:ModeShifter","Art of War","Oddly Smooth Stone","Singing Bowl","Girya"],"acts_visited":["Exordium"],"potions_floor_usage":[14,16],"damage_taken":[{"damage":7.0,"enemies":"Small Slimes","floor":1.0,"turns":4.0},{"damage":0.0,"enemies":"Cultist","floor":2.0,"turns":3.0},{"damage":0.0,"enemies":"2 Louse","floor":4.0,"turns":3.0},{"damage":10.0,"enemies":"3 Sentries","floor":6.0,"turns":7.0},{"damage":32.0,"enemies":"Gremlin Nob","floor":8.0,"turns":5.0},{"damage":0.0,"enemies":"2 Fungi Beasts","floor":9.0,"turns":4.0},{"damage":0,"enemies":"downfall:FleeingMerchant","floor":11,"turns":4},{"damage":9,"enemies":"Exordium Wildlife","floor":14,"turns":4},{"damage":52,"enemies":"downfall:Ironclad","floor":16,"turns":13}],"seed_played":"4844029547448915799","potions_obtained":[{"floor":1.0,"key":"Block Potion"},{"floor":4.0,"key":"Guardian:DefensiveModePotion"},{"floor":9,"key":"Fruit Juice"},{"floor":14,"key":"LiquidBronze"}],"is_trial":false,"path_per_floor":["M","M","?","M","R","E","T","E","M","?","$","?","R","M","R","B"],"character_chosen":"GUARDIAN","items_purchased":["Girya"],"campfire_rested":1,"item_purchase_floors":[11],"current_hp_per_floor":[65,65,65,65,65,55,55,23,23,23,25,25,49,45,45,0,0],"gold":35,"neow_bonus":"TEN_PERCENT_HP_BONUS","is_daily":false,"chose_seed":false,"campfire_upgraded":0,"win_rate":0.0,"timestamp":1608142554,"path_taken":["M","M","?","M","R","E","T","E","?","?","$","?","R","?","R","BOSS"],"items_purchased_type":["Relic"],"build_version":"2020-12-13","purchased_purges":0,"victory":false,"max_hp_per_floor":[79,79,79,79,79,79,79,79,79,79,81,81,81,86,86,86,86],"relic_stats":{"Singing Bowl":2,"counters":[9,47],"Art of War":[1],"obtain_stats":[{"Girya":11,"Singing Bowl":8,"Guardian:ModeShifter":0,"Oddly Smooth Stone":7,"Art of War":6},{"Girya":7,"Singing Bowl":5,"Guardian:ModeShifter":0,"Oddly Smooth Stone":4,"Art of War":4},{"Girya":30,"Singing Bowl":22,"Guardian:ModeShifter":0,"Oddly Smooth Stone":17,"Art of War":17}]},"card_choices":[{"not_picked":["Guardian:SentryBeam","Guardian:VentSteam"],"picked":"Guardian:Reroute","floor":1.0},{"not_picked":["Guardian:RefractedBeam","Guardian:Preprogram"],"picked":"Guardian:PrimingBeam","floor":2.0},{"not_picked":["Guardian:FloatingOrbs","Guardian:Gem_Fragmented"],"picked":"Guardian:Incinerate","floor":4.0},{"not_picked":["Guardian:ShieldCharger","Guardian:Recover"],"picked":"Guardian:Gem_Crimson","floor":6.0},{"not_picked":["Guardian:Repulse","Guardian:PrimingBeam"],"picked":"Guardian:EvasiveProtocol","floor":8.0},{"not_picked":["Guardian:RollAttack","Guardian:TemporalStrike"],"picked":"Guardian:Gem_Cyan","floor":9},{"not_picked":["Guardian:RollAttack","Guardian:PrismaticBeam","Guardian:EvasiveProtocol"],"picked":"Singing Bowl","floor":11},{"not_picked":["Guardian:TemporalStrike","Guardian:ShieldCharger"],"picked":"Guardian:Recover","floor":14}],"player_experience":1226962,"relics_obtained":[{"floor":6.0,"key":"Art of War"},{"floor":7.0,"key":"Oddly Smooth Stone"},{"floor":8.0,"key":"Singing Bowl"}],"event_choices":[{"cards_removed":["Guardian:Strike_Guardian"],"damage_healed":0.0,"max_hp_gain":0.0,"max_hp_loss":0.0,"gold_gain":0.0,"event_name":"Bonfire Elementals","player_choice":"Offered Basic","floor":3.0,"gold_loss":0.0,"damage_taken":0.0}],"is_beta":false,"boss_relics":[],"items_purged_floors":[],"is_endless":false,"potions_floor_spawned":[1,4,9,14],"killed_by":"downfall:Ironclad","ascension_level":14}}