{"host":"8a3jzv7qxg3y7b6t","time":1608112546,"event":{"mods":["BaseMod","Better Third Choice","Downfall","Hermit","Minty Spire (QoL Compilation)","Relic Stats","StSLib","The Bug Knight","The Cursed"],"gold_per_floor":[368,368,368,68,87,122,133,161,161,171,171,171,185,42,42,142,142,155,180,180,25,39,67,67,137,218,250,250,250,311,311,311,408,408,423,451,513,258,258,328,177,211,287,337,360,360,28,28,28,28,28,28,28,95,95,95],"floor_reached":55,"playtime":3376,"items_purged":[],"score":987,"play_id":"7b24b840-d6e9-4f5c-ac76-29eb9efde32f","local_time":"20201216015546","is_ascension_mode":false,"campfire_choices":[{"floor":11.0,"key":"RECALL"},{"data":"hermit:CursedWeapon","floor":15.0,"key":"SMITH"},{"floor":29.0,"key":"REST"},{"data":"hermit:Roughhouse","floor":32.0,"key":"SMITH"},{"data":"expansioncontent:StudyTheSpire","floor":49.0,"key":"SMITH"},{"data":"hermit:Quickdraw","floor":52.0,"key":"SMITH"}],"circlet_count":0,"master_deck":["hermit:Strike_Hermit+1","hermit:Strike_Hermit+1","hermit:Defend_Hermit+1","hermit:Defend_Hermit+1","hermit:Defend_Hermit+1","hermit:Defend_Hermit+1","hermit:Snapshot","hermit:Covet","hermit:Snipe+1","hermit:GhostlyPresence","hermit:CursedWeapon+1","hermit:Coalescence","hermit:ItchyTrigger","hermit:Quickdraw+1","hermit:DeadOrAlive+1","hermit:FlashPowder+1","hermit:Ricochet+1","hermit:Coalescence+1","hermit:Roughhouse+1","hermit:Deadeye+1","hermit:GhostlyPresence+1","hermit:Roughhouse+1","hermit:Deadeye+1","hermit:WideOpen+1","hermit:FlashPowder+1","hermit:TakeAim+1","hermit:Coalescence+1","hermit:Dive+1","expansioncontent:StudyTheSpire+1","hermit:Determination","hermit:RoundhouseKick+1"],"relics":["hermit:Momento","hermit:Horseshoe","HollowMod:StagPassRelic","Omamori","Matryoshka","Medical Kit","Sozu","HollowMod:JonisBlessing","StrikeDummy","Necronomicon","Eternal Feather","Molten Egg 2","Toxic Egg 2","Nunchaku","Calling Bell","Akabeko","Ornamental Fan","StoneCalendar","Thread and Needle","Gremlin Horn","Darkstone Periapt","ClockworkSouvenir","Lantern","Happy Flower","Torii","Blood Vial","Bottled Tornado","Du-Vu Doll"],"acts_visited":["Exordium","TheCity","TheBeyond","TheEnding"],"potions_floor_usage":[55],"damage_taken":[{"damage":0.0,"enemies":"Small Slimes","floor":1.0,"turns":4.0},{"damage":1.0,"enemies":"2 Louse","floor":5.0,"turns":2.0},{"damage":36.0,"enemies":"3 Sentries","floor":6.0,"turns":16.0},{"damage":2.0,"enemies":"Cultist","floor":7.0,"turns":5.0},{"damage":7.0,"enemies":"Gremlin Nob","floor":8.0,"turns":6.0},{"damage":5.0,"enemies":"Looter","floor":10.0,"turns":4.0},{"damage":2.0,"enemies":"Exordium Thugs","floor":13.0,"turns":3.0},{"damage":49.0,"enemies":"Slime Boss","floor":16.0,"turns":16.0},{"damage":12.0,"enemies":"2 Thieves","floor":18.0,"turns":4.0},{"damage":3.0,"enemies":"Chosen","floor":19.0,"turns":3.0},{"damage":0.0,"enemies":"Snake Plant","floor":22.0,"turns":3.0},{"damage":14.0,"enemies":"HollowMod:Nosk","floor":23.0,"turns":12.0},{"damage":0.0,"enemies":"Book of Stabbing","floor":25.0,"turns":4.0},{"damage":0.0,"enemies":"Cultist and Chosen","floor":27.0,"turns":4.0},{"damage":0.0,"enemies":"Slavers","floor":30.0,"turns":5.0},{"damage":51.0,"enemies":"Champ","floor":33.0,"turns":11.0},{"damage":0.0,"enemies":"Orb Walker","floor":35.0,"turns":2.0},{"damage":0.0,"enemies":"3 Darklings","floor":36.0,"turns":2.0},{"damage":0.0,"enemies":"2 Orb Walkers","floor":37.0,"turns":3.0},{"damage":0.0,"enemies":"Reptomancer","floor":40.0,"turns":4.0},{"damage":0.0,"enemies":"HollowMod:StalkingDevout","floor":42.0,"turns":3.0},{"damage":0.0,"enemies":"Mind Bloom Boss Battle","floor":44.0,"turns":4.0},{"damage":0.0,"enemies":"Time Eater","floor":50.0,"turns":8.0},{"damage":1,"enemies":"Shield and Spear","floor":54,"turns":6},{"damage":76,"enemies":"The Heart","floor":55,"turns":7}],"seed_played":"4013909139808033333","potions_obtained":[{"floor":6.0,"key":"Explosive Potion"},{"floor":7.0,"key":"CultistPotion"},{"floor":8.0,"key":"SkillPotion"}],"is_trial":false,"path_per_floor":["M","?","?","$","M","E","M","E","T","M","R","?","M","$","R","B",null,"M","M","?","$","M","E","?","E","T","M","?","R","E","?","R","B",null,"M","M","?","$","?","E","$","E","T","?","T","?","$","$","R","B",null,"R","$","E","B"],"character_chosen":"HERMIT","items_purchased":["hermit:GhostlyPresence","hermit:Horseshoe","Medical Kit","HollowMod:JonisBlessing","Gremlin Horn","ClockworkSouvenir","hermit:Determination","Bottled Tornado"],"campfire_rested":1,"item_purchase_floors":[4,4,14,21,38,41,47,47],"current_hp_per_floor":[75,75,75,75,74,38,36,29,29,24,24,75,73,73,73,24,75,63,60,60,60,60,46,30,30,30,30,30,64,64,64,75,24,75,75,75,75,75,75,75,75,75,75,75,75,75,75,75,75,75,75,75,75,74,0,0],"gold":95,"neow_bonus":"TWO_FIFTY_GOLD","is_daily":false,"chose_seed":false,"campfire_upgraded":4,"win_rate":0.0,"timestamp":1608112546,"path_taken":["M","?","?","$","?","E","M","E","T","M","R","?","M","?","R","BOSS","M","M","?","$","?","E","?","E","T","M","?","R","E","?","R","BOSS","M","?","?","$","?","E","?","E","T","?","?","?","?","$","R","BOSS","R","$","E","BOSS"],"items_purchased_type":["Card","Relic","Relic","Relic","Relic","Relic","Card","Relic"],"build_version":"2020-12-13","purchased_purges":0,"victory":false,"max_hp_per_floor":[75,75,75,75,75,75,75,75,75,75,75,75,75,75,75,75,75,75,75,75,75,75,75,75,75,75,75,75,75,75,75,75,75,75,75,75,75,75,75,75,75,75,75,75,75,75,75,75,75,75,75,75,75,75,75,75],"relic_stats":{"Darkstone Periapt":0,"Gremlin Horn":[7,7],"Happy Flower":[8],"Torii":0,"counters":[25,141],"Eternal Feather":23,"StoneCalendar":[104],"Medical Kit":[2],"Sozu":5,"Blood Vial":0,"Nunchaku":[12],"Ornamental Fan":[80],"Necronomicon":[35],"obtain_stats":[{"Darkstone Periapt":40,"Lantern":42,"Gremlin Horn":38,"Torii":44,"StoneCalendar":34,"Bottled Tornado":47,"HollowMod:StagPassRelic":6,"ClockworkSouvenir":41,"Sozu":17,"Blood Vial":45,"Nunchaku":30,"Matryoshka":9,"Necronomicon":24,"Toxic Egg 2":26,"Happy Flower":43,"HollowMod:JonisBlessing":21,"Eternal Feather":25,"Thread and Needle":37,"Omamori":8,"Medical Kit":14,"Akabeko":34,"Calling Bell":34,"Du-Vu Doll":54,"Ornamental Fan":34,"Molten Egg 2":26,"hermit:Horseshoe":4,"StrikeDummy":23,"hermit:Momento":0},{"Darkstone Periapt":20,"Lantern":21,"Gremlin Horn":19,"Torii":22,"StoneCalendar":16,"Bottled Tornado":22,"HollowMod:StagPassRelic":3,"ClockworkSouvenir":20,"Sozu":8,"Blood Vial":22,"Nunchaku":15,"Matryoshka":5,"Necronomicon":12,"Toxic Egg 2":13,"Happy Flower":21,"HollowMod:JonisBlessing":10,"Eternal Feather":13,"Thread and Needle":19,"Omamori":5,"Medical Kit":7,"Akabeko":16,"Calling Bell":16,"Du-Vu Doll":24,"Ornamental Fan":16,"Molten Egg 2":13,"hermit:Horseshoe":1,"StrikeDummy":12,"hermit:Momento":0},{"Darkstone Periapt":113,"Lantern":116,"Gremlin Horn":109,"Torii":120,"StoneCalendar":102,"Bottled Tornado":120,"HollowMod:StagPassRelic":22,"ClockworkSouvenir":113,"Sozu":56,"Blood Vial":120,"Nunchaku":91,"Matryoshka":33,"Necronomicon":78,"Toxic Egg 2":82,"Happy Flower":116,"HollowMod:JonisBlessing":63,"Eternal Feather":82,"Thread and Needle":109,"Omamori":33,"Medical Kit":40,"Akabeko":102,"Calling Bell":102,"Du-Vu Doll":134,"Ornamental Fan":102,"Molten Egg 2":82,"hermit:Horseshoe":4,"StrikeDummy":78,"hermit:Momento":0}]},"card_choices":[{"not_picked":["hermit:BigShot","hermit:Coalescence"],"picked":"hermit:Snipe","floor":1.0},{"not_picked":["hermit:LowProfile","hermit:Feint"],"picked":"hermit:CursedWeapon","floor":5.0},{"not_picked":["hermit:WideOpen","hermit:CalledShot"],"picked":"hermit:GhostlyPresence","floor":6.0},{"not_picked":["hermit:Vantage","hermit:ShadowCloak"],"picked":"hermit:Coalescence","floor":7.0},{"not_picked":["hermit:HighCaliber","hermit:Dissolve","hermit:Manifest"],"picked":"SKIP","floor":8.0},{"not_picked":["hermit:FullyLoaded","hermit:LowProfile"],"picked":"hermit:ItchyTrigger","floor":10.0},{"not_picked":["hermit:FullyLoaded","hermit:Coalescence"],"picked":"hermit:Quickdraw","floor":13.0},{"not_picked":["hermit:HighNoon","hermit:BlackWind"],"picked":"hermit:DeadOrAlive","floor":16.0},{"not_picked":["hermit:Scavenge+1","hermit:Manifest"],"picked":"hermit:FlashPowder+1","floor":18.0},{"not_picked":["hermit:Combo+1","hermit:Roulette"],"picked":"hermit:Ricochet+1","floor":19.0},{"not_picked":["hermit:LowProfile","hermit:CalledShot+1"],"picked":"hermit:Coalescence+1","floor":22.0},{"not_picked":["hermit:Cheat","hermit:ItchyTrigger","hermit:Roulette"],"picked":"SKIP","floor":23.0},{"not_picked":["hermit:Ricochet+1","hermit:Combo"],"picked":"hermit:Roughhouse","floor":25.0},{"not_picked":["hermit:PistolWhip+1","hermit:Desperado+1"],"picked":"hermit:Deadeye+1","floor":27.0},{"not_picked":["hermit:Misfire+1","hermit:LuckOfTheDraw+1"],"picked":"hermit:GhostlyPresence+1","floor":30.0},{"not_picked":["hermit:OverwhelmingPower","hermit:Magnum+1"],"picked":"hermit:Roughhouse+1","floor":33.0},{"not_picked":["hermit:Roulette+1","hermit:Coalescence+1"],"picked":"hermit:Deadeye+1","floor":35.0},{"not_picked":["hermit:Horror+1","hermit:Midnight+1"],"picked":"hermit:WideOpen+1","floor":36.0},{"not_picked":["hermit:Showdown+1","hermit:HighCaliber+1"],"picked":"hermit:FlashPowder+1","floor":37.0},{"not_picked":["hermit:Reprieve+1","hermit:Combo+1"],"picked":"hermit:TakeAim+1","floor":40.0},{"not_picked":["hermit:Snipe+1","hermit:FullyLoaded+1"],"picked":"hermit:Coalescence+1","floor":42.0},{"not_picked":["hermit:Headshot+1","hermit:HighCaliber+1"],"picked":"hermit:Dive+1","floor":44.0},{"not_picked":["expansioncontent:DashGenerateEvil+1","expansioncontent:Flail+1"],"picked":"expansioncontent:StudyTheSpire","floor":46.0},{"not_picked":["hermit:HighCaliber+1","hermit:GhostlyPresence+1"],"picked":"hermit:RoundhouseKick+1","floor":54}],"player_experience":597244,"relics_obtained":[{"floor":6.0,"key":"HollowMod:StagPassRelic"},{"floor":8.0,"key":"Omamori"},{"floor":9.0,"key":"Matryoshka"},{"floor":23.0,"key":"StrikeDummy"},{"floor":24.0,"key":"Necronomicon"},{"floor":25.0,"key":"Eternal Feather"},{"floor":26.0,"key":"Molten Egg 2"},{"floor":26.0,"key":"Toxic Egg 2"},{"floor":30.0,"key":"Nunchaku"},{"floor":34.0,"key":"Akabeko"},{"floor":34.0,"key":"Ornamental Fan"},{"floor":34.0,"key":"StoneCalendar"},{"floor":37.0,"key":"Thread and Needle"},{"floor":40.0,"key":"Darkstone Periapt"},{"floor":42.0,"key":"Lantern"},{"floor":43.0,"key":"Happy Flower"},{"floor":44.0,"key":"Torii"},{"floor":45.0,"key":"Blood Vial"},{"floor":54,"key":"Du-Vu Doll"}],"event_choices":[{"damage_healed":0.0,"max_hp_gain":0.0,"max_hp_loss":0.0,"gold_gain":0.0,"event_name":"Living Wall","player_choice":"Grow","floor":2.0,"gold_loss":0.0,"damage_taken":0.0,"cards_upgraded":["hermit:Snipe"]},{"cards_removed":["hexamod:Haunted"],"damage_healed":0.0,"max_hp_gain":0.0,"max_hp_loss":0.0,"gold_gain":0.0,"event_name":"Purifier","player_choice":"Purged","floor":3.0,"gold_loss":0.0,"damage_taken":0.0},{"cards_removed":["hermit:GhostlyPresence"],"damage_healed":51.0,"max_hp_gain":0.0,"max_hp_loss":0.0,"gold_gain":0.0,"event_name":"Bonfire Elementals","player_choice":"Offered Uncommon","floor":12.0,"gold_loss":0.0,"damage_taken":0.0},{"damage_healed":0.0,"max_hp_gain":0.0,"max_hp_loss":0.0,"gold_gain":0.0,"event_name":"Upgrade Shrine","player_choice":"Upgraded","floor":20.0,"gold_loss":0.0,"damage_taken":0.0,"cards_upgraded":["hermit:DeadOrAlive"]},{"damage_healed":0.0,"max_hp_gain":0.0,"max_hp_loss":0.0,"gold_gain":0.0,"event_name":"Cursed Tome","player_choice":"Obtained Book","floor":24.0,"gold_loss":0.0,"damage_taken":16.0},{"damage_healed":0.0,"max_hp_gain":0.0,"max_hp_loss":8.0,"gold_gain":0.0,"event_name":"betterThird:BetterWriting","player_choice":"Simplicity","floor":28.0,"gold_loss":0.0,"damage_taken":0.0},{"cards_removed":["hermit:Strike_Hermit"],"damage_healed":0.0,"max_hp_gain":0.0,"max_hp_loss":0.0,"gold_gain":0.0,"event_name":"Purifier","player_choice":"Purged","floor":31.0,"gold_loss":0.0,"damage_taken":0.0},{"damage_healed":0.0,"max_hp_gain":0.0,"max_hp_loss":0.0,"gold_gain":0.0,"event_name":"Mysterious Sphere","player_choice":"Fight","floor":37.0,"gold_loss":0.0,"damage_taken":0.0},{"cards_removed":["hermit:Strike_Hermit"],"damage_healed":0.0,"max_hp_gain":0.0,"max_hp_loss":0.0,"gold_gain":0.0,"event_name":"Falling","player_choice":"Removed Attack","floor":39.0,"gold_loss":0.0,"damage_taken":0.0},{"damage_healed":0.0,"max_hp_gain":0.0,"max_hp_loss":0.0,"gold_gain":0.0,"event_name":"MindBloom","player_choice":"Fight","floor":44.0,"gold_loss":0.0,"damage_taken":0.0},{"damage_healed":0.0,"max_hp_gain":0.0,"max_hp_loss":0.0,"gold_gain":0.0,"event_name":"SensoryStone","player_choice":"Memory 1","floor":46.0,"gold_loss":0.0,"damage_taken":0.0}],"is_beta":false,"boss_relics":[{"not_picked":["Velvet Choker","Runic Dome"],"picked":"Sozu"},{"not_picked":["Black Star","Empty Cage"],"picked":"Calling Bell"}],"items_purged_floors":[],"is_endless":false,"potions_floor_spawned":[6,7,8,22,33,42,44,54],"killed_by":"The Heart","ascension_level":0}}