{"host":"wxm9nhpxzwflah6x","time":1608101858,"event":{"mods":["2.2 Compatiblity","AchievementEnabler","BaseMod","Bestiary","Better Third Choice","Curses Come First","Minty Spire (QoL Compilation)","Quick Restart","Rare Cards Sparkle","Replay The Spire","StSLib","The Blue Laboratory"],"gold_per_floor":[114,114,129,144,144,144,159,174,199,199,214,244,183,198,198,298,298,313,313,313],"floor_reached":19,"playtime":1571,"items_purged":[],"score":171,"play_id":"d9f36ad4-910f-4a72-81e4-3c40ea3413b5","local_time":"20201215225738","daily_mods":["SealedDeck","ControlledChaos","Terminal"],"is_ascension_mode":false,"campfire_choices":[{"data":"Time Bomb","floor":6,"key":"SMITH"},{"floor":10,"key":"REST"},{"floor":15,"key":"REST"}],"circlet_count":0,"master_deck":["Hello World","Streamline","Coolheaded","Rip and Tear","Turbo","Sweeping Beam","Cold Snap","Barrage","Aggregate","Static Discharge","Loop","Storm","Capacitor","Capacitor","Darkness","Meteor Strike"],"relics":["Cracked Core","Frozen Eye","Potion Belt","Onion Ring","Empty Cage"],"acts_visited":["Exordium","TheCity"],"potions_floor_usage":[14,16],"damage_taken":[{"damage":2,"enemies":"Jaw Worm","floor":1,"turns":2},{"damage":0,"enemies":"Cultist","floor":3,"turns":4},{"damage":0,"enemies":"2 Louse","floor":4,"turns":1},{"damage":18,"enemies":"Gremlin Gang","floor":7,"turns":3},{"damage":0,"enemies":"2 Fungi Beasts","floor":8,"turns":2},{"damage":1,"enemies":"3 Louse","floor":11,"turns":2},{"damage":11,"enemies":"Gremlin Nob","floor":12,"turns":4},{"damage":2,"enemies":"Blue Slaver","floor":14,"turns":2},{"damage":3,"enemies":"Fading Forest","floor":16,"turns":11},{"damage":3,"enemies":"Spheric Guardian","floor":18,"turns":3},{"damage":5,"enemies":"Chosen","floor":19,"turns":2}],"seed_played":"4580661739168851385","potions_obtained":[{"floor":3,"key":"FocusPotion"},{"floor":11,"key":"blueLaboratory:FruitPunch"},{"floor":14,"key":"SpeedPotion"},{"floor":16,"key":"Toxic Potion"}],"is_trial":false,"path_per_floor":["M","?","M","M","?","R","M","M","T","R","M","E","$","M","R","B",null,"M","M"],"character_chosen":"DEFECT","items_purchased":["Capacitor"],"campfire_rested":2,"item_purchase_floors":[13],"current_hp_per_floor":[72,72,71,70,69,68,50,50,50,64,63,52,52,52,61,58,59,56,51,51],"gold":313,"neow_bonus":"","is_daily":true,"chose_seed":false,"campfire_upgraded":1,"win_rate":0.0,"timestamp":1608101858,"path_taken":["M","?","M","?","?","R","M","M","T","R","M","E","$","M","R","BOSS","M","M"],"items_purchased_type":["Card"],"build_version":"2020-12-13","purchased_purges":0,"victory":false,"max_hp_per_floor":[73,72,71,70,69,68,67,66,65,64,63,62,61,62,61,60,59,58,58,58],"card_choices":[{"not_picked":["ReplayTheSpireMod:GoodbyeWorld","Redo"],"picked":"Time Bomb","floor":1},{"not_picked":["Panic Button","Hologram"],"picked":"Barrage","floor":3},{"not_picked":["Hologram","Capacitor","Leap"],"picked":"SKIP","floor":4},{"not_picked":["Beam Cell","Hologram"],"picked":"Aggregate","floor":7},{"not_picked":["Conserve Battery","Steam Power"],"picked":"Static Discharge","floor":8},{"not_picked":["Reprogram","Glacier"],"picked":"Loop","floor":11},{"not_picked":["Beam Cell","Doom and Gloom"],"picked":"Storm","floor":12},{"not_picked":["BootSequence","FTL"],"picked":"Darkness","floor":14},{"not_picked":["Core Surge","All For One"],"picked":"Meteor Strike","floor":16},{"not_picked":["Compile Driver","Beam Cell","Hologram"],"picked":"SKIP","floor":18}],"player_experience":211359,"relics_obtained":[{"floor":9,"key":"Potion Belt"},{"floor":12,"key":"Onion Ring"}],"event_choices":[{"cards_removed":["Blizzard"],"damage_healed":0,"gold_gain":0,"player_choice":"Card Removal","damage_taken":0,"max_hp_gain":0,"max_hp_loss":0,"event_name":"Wheel of Change","floor":2,"gold_loss":0},{"cards_removed":["Sunder"],"damage_healed":0,"gold_gain":0,"player_choice":"Purged","damage_taken":0,"max_hp_gain":0,"max_hp_loss":0,"event_name":"Purifier","floor":5,"gold_loss":0}],"is_beta":false,"boss_relics":[{"not_picked":["Abe\u0027s Treasure","Replay:Bronze Core"],"picked":"Empty Cage"}],"items_purged_floors":[],"is_endless":false,"potions_floor_spawned":[3,11,14,16],"killed_by":"Chosen","ascension_level":0}}