{"host":"ywfi9m1me2oie74o","time":1608139047,"event":{"mods":["AchievementEnabler","BaseMod","Colored Map","Colored Powertips","Faster Ascension Climbing","Minty Spire (QoL Compilation)","Permanent Neow","Quick Restart","SuperFastMode"],"gold_per_floor":[117,129,54,104,119,119,130,175,175,185,55,55,88,102,102,180,180,195,205,224,224,65,65,95,10,10,10,10,25,25,55,55,129,129,148,148,148],"floor_reached":36,"playtime":1829,"items_purged":["Writhe"],"score":874,"play_id":"3a561162-fa65-4a65-afc1-4169869e17c2","local_time":"20201216121727","is_ascension_mode":true,"campfire_choices":[{"data":"Skewer","floor":6.0,"key":"SMITH"},{"data":"Infinite Blades","floor":12.0,"key":"SMITH"},{"data":"Blade Dance","floor":15.0,"key":"SMITH"},{"data":"Cloak And Dagger","floor":23.0,"key":"SMITH"},{"data":"After Image","floor":28.0,"key":"SMITH"},{"data":"Infinite Blades","floor":30.0,"key":"SMITH"},{"data":"Concentrate","floor":32.0,"key":"SMITH"}],"circlet_count":0,"master_deck":["AscendersBane","Strike_G","Strike_G","Strike_G","Defend_G","Defend_G","Defend_G","Defend_G","Defend_G","Survivor","Neutralize","Skewer+1","Leg Sweep","PiercingWail","Dagger Spray","Backflip","Slice","Infinite Blades+1","Blade Dance+1","Well Laid Plans","Backstab","After Image+1","Slice","Calculated Gamble","PiercingWail","Cloak And Dagger+1","Infinite Blades+1","Concentrate+1","Phantasmal Killer","Outmaneuver"],"relics":["Ring of the Snake","Vajra","Sundial","StoneCalendar","Black Star","PreservedInsect","Potion Belt","Regal Pillow","Mango","Meat on the Bone","Anchor","Nunchaku","Philosopher\u0027s Stone"],"acts_visited":["Exordium","TheCity","TheBeyond"],"potions_floor_usage":[33,33,33],"damage_taken":[{"damage":1.0,"enemies":"Cultist","floor":1.0,"turns":3.0},{"damage":11.0,"enemies":"Jaw Worm","floor":2.0,"turns":7.0},{"damage":1.0,"enemies":"Small Slimes","floor":5.0,"turns":3.0},{"damage":4.0,"enemies":"Red Slaver","floor":7.0,"turns":3.0},{"damage":24.0,"enemies":"Gremlin Nob","floor":8.0,"turns":4.0},{"damage":2.0,"enemies":"Exordium Wildlife","floor":10.0,"turns":6.0},{"damage":0.0,"enemies":"3 Sentries","floor":13.0,"turns":4.0},{"damage":2.0,"enemies":"3 Louse","floor":14.0,"turns":3.0},{"damage":7.0,"enemies":"Slime Boss","floor":16.0,"turns":7.0},{"damage":1.0,"enemies":"3 Byrds","floor":18.0,"turns":6.0},{"damage":0.0,"enemies":"Chosen","floor":19.0,"turns":3.0},{"damage":6.0,"enemies":"Snake Plant","floor":20.0,"turns":4.0},{"damage":33.0,"enemies":"Slavers","floor":24.0,"turns":7.0},{"damage":16.0,"enemies":"Centurion and Healer","floor":29.0,"turns":6.0},{"damage":19.0,"enemies":"Book of Stabbing","floor":31.0,"turns":6.0},{"damage":12,"enemies":"Collector","floor":33,"turns":7},{"damage":9,"enemies":"Orb Walker","floor":35,"turns":4},{"damage":94,"enemies":"3 Darklings","floor":36,"turns":4}],"seed_played":"16098574365574870","potions_obtained":[{"floor":5.0,"key":"EntropicBrew"},{"floor":10.0,"key":"Fire Potion"},{"floor":13.0,"key":"ColorlessPotion"},{"floor":16.0,"key":"FairyPotion"},{"floor":18.0,"key":"FearPotion"},{"floor":27.0,"key":"DistilledChaos"},{"floor":27.0,"key":"SmokeBomb"},{"floor":29.0,"key":"CultistPotion"},{"floor":31.0,"key":"CultistPotion"}],"is_trial":false,"path_per_floor":["M","M","?","?","M","R","M","E","T","M","$","R","E","M","R","B",null,"M","M","M","?","$","R","E","?","T","?","R","M","R","E","R","B",null,"M","M"],"character_chosen":"THE_SILENT","items_purchased":["Infinite Blades","Blade Dance","PiercingWail","Cloak And Dagger"],"campfire_rested":0,"item_purchase_floors":[11,11,22,22],"current_hp_per_floor":[58,47,47,41,40,40,36,12,12,10,10,10,10,8,8,1,50,49,49,43,43,43,43,10,24,24,24,24,20,20,13,13,13,63,54,0,0],"gold":148,"neow_bonus":"TRANSFORM_CARD","is_daily":false,"chose_seed":false,"campfire_upgraded":7,"win_rate":0.0,"timestamp":1608139047,"path_taken":["M","?","?","?","?","R","M","E","T","M","$","R","E","M","R","BOSS","M","M","M","?","$","R","E","?","T","?","R","M","R","E","R","BOSS","M","?"],"items_purchased_type":["Card","Card","Card","Card"],"build_version":"2020-12-13","purchased_purges":1,"victory":false,"max_hp_per_floor":[66,66,66,66,66,66,66,66,66,66,66,66,66,66,66,66,66,66,66,66,66,66,66,66,80,80,80,80,80,80,80,80,80,80,80,80,80],"card_choices":[{"not_picked":["Dagger Throw","Predator"],"picked":"Leg Sweep","floor":1.0},{"not_picked":["Masterful Stab","Endless Agony"],"picked":"PiercingWail","floor":2.0},{"not_picked":["Infinite Blades","Bane"],"picked":"Dagger Spray","floor":5.0},{"not_picked":["Terror","Catalyst"],"picked":"Backflip","floor":7.0},{"not_picked":["Expertise","Bane","Deadly Poison"],"picked":"SKIP","floor":8.0},{"not_picked":["Expertise","Deflect"],"picked":"Slice","floor":10.0},{"not_picked":["Grand Finale","Flying Knee"],"picked":"Well Laid Plans","floor":13.0},{"not_picked":["Underhanded Strike","Heel Hook"],"picked":"Backstab","floor":14.0},{"not_picked":["Adrenaline","Envenom"],"picked":"After Image","floor":16.0},{"not_picked":["Underhanded Strike","Escape Plan"],"picked":"Slice","floor":18.0},{"not_picked":["Expertise","Quick Slash","Bane"],"picked":"SKIP","floor":19.0},{"not_picked":["Underhanded Strike","Dagger Throw+1"],"picked":"Calculated Gamble","floor":20.0},{"not_picked":["All Out Attack","Catalyst+1","Underhanded Strike"],"picked":"SKIP","floor":24.0},{"not_picked":["All Out Attack+1","Dodge and Roll"],"picked":"Infinite Blades","floor":29.0},{"not_picked":["Acrobatics","Heel Hook"],"picked":"Concentrate","floor":31.0},{"not_picked":["Night Terror","Corpse Explosion"],"picked":"Phantasmal Killer","floor":33},{"not_picked":["Blade Dance","Flying Knee"],"picked":"Outmaneuver","floor":35}],"player_experience":276107,"relics_obtained":[{"floor":8.0,"key":"Vajra"},{"floor":9.0,"key":"Sundial"},{"floor":13.0,"key":"StoneCalendar"},{"floor":24.0,"key":"Potion Belt"},{"floor":24.0,"key":"Regal Pillow"},{"floor":26.0,"key":"Meat on the Bone"},{"floor":31.0,"key":"Anchor"},{"floor":31.0,"key":"Nunchaku"}],"event_choices":[{"cards_removed":["Strike_G"],"damage_healed":0.0,"max_hp_gain":0.0,"max_hp_loss":0.0,"gold_gain":0.0,"event_name":"The Cleric","player_choice":"Card Removal","floor":3.0,"gold_loss":75.0,"damage_taken":0.0},{"damage_healed":0.0,"max_hp_gain":0.0,"max_hp_loss":0.0,"gold_gain":50.0,"event_name":"FaceTrader","player_choice":"Touch","floor":4.0,"gold_loss":0.0,"damage_taken":6.0},{"damage_healed":0.0,"max_hp_gain":0.0,"max_hp_loss":0.0,"gold_gain":0.0,"event_name":"The Mausoleum","player_choice":"Opened","floor":21.0,"gold_loss":0.0,"damage_taken":0.0,"relics_obtained":["PreservedInsect"],"cards_obtained":["Writhe"]},{"damage_healed":0.0,"max_hp_gain":0.0,"max_hp_loss":0.0,"gold_gain":0.0,"event_name":"Addict","player_choice":"Obtained Relic","floor":25.0,"gold_loss":85.0,"damage_taken":0.0,"relics_obtained":["Mango"]},{"damage_healed":0.0,"max_hp_gain":0.0,"max_hp_loss":0.0,"gold_gain":0.0,"event_name":"Lab","player_choice":"Got Potions","floor":27.0,"gold_loss":0.0,"damage_taken":0.0}],"is_beta":false,"boss_relics":[{"not_picked":["HoveringKite","Runic Dome"],"picked":"Black Star"},{"not_picked":["Empty Cage","Velvet Choker"],"picked":"Philosopher\u0027s Stone"}],"items_purged_floors":[22],"is_endless":false,"potions_floor_spawned":[5,10,13,16,18,29,31],"killed_by":"3 Darklings","ascension_level":20}}