{"host":"znvnxllcillb3rtw","time":1608126205,"event":{"mods":["BaseMod","DeckTracker","Minty Spire (QoL Compilation)","Relic Stats","StSLib","SuperFastMode","everything is the same but u backflip on backflip"],"gold_per_floor":[165,175,175,187,204,204,279,305,305,305,316,341,341,360,360,437,437,448,422,422,442,458,458,484,484,484,512,529,529,547,563,563,635,635,646,646,177,177,93,93,111,131,208,225,225,225,32,42,42,42,42],"floor_reached":50,"playtime":1901,"items_purged":["Strike_B+1"],"score":1017,"play_id":"b56851fd-c5c8-47ea-b366-5c59ce13548d","local_time":"20201216224325","is_ascension_mode":true,"campfire_choices":[{"data":"Streamline","floor":6.0,"key":"SMITH"},{"floor":10.0,"key":"REST"},{"data":"Buffer","floor":13.0,"key":"SMITH"},{"data":"Go for the Eyes","floor":15.0,"key":"SMITH"},{"floor":23.0,"key":"REST"},{"floor":25.0,"key":"REST"},{"floor":29.0,"key":"REST"},{"floor":32.0,"key":"RECALL"},{"floor":40.0,"key":"REST"},{"floor":46.0,"key":"REST"},{"floor":49.0,"key":"REST"}],"circlet_count":0,"master_deck":["AscendersBane","Strike_B+1","Strike_B+1","Strike_B+1","Defend_B+1","Defend_B+1","Defend_B+1","Defend_B+1","Zap","Dualcast","Rebound","Compile Driver","Streamline+1","Genetic Algorithm","Reinforced Body","Go for the Eyes+1","Buffer+1","Creative AI+1","Hologram","Buffer+1","Double Energy+1","Turbo+1","Self Repair+1","Storm+1","Conserve Battery","Barrage","Thunder Strike","Turbo","Amplify","Hologram","Capacitor+1","Dark Shackles","Magnetism+1","Enlightenment","Storm+1","Barrage","Genetic Algorithm","Master of Strategy","BootSequence"],"relics":["Tiny House","Ice Cream","Shuriken","Frozen Egg 2","Fusion Hammer","Oddly Smooth Stone","Eternal Feather","Torii","SlaversCollar","TungstenRod"],"acts_visited":["Exordium","TheCity","TheBeyond"],"potions_floor_usage":[],"damage_taken":[{"damage":7.0,"enemies":"Cultist","floor":1.0,"turns":4.0},{"damage":7.0,"enemies":"Jaw Worm","floor":2.0,"turns":4.0},{"damage":6.0,"enemies":"Small Slimes","floor":4.0,"turns":4.0},{"damage":11.0,"enemies":"Looter","floor":5.0,"turns":4.0},{"damage":11.0,"enemies":"Gremlin Nob","floor":8.0,"turns":3.0},{"damage":0.0,"enemies":"Exordium Wildlife","floor":11.0,"turns":2.0},{"damage":12.0,"enemies":"Lagavulin","floor":12.0,"turns":8.0},{"damage":9.0,"enemies":"Gremlin Gang","floor":14.0,"turns":7.0},{"damage":15.0,"enemies":"Slime Boss","floor":16.0,"turns":13.0},{"damage":0.0,"enemies":"Chosen","floor":18.0,"turns":6.0},{"damage":33.0,"enemies":"2 Thieves","floor":19.0,"turns":4.0},{"damage":11.0,"enemies":"Shelled Parasite and Fungi","floor":21.0,"turns":8.0},{"damage":0.0,"enemies":"Snecko","floor":22.0,"turns":7.0},{"damage":22.0,"enemies":"Book of Stabbing","floor":24.0,"turns":5.0},{"damage":26.0,"enemies":"Slavers","floor":27.0,"turns":5.0},{"damage":9.0,"enemies":"Snake Plant","floor":28.0,"turns":5.0},{"damage":1.0,"enemies":"Centurion and Healer","floor":30.0,"turns":5.0},{"damage":13.0,"enemies":"3 Cultists","floor":31.0,"turns":4.0},{"damage":51.0,"enemies":"Collector","floor":33.0,"turns":11.0},{"damage":25.0,"enemies":"3 Shapes","floor":35.0,"turns":6.0},{"damage":0.0,"enemies":"Orb Walker","floor":41.0,"turns":3.0},{"damage":47.0,"enemies":"Writhing Mass","floor":42.0,"turns":5.0},{"damage":20.0,"enemies":"3 Darklings","floor":44.0,"turns":4.0},{"damage":20.0,"enemies":"Transient","floor":48.0,"turns":6.0},{"damage":98,"enemies":"Awakened One","floor":50,"turns":5}],"seed_played":"-3493688927546139365","potions_obtained":[{"floor":0.0,"key":"EssenceOfDarkness"},{"floor":1.0,"key":"BlessingOfTheForge"},{"floor":8.0,"key":"PotionOfCapacity"},{"floor":21.0,"key":"EntropicBrew"},{"floor":27.0,"key":"AttackPotion"},{"floor":35.0,"key":"Weak Potion"},{"floor":42.0,"key":"Energy Potion"}],"is_trial":false,"path_per_floor":["M","M","?","M","M","R","?","E","T","R","M","E","R","M","R","B",null,"M","M","?","M","M","R","E","R","T","E","M","R","M","M","R","B",null,"M","?","$","?","$","R","M","M","T","M","?","R","$","M","R","B"],"character_chosen":"DEFECT","items_purchased":["TungstenRod","Capacitor+1","Storm+1","Master of Strategy"],"campfire_rested":7,"item_purchase_floors":[37,37,39,47],"current_hp_per_floor":[62,55,60,54,43,43,32,21,21,45,45,33,33,24,24,9,63,63,30,30,19,19,43,31,55,55,39,40,79,81,78,81,40,71,56,56,56,47,47,81,81,44,44,34,34,79,79,69,81,0,0],"gold":42,"neow_bonus":"BOSS_RELIC","is_daily":false,"chose_seed":false,"campfire_upgraded":3,"win_rate":0.0,"timestamp":1608126205,"path_taken":["M","?","?","M","M","R","?","E","T","R","M","E","R","M","R","BOSS","M","M","?","M","M","R","E","R","T","E","M","R","M","M","R","BOSS","M","?","$","?","?","R","M","?","T","M","?","R","$","M","R","BOSS"],"items_purchased_type":["Relic","Card","Card","Card"],"build_version":"2020-12-13","purchased_purges":1,"victory":false,"max_hp_per_floor":[76,76,81,81,81,81,81,81,81,81,81,81,81,81,81,81,81,81,81,81,81,81,81,81,81,81,81,81,81,81,81,81,81,81,81,81,81,81,81,81,81,81,81,81,81,81,81,81,81,81,81],"relic_stats":{"Torii":12,"counters":[25,138],"Shuriken":[24],"Eternal Feather":72,"obtain_stats":[{"Ice Cream":8,"SlaversCollar":34,"Tiny House":0,"Torii":27,"Shuriken":9,"Oddly Smooth Stone":24,"Eternal Feather":26,"Fusion Hammer":17,"Frozen Egg 2":12,"Cracked Core":0,"TungstenRod":37},{"Ice Cream":5,"SlaversCollar":19,"Tiny House":0,"Torii":15,"Shuriken":5,"Oddly Smooth Stone":14,"Eternal Feather":14,"Fusion Hammer":9,"Frozen Egg 2":7,"Cracked Core":0,"TungstenRod":20},{"Ice Cream":19,"SlaversCollar":109,"Tiny House":0,"Torii":84,"Shuriken":19,"Oddly Smooth Stone":79,"Eternal Feather":79,"Fusion Hammer":49,"Frozen Egg 2":29,"Cracked Core":0,"TungstenRod":115}],"TungstenRod":19},"card_choices":[{"not_picked":["Skim","Go for the Eyes"],"picked":"Rebound","floor":0.0},{"not_picked":["Rebound","Coolheaded"],"picked":"Compile Driver","floor":1.0},{"not_picked":["Leap","Sweeping Beam"],"picked":"Streamline","floor":2.0},{"not_picked":["Barrage","Skim"],"picked":"Genetic Algorithm","floor":4.0},{"not_picked":["Leap","Go for the Eyes"],"picked":"Reinforced Body","floor":5.0},{"not_picked":["Storm","Leap"],"picked":"Go for the Eyes","floor":8.0},{"not_picked":["Ball Lightning","Chaos"],"picked":"Buffer","floor":11.0},{"not_picked":["Conserve Battery","Streamline"],"picked":"Creative AI+1","floor":12.0},{"not_picked":["Fusion","Streamline"],"picked":"Hologram","floor":14.0},{"not_picked":["Thunder Strike","Hyperbeam"],"picked":"Buffer+1","floor":16.0},{"not_picked":["Ball Lightning","Melter"],"picked":"Double Energy+1","floor":18.0},{"not_picked":["Capacitor+1","Streamline"],"picked":"Turbo+1","floor":19.0},{"not_picked":["Storm+1","Auto Shields"],"picked":"Self Repair+1","floor":21.0},{"not_picked":["Cold Snap","Redo"],"picked":"Storm+1","floor":22.0},{"not_picked":["Darkness","Turbo"],"picked":"Conserve Battery","floor":24.0},{"not_picked":["Ball Lightning","Reprogram"],"picked":"Barrage","floor":27.0},{"not_picked":["Conserve Battery","Fusion"],"picked":"Thunder Strike","floor":28.0},{"not_picked":["Barrage","Chaos","Rip and Tear"],"picked":"SKIP","floor":30.0},{"not_picked":["Turbo","Rip and Tear+1","Compile Driver"],"picked":"SKIP","floor":31.0},{"not_picked":["Rip and Tear+1","Compile Driver"],"picked":"Turbo","floor":31.0},{"not_picked":["Seek","Multi-Cast"],"picked":"Amplify","floor":33.0},{"not_picked":["Turbo","Conserve Battery"],"picked":"Hologram","floor":35.0},{"not_picked":["Jack Of All Trades","Mind Blast"],"picked":"Dark Shackles","floor":38.0},{"not_picked":["Sadistic Nature+1","Panache+1"],"picked":"Magnetism+1","floor":38.0},{"not_picked":["Madness","Chrysalis"],"picked":"Enlightenment","floor":38.0},{"not_picked":["Compile Driver+1","Chaos","Steam"],"picked":"SKIP","floor":41.0},{"not_picked":["Fusion","Steam"],"picked":"Barrage","floor":42.0},{"not_picked":["Lockon","Reinforced Body","Barrage"],"picked":"SKIP","floor":44.0},{"not_picked":["Loop+1","Hello World+1"],"picked":"BootSequence","floor":48.0}],"player_experience":2867717,"relics_obtained":[{"floor":8.0,"key":"Ice Cream"},{"floor":9.0,"key":"Shuriken"},{"floor":12.0,"key":"Frozen Egg 2"},{"floor":24.0,"key":"Oddly Smooth Stone"},{"floor":26.0,"key":"Eternal Feather"},{"floor":27.0,"key":"Torii"}],"event_choices":[{"damage_healed":0.0,"max_hp_gain":5.0,"max_hp_loss":0.0,"gold_gain":0.0,"event_name":"Big Fish","player_choice":"Donut","floor":3.0,"gold_loss":0.0,"damage_taken":0.0},{"damage_healed":0.0,"max_hp_gain":0.0,"max_hp_loss":0.0,"gold_gain":75.0,"event_name":"World of Goop","player_choice":"Gather Gold","floor":7.0,"gold_loss":0.0,"damage_taken":11.0},{"damage_healed":0.0,"max_hp_gain":0.0,"max_hp_loss":0.0,"gold_gain":0.0,"event_name":"Back to Basics","player_choice":"Simplicity","floor":20.0,"gold_loss":0.0,"damage_taken":0.0,"cards_upgraded":["Strike_B","Strike_B","Strike_B","Strike_B","Defend_B","Defend_B","Defend_B"]},{"damage_healed":0.0,"max_hp_gain":0.0,"max_hp_loss":0.0,"gold_gain":0.0,"event_name":"Tomb of Lord Red Mask","player_choice":"Ignored","floor":36.0,"gold_loss":0.0,"damage_taken":0.0},{"damage_healed":0.0,"max_hp_gain":0.0,"max_hp_loss":0.0,"gold_gain":0.0,"event_name":"SensoryStone","player_choice":"Memory 3","floor":38.0,"gold_loss":0.0,"damage_taken":10.0},{"damage_healed":0.0,"max_hp_gain":0.0,"max_hp_loss":0.0,"gold_gain":0.0,"event_name":"Duplicator","player_choice":"Copied","floor":45.0,"gold_loss":0.0,"damage_taken":0.0,"cards_obtained":["Genetic Algorithm"]}],"is_beta":false,"boss_relics":[{"not_picked":["Coffee Dripper","Astrolabe"],"picked":"Fusion Hammer"},{"not_picked":["Black Star","Runic Pyramid"],"picked":"SlaversCollar"}],"items_purged_floors":[37],"is_endless":false,"potions_floor_spawned":[1,8,16,19,21,22,27,35,42,48],"killed_by":"Awakened One","ascension_level":20}}