{"host":"3c27c697js19kaoo","time":1608108725,"event":{"mods":["BaseMod","Dota2Spire","Hermit","Minty Spire (QoL Compilation)","Quick Restart","Remilia£®¿Ÿ√◊¿Ú—«£©","Spicy Shops","StSLib","The Alterego","The Bladedancer","The Cursed","The Servant 0.9.4","°æ“≈ŒÔø®≈∆°øREMEMod"],"gold_per_floor":[112,112,128,144,144,144,144,144],"floor_reached":7,"playtime":321,"items_purged":[],"score":41,"play_id":"6e580429-ac2d-41de-a116-7bfc01a3a8ef","local_time":"20201216165205","is_ascension_mode":false,"campfire_choices":[{"data":"blademaster:Quickstep","floor":6,"key":"SMITH"}],"circlet_count":0,"master_deck":["blademaster:Strike","blademaster:Strike","blademaster:Strike","blademaster:Strike","blademaster:Defend","blademaster:Defend","blademaster:Defend","blademaster:Defend","blademaster:RagingBlow","blademaster:HighVoltage","blademaster:BladeMastery","blademaster:Havoc","blademaster:Quickstep+1"],"relics":["blademaster:DancersAmulet","REME_ComplimentaryCards","NeowsBlessing","Ornamental Fan","Kunai"],"acts_visited":["Exordium"],"potions_floor_usage":[],"damage_taken":[{"damage":0,"enemies":"Cultist","floor":1,"turns":2},{"damage":0,"enemies":"Small Slimes","floor":3,"turns":2},{"damage":0,"enemies":"2 Louse","floor":4,"turns":1},{"damage":18,"enemies":"3 Sentries","floor":7,"turns":4}],"seed_played":"4195432128332073731","potions_obtained":[{"floor":1,"key":"Swift Potion"},{"floor":4,"key":"Dota2Spire:Clarity"}],"is_trial":false,"path_per_floor":["M","T","M","M","T","R","E"],"character_chosen":"THE_BLADEMASTER","items_purchased":[],"campfire_rested":0,"item_purchase_floors":[],"current_hp_per_floor":[75,75,75,75,75,75,57,57],"gold":144,"neow_bonus":"THREE_ENEMY_KILL","is_daily":false,"chose_seed":false,"campfire_upgraded":1,"win_rate":0.0,"timestamp":1608108725,"path_taken":["M","?","M","?","?","R","E"],"items_purchased_type":[],"build_version":"2020-12-13","purchased_purges":0,"victory":false,"max_hp_per_floor":[75,75,75,75,75,75,75,75],"card_choices":[{"not_picked":["blademaster:Breeze","blademaster:Cut"],"picked":"blademaster:Havoc","floor":1},{"not_picked":["blademaster:BladeCross","blademaster:AncestralHealing"],"picked":"blademaster:Quickstep","floor":3},{"not_picked":["blademaster:ParryingStrike","blademaster:AncestralHealing","blademaster:AspectOfLightning"],"picked":"SKIP","floor":4}],"player_experience":124403,"relics_obtained":[{"floor":2,"key":"Ornamental Fan"},{"floor":5,"key":"Kunai"}],"event_choices":[],"is_beta":false,"boss_relics":[],"items_purged_floors":[],"is_endless":false,"potions_floor_spawned":[1,4],"killed_by":"3 Sentries","ascension_level":0}}