{"host":"8qb550oiisecbnz6","time":1608151385,"event":{"mods":["AchievementEnabler","BaseMod","Colored Map","Colored Powertips","Minty Spire (QoL Compilation)","Quick Restart","Slay-I","StSLib"],"gold_per_floor":[116,116,116,126,126,153,153,169,224,258,258,274,129,140,140,239,239,255,255,269,269,269],"floor_reached":21,"playtime":1962,"items_purged":["Strike_R"],"score":268,"play_id":"8ff3c44c-b77b-4248-98cc-3c091c463b1d","local_time":"20201216214305","is_ascension_mode":true,"campfire_choices":[{"data":"Seeing Red","floor":7,"key":"SMITH"},{"floor":11,"key":"REST"},{"floor":15,"key":"REST"}],"circlet_count":0,"master_deck":["Strike_R","Strike_R+1","Strike_R","Defend_R+1","Defend_R","Defend_R","Bash","Spot Weakness","Demon Form","Seeing Red+1","Disarm","Shrug It Off","Armaments","Metallicize","Bludgeon","Sword Boomerang"],"relics":["Burning Blood","Ginger","Centennial Puzzle","Omamori","White Beast Statue","Empty Cage","Nilry\u0027s Codex"],"acts_visited":["Exordium","TheCity"],"potions_floor_usage":[6,6,6,8,16,18,20,21,21],"damage_taken":[{"damage":0,"enemies":"2 Louse","floor":1,"turns":3},{"damage":4,"enemies":"Small Slimes","floor":4,"turns":4},{"damage":0,"enemies":"3 Sentries","floor":6,"turns":7},{"damage":0,"enemies":"Cultist","floor":8,"turns":3},{"damage":52,"enemies":"Lagavulin","floor":10,"turns":11},{"damage":1,"enemies":"Looter","floor":12,"turns":5},{"damage":25,"enemies":"Exordium Thugs","floor":14,"turns":7},{"damage":30,"enemies":"The Guardian","floor":16,"turns":9},{"damage":64,"enemies":"3 Byrds","floor":18,"turns":11},{"damage":3,"enemies":"Shell Parasite","floor":20,"turns":6},{"damage":13,"enemies":"Masked Bandits","floor":21,"turns":3}],"seed_played":"4623343754956234661","potions_obtained":[{"floor":5,"key":"HeartOfIron"},{"floor":5,"key":"Explosive Potion"},{"floor":5,"key":"EssenceOfSteel"},{"floor":6,"key":"LiquidMemories"},{"floor":12,"key":"Ancient Potion"},{"floor":14,"key":"Block Potion"},{"floor":16,"key":"Regen Potion"},{"floor":18,"key":"DuplicationPotion"},{"floor":20,"key":"SpeedPotion"}],"is_trial":false,"path_per_floor":["M","?","?","M","?","E","R","M","T","E","R","M","$","M","R","B",null,"M","?","M","?"],"character_chosen":"IRONCLAD","items_purchased":["Metallicize"],"campfire_rested":2,"item_purchase_floors":[13],"current_hp_per_floor":[62,46,46,48,48,54,54,60,60,14,38,43,43,24,48,24,66,23,7,10,0,0],"gold":269,"neow_bonus":"ONE_RARE_RELIC","is_daily":false,"chose_seed":false,"campfire_upgraded":1,"win_rate":0.0,"timestamp":1608151385,"path_taken":["M","?","?","?","?","E","R","M","T","E","R","M","?","M","R","BOSS","M","?","M","?"],"items_purchased_type":["Card"],"build_version":"2020-12-13","purchased_purges":1,"victory":false,"max_hp_per_floor":[80,80,80,80,80,80,80,80,80,80,80,80,80,80,80,80,80,80,80,80,80,80],"card_choices":[{"not_picked":["Havoc","Heavy Blade"],"picked":"Spot Weakness","floor":1},{"not_picked":["Twin Strike","Pommel Strike"],"picked":"Seeing Red","floor":4},{"not_picked":["Burning Pact","Flex"],"picked":"Disarm","floor":6},{"not_picked":["Havoc","Power Through"],"picked":"Shrug It Off","floor":8},{"not_picked":["Hemokinesis","Sentinel","Clothesline"],"picked":"SKIP","floor":10},{"not_picked":["Body Slam","Ghostly Armor"],"picked":"Armaments","floor":12},{"not_picked":["Shrug It Off","Reckless Charge","True Grit"],"picked":"SKIP","floor":14},{"not_picked":["Corruption","Demon Form"],"picked":"Bludgeon","floor":16},{"not_picked":["Clash","Ghostly Armor"],"picked":"Sword Boomerang","floor":18},{"not_picked":["Cleave","Thunderclap","Wild Strike+1"],"picked":"SKIP","floor":20}],"player_experience":371861,"relics_obtained":[{"floor":6,"key":"Centennial Puzzle"},{"floor":9,"key":"Omamori"},{"floor":10,"key":"White Beast Statue"},{"floor":19,"key":"Nilry\u0027s Codex"}],"event_choices":[{"damage_healed":0,"gold_gain":0,"player_choice":"Entered Light","damage_taken":16,"max_hp_gain":0,"max_hp_loss":0,"event_name":"Shining Light","floor":2,"gold_loss":0,"cards_upgraded":["Strike_R","Defend_R"]},{"damage_healed":0,"gold_gain":0,"player_choice":"1 cards matched","damage_taken":0,"max_hp_gain":0,"max_hp_loss":0,"event_name":"Match and Keep!","floor":3,"gold_loss":0,"cards_obtained":["Demon Form"]},{"damage_healed":0,"gold_gain":0,"player_choice":"Got Potions","damage_taken":0,"max_hp_gain":0,"max_hp_loss":0,"event_name":"Lab","floor":5,"gold_loss":0},{"damage_healed":0,"gold_gain":0,"player_choice":"Obtained Book","damage_taken":16,"max_hp_gain":0,"max_hp_loss":0,"event_name":"Cursed Tome","floor":19,"gold_loss":0},{"damage_healed":0,"gold_gain":0,"player_choice":"Fought Bandits","damage_taken":0,"max_hp_gain":0,"max_hp_loss":0,"event_name":"Masked Bandits","floor":21,"gold_loss":0}],"is_beta":false,"boss_relics":[{"not_picked":["Snecko Eye","Tiny House"],"picked":"Empty Cage"}],"items_purged_floors":[13],"is_endless":false,"potions_floor_spawned":[6,12,14,16,18,20],"killed_by":"Masked Bandits","ascension_level":5}}