{"host":"gx04ak8ofzo346nl","time":1608129881,"event":{"mods":["BaseMod","Colored Map","Duelist Mod","Friendly Minions","Googly Eyes","Minty Spire (QoL Compilation)","Replay The Spire","StSLib","The Animator","The Construct","The Cursed","The Disciple","The Necromancer","The Servant 0.9.4"],"gold_per_floor":[117,147,166,166,166,241,223,256,266,317,317,334,334,366,381,393,393,494,494,514,534,534,59,109,109,109,109,109,129,129,129,129,129,143,143,143,250,250,267,267,69,90,107,129,129,129,179,204,239,295,308,308,308,308,308,308,101,133,139,139],"floor_reached":59,"playtime":6752,"items_purged":["animator:Verdia","animator:Vanir"],"score":539,"play_id":"05e1c53a-de22-47b3-afca-b99fb7c6f76e","local_time":"20201216064441","is_ascension_mode":false,"campfire_choices":[{"floor":13,"key":"REST"},{"floor":17,"key":"RECALL"},{"data":"animator:Kira","floor":25,"key":"SMITH"},{"data":"animator:Wiz","floor":25,"key":"SMITH"},{"data":"animator:Aqua","floor":36,"key":"SMITH"},{"data":"animator:Kazuma","floor":36,"key":"SMITH"},{"data":"animator:Darkness","floor":45,"key":"SMITH"},{"data":"animator:Darkness","floor":45,"key":"SMITH"},{"data":"animator:Kazuma","floor":53,"key":"SMITH"},{"data":"animator:Defend_Konosuba","floor":53,"key":"SMITH"},{"data":"animator:Darkness","floor":56,"key":"SMITH"},{"data":"animator:Darkness","floor":56,"key":"SMITH"}],"circlet_count":0,"master_deck":["animator:Strike_Konosuba","animator:Defend_Konosuba+1","animator:Strike","animator:Strike+1","animator:Defend","animator:Defend+1","animator:Kazuma+1","animator:Aqua+1","animator:Kazuma+1","animator:Darkness+1","animator:Megumin+28","animator:Mitsurugi","animator:Darkness+1","animator:Mikaela","animator:Darkness+1","animator:Wiz+1","CurseOfTheBell","animator:Vanir+1","animator:Darkness+1","animator:Kira+1","animator:Verdia+1","animator:Aqua+1","animator:Mitsurugi+1","AbeCurse","animator:Shizu+1","animator:Verdia+1","animator:Chris+1","animator:Verdia+1","animator:Mitsurugi+1","animator:HigakiRinne+1","animator:Mitsuba+1","animator:Geryuganshoop+1","animator:YunYun+1","animator:Mikaela+1","animator:Shiro"],"relics":["animator:LivingPicture","animator:TheMissingPiece","animator:PurgingStone","Durian","MealTicket","Smiling Mask","Calling Bell","Strawberry","Molten Egg 2","Replay:Arrowhead","TungstenRod","Toxic Egg 2","StoneCalendar","Bronze Scales","animator:RacePiece","Anchor","Omamori","Lantern","construct:RocketBooster","Simple Rune","Boot"],"acts_visited":["Exordium","TheCity","TheBeyond","TheEnding"],"potions_floor_usage":[10,10,12,14,18,21,29,44,44,49,54,59],"damage_taken":[{"damage":15,"enemies":"Jaw Worm","floor":1,"turns":8},{"damage":1,"enemies":"2 Louse","floor":2,"turns":4},{"damage":0,"enemies":"Cultist","floor":3,"turns":6},{"damage":0,"enemies":"Looter","floor":7,"turns":4},{"damage":35,"enemies":"3 Sentries","floor":8,"turns":14},{"damage":1,"enemies":"2 Fungi Beasts","floor":9,"turns":4},{"damage":24,"enemies":"Lagavulin","floor":10,"turns":7},{"damage":0,"enemies":"Large Slime","floor":12,"turns":3},{"damage":4,"enemies":"3 Sentries","floor":14,"turns":6},{"damage":0,"enemies":"Red Slaver","floor":15,"turns":3},{"damage":0,"enemies":"Looter","floor":16,"turns":2},{"damage":13,"enemies":"Fading Forest","floor":18,"turns":11},{"damage":5,"enemies":"3 Byrds","floor":20,"turns":4},{"damage":7,"enemies":"Chosen","floor":21,"turns":7},{"damage":14,"enemies":"Snake Plant","floor":29,"turns":4},{"damage":22,"enemies":"Centurion and Healer","floor":34,"turns":5},{"damage":20,"enemies":"Pondfish","floor":37,"turns":19},{"damage":10,"enemies":"Orb Walker","floor":39,"turns":3},{"damage":0,"enemies":"3 Shapes","floor":42,"turns":3},{"damage":22,"enemies":"3 Darklings","floor":43,"turns":3},{"damage":17,"enemies":"Writhing Mass","floor":44,"turns":5},{"damage":14,"enemies":"Maw","floor":48,"turns":8},{"damage":37,"enemies":"Giant Head","floor":49,"turns":7},{"damage":0,"enemies":"Mind Bloom Boss Battle","floor":50,"turns":4},{"damage":0,"enemies":"4 Shapes","floor":51,"turns":1},{"damage":9,"enemies":"Replay:Hell Engine","floor":54,"turns":5},{"damage":36,"enemies":"Shield and Spear","floor":58,"turns":4},{"damage":102,"enemies":"The Heart","floor":59,"turns":8}],"seed_played":"145052608979190106","potions_obtained":[{"floor":2,"key":"SkillPotion"},{"floor":3,"key":"BlessingOfTheForge"},{"floor":10,"key":"Fire Potion"},{"floor":12,"key":"Block Potion"},{"floor":14,"key":"Adrenaline Potion"},{"floor":15,"key":"Regen Potion"},{"floor":24,"key":"FearPotion"},{"floor":29,"key":"FairyPotion"},{"floor":34,"key":"Elixir"},{"floor":37,"key":"Weak Potion"},{"floor":42,"key":"Energy Potion"},{"floor":44,"key":"LiquidMemories"},{"floor":48,"key":"Energy Potion"},{"floor":50,"key":"AttackPotion"},{"floor":51,"key":"Elixir"}],"is_trial":false,"path_per_floor":["M","M","M","PTL","PTL","?","M","E","M","E","T","M","R","E","M","M","R","B",null,"M","M","?","$","?","R","PTL","PTL","?","M","T","?","$","?","M","$","R","B",null,"M","?","$","M","M","M","R","?","T","M","E","?","M","?","R","B",null,"R","$","E","B"],"character_chosen":"THE_ANIMATOR","items_purchased":["TungstenRod","animator:Kira","Anchor","Simple Rune"],"campfire_rested":1,"item_purchase_floors":[23,23,41,57],"current_hp_per_floor":[59,60,63,63,63,52,54,27,28,6,6,8,31,29,31,33,33,48,88,83,86,88,88,67,67,67,67,67,55,55,84,88,88,71,86,86,72,88,81,71,86,88,66,55,55,55,55,47,16,22,22,22,22,16,85,85,85,52,0,0],"gold":139,"neow_bonus":"TEN_PERCENT_HP_BONUS","is_daily":false,"chose_seed":false,"campfire_upgraded":10,"win_rate":0.0,"timestamp":1608129881,"path_taken":["M","M","M","PTL","PTL","?","M","E","M","E","T","M","R","E","M","M","R","BOSS","M","M","?","?","?","R","PTL","PTL","?","?","T","?","$","?","M","$","R","BOSS","M","?","$","M","M","M","R","?","T","?","E","?","M","?","R","BOSS","R","$","E","BOSS"],"items_purchased_type":["Relic","Card","Relic","Relic"],"build_version":"2020-12-13","purchased_purges":2,"victory":false,"max_hp_per_floor":[72,72,73,73,73,73,73,79,79,79,79,79,79,79,79,79,79,81,88,88,88,88,88,88,88,88,88,88,88,88,88,88,88,88,88,88,88,88,88,88,88,88,88,88,88,85,85,85,85,85,85,85,85,85,85,85,85,85,85,85],"card_choices":[{"not_picked":["animator:DolaRiku","animator:Hitei"],"picked":"animator:Kazuma","floor":1},{"not_picked":["animator:MumenRider","animator:DolaCouronne"],"picked":"animator:Darkness","floor":2},{"not_picked":["animator:Chris","animator:Mitsuba"],"picked":"animator:Megumin","floor":3},{"not_picked":["animator:Darkness","animator:Kazuma"],"picked":"animator:Mitsurugi","floor":7},{"not_picked":["animator:Sora","animator:Darkness"],"picked":"animator:Verdia","floor":8},{"not_picked":["animator:ChlammyZell","animator:Shichika"],"picked":"animator:Darkness","floor":9},{"not_picked":["animator:UneriGinkaku","animator:Tyuule"],"picked":"animator:Vanir","floor":10},{"not_picked":["animator:Hans","animator:Verdia"],"picked":"animator:Megumin","floor":12},{"not_picked":["animator:PinaCoLada","animator:Lu"],"picked":"animator:MumenRider","floor":14},{"not_picked":["animator:Millim","animator:Kuribayashi"],"picked":"animator:Mikaela","floor":15},{"not_picked":["animator:ItamiYouji","animator:Yuuichirou"],"picked":"animator:Darkness","floor":16},{"not_picked":["animator:Elesis","animator:Hans"],"picked":"animator:Wiz","floor":18},{"not_picked":["animator:Verdia","animator:Kazuma"],"picked":"animator:Vanir+1","floor":20},{"not_picked":["animator:Shion+1","animator:DolaSchwi+1"],"picked":"animator:Darkness","floor":21},{"not_picked":["animator:UneriGinkaku+1","animator:FielNirvalen"],"picked":"animator:Verdia+1","floor":24},{"not_picked":["animator:DwarfShaman+1","animator:DolaStephanie+1"],"picked":"animator:Aqua+1","floor":29},{"not_picked":["animator:LizardPriest+1","animator:Tatsumaki+1"],"picked":"animator:Mitsurugi+1","floor":34},{"not_picked":["animator:PinaCoLada","animator:Sora+1"],"picked":"animator:Shizu+1","floor":37},{"not_picked":["animator:Aqua+1","animator:Vanir+1"],"picked":"animator:Mitsurugi+1","floor":39},{"not_picked":["animator:Shuna+1","animator:Vanir+1"],"picked":"animator:Mitsuba+1","floor":42},{"not_picked":["animator:ChlammyZell+1","animator:Aqua+1"],"picked":"animator:Geryuganshoop+1","floor":43},{"not_picked":["animator:Elesis+1","animator:RoryMercury+1"],"picked":"animator:Megumin+1","floor":44},{"not_picked":["animator:Bozes+1","animator:PinaCoLada"],"picked":"animator:YunYun+1","floor":49},{"not_picked":["animator:Shigure+1","animator:Mitsuba+1"],"picked":"animator:Mikaela+1","floor":50},{"not_picked":["animator:Sonic+1","animator:GazelDwargon","animator:KrulTepes+1"],"picked":"SKIP","floor":51},{"not_picked":["animator:Benimaru+1","animator:Jibril+1"],"picked":"animator:Shiro","floor":58}],"player_experience":179642,"relics_obtained":[{"floor":8,"key":"Durian"},{"floor":10,"key":"MealTicket"},{"floor":14,"key":"Smiling Mask"},{"floor":19,"key":"Strawberry"},{"floor":19,"key":"Molten Egg 2"},{"floor":19,"key":"Replay:Arrowhead"},{"floor":24,"key":"Toxic Egg 2"},{"floor":30,"key":"StoneCalendar"},{"floor":47,"key":"Omamori"},{"floor":49,"key":"Lantern"},{"floor":50,"key":"construct:RocketBooster"},{"floor":58,"key":"Boot"}],"event_choices":[{"damage_healed":0,"gold_gain":75,"player_choice":"Gather Gold","damage_taken":11,"max_hp_gain":0,"max_hp_loss":0,"event_name":"World of Goop","floor":6,"gold_loss":0},{"damage_healed":2,"gold_gain":0,"player_choice":"Full Heal","damage_taken":0,"max_hp_gain":0,"max_hp_loss":0,"event_name":"Wheel of Change","floor":22,"gold_loss":0},{"damage_healed":0,"gold_gain":0,"player_choice":"Ignored","damage_taken":0,"max_hp_gain":0,"max_hp_loss":0,"event_name":"NoteForYourself","floor":28,"gold_loss":0},{"damage_healed":29,"gold_gain":0,"player_choice":"Heal","damage_taken":0,"max_hp_gain":0,"max_hp_loss":0,"event_name":"The Library","floor":31,"gold_loss":0},{"damage_healed":0,"gold_gain":0,"player_choice":"Opened","damage_taken":0,"relics_obtained":["Bronze Scales"],"max_hp_gain":0,"max_hp_loss":0,"event_name":"The Mausoleum","floor":33,"gold_loss":0},{"damage_healed":0,"gold_gain":0,"player_choice":"Embrace Madness","damage_taken":11,"max_hp_gain":0,"max_hp_loss":0,"event_name":"Winding Halls","floor":40,"gold_loss":0,"cards_obtained":["animator:HigakiRinne"]},{"cards_removed":["Parasite","AbeCurse"],"damage_healed":0,"gold_gain":0,"player_choice":"Removed Curses","damage_taken":0,"max_hp_gain":0,"max_hp_loss":0,"event_name":"Fountain of Cleansing","floor":46,"gold_loss":0},{"damage_healed":0,"gold_gain":0,"player_choice":"Fight","damage_taken":0,"max_hp_gain":0,"max_hp_loss":0,"event_name":"MindBloom","floor":50,"gold_loss":0},{"damage_healed":0,"gold_gain":0,"player_choice":"Ignored","damage_taken":0,"max_hp_gain":0,"max_hp_loss":0,"event_name":"Tomb of Lord Red Mask","floor":52,"gold_loss":0}],"is_beta":false,"boss_relics":[{"not_picked":["Mark of Pain","animator:CursedBlade"],"picked":"Calling Bell"},{"not_picked":["Cursed Key","Honey Jar"],"picked":"animator:RacePiece"}],"items_purged_floors":[41,57],"is_endless":false,"potions_floor_spawned":[2,3,10,12,14,15,29,34,37,42,44,48,50,51],"killed_by":"The Heart","ascension_level":0}}