{"host":"jak4ncvfzor9mys0","time":1608109186,"event":{"mods":["2.2 Compatiblity","AchievementEnabler","BaseMod","Better Altar","Better Match","Better Note","Better Sensory Stone","Better Skull","Better Third Choice","BetterRewards","Block Reminder","Colored Map","Colored Powertips","Energized Spire","Gold Saver","Hubris","Infinite Spire","Key Reminder","Minty Spire (QoL Compilation)","Rare Cards Sparkle","Red Circlet Mod","Relic Sorter","Relic Stats","Replay The Spire","Retaliation","StSLib","SuperFastMode","The Blue Laboratory"],"gold_per_floor":[289,289,306,325,338,338,372,372,399,424,440,450,450,293,293,396,396,411,411,430,443,443,443,368,368,368,387,387,402,422,440,440,540,540,558,558,558,568,588,588,608,633,633,644,644,644,644],"floor_reached":46,"playtime":1952,"items_purged":["Strike_B","Strike_B","hubris:SpecializedCircuitry+1"],"score":516,"play_id":"ad1354fa-cd36-4604-bbd9-25b865022999","local_time":"20201216005946","is_ascension_mode":false,"campfire_choices":[{"data":"Zap","floor":6.0,"key":"SMITH"},{"data":"Dualcast","floor":8.0,"key":"SMITH"},{"data":"Redo","floor":15.0,"key":"SMITH"},{"data":"infinitespire:Oblivion","floor":23.0,"key":"SMITH"},{"floor":32.0,"key":"REST"},{"floor":40.0,"key":"REST"},{"floor":45.0,"key":"REST"}],"circlet_count":0,"master_deck":["Strike_B","Defend_B","Defend_B","Defend_B","Defend_B","Zap+1","Dualcast+1","Barrage+1","Ball Lightning","Leap+1","Doom and Gloom+1","Redo+1","Ball Lightning","CurseOfTheBell","infinitespire:Oblivion+1","infinitespire:Fortify","Rebound","Leap","hubris:Ukulele+1","Defragment+1","Static Discharge+1","Parasite"],"relics":["Cracked Core","NeowsBlessing","Potion Belt","hubris:OldNail","Bag of Preparation","DataDisk","Calling Bell","infinitespire:CursedDice","infinitespire:CheckeredPen","infinitespire:Satchel","Emotion Chip","infinitespire:Lucky Rock","Replay:Rubber Ducky","Whetstone","Mirror"],"acts_visited":["Exordium","TheCity","TheBeyond"],"potions_floor_usage":[],"damage_taken":[{"damage":0.0,"enemies":"Cultist","floor":1.0,"turns":1.0},{"damage":0.0,"enemies":"Small Slimes","floor":3.0,"turns":1.0},{"damage":0.0,"enemies":"2 Louse","floor":4.0,"turns":1.0},{"damage":13.0,"enemies":"Large Slime","floor":5.0,"turns":5.0},{"damage":24.0,"enemies":"Gremlin Nob","floor":7.0,"turns":4.0},{"damage":7.0,"enemies":"Lagavulin","floor":10.0,"turns":5.0},{"damage":13.0,"enemies":"Lots of Slimes","floor":11.0,"turns":2.0},{"damage":7.0,"enemies":"Blue Slaver","floor":12.0,"turns":3.0},{"damage":0.0,"enemies":"Slime Boss","floor":16.0,"turns":5.0},{"damage":18.0,"enemies":"Spheric Guardian","floor":18.0,"turns":4.0},{"damage":13.0,"enemies":"3 Byrds","floor":20.0,"turns":4.0},{"damage":10.0,"enemies":"Snake Plant","floor":21.0,"turns":2.0},{"damage":4.0,"enemies":"3 Cultists","floor":27.0,"turns":4.0},{"damage":2.0,"enemies":"Centurion and Healer","floor":29.0,"turns":4.0},{"damage":0.0,"enemies":"Snecko","floor":30.0,"turns":4.0},{"damage":2.0,"enemies":"Snake Plant","floor":31.0,"turns":4.0},{"damage":15.0,"enemies":"Champ","floor":33.0,"turns":8.0},{"damage":13.0,"enemies":"Orb Walker","floor":35.0,"turns":3.0},{"damage":13.0,"enemies":"3 Shapes","floor":38.0,"turns":3.0},{"damage":35.0,"enemies":"Writhing Mass","floor":39.0,"turns":5.0},{"damage":11.0,"enemies":"Jaw Worm Horde","floor":41.0,"turns":4.0},{"damage":27.0,"enemies":"Nightmare","floor":42.0,"turns":4.0},{"damage":24.0,"enemies":"Spire Growth","floor":44.0,"turns":4.0},{"damage":29,"enemies":"Writhing Mass","floor":46,"turns":2}],"seed_played":"-760476199080693459","potions_obtained":[{"floor":4.0,"key":"DuplicationPotion"},{"floor":5.0,"key":"blueLaboratory:FrostheartPotion"},{"floor":10.0,"key":"blueLaboratory:PlasmaFuel"},{"floor":12.0,"key":"Toxic Potion"},{"floor":16.0,"key":"EssenceOfSteel"},{"floor":20.0,"key":"blueLaboratory:PhilterOfMotion"},{"floor":27.0,"key":"blueLaboratory:CoolantVial"},{"floor":29.0,"key":"Dexterity Potion"},{"floor":38.0,"key":"DuplicationPotion"},{"floor":41.0,"key":"blueLaboratory:LouseDecoction"}],"is_trial":false,"path_per_floor":["M","?","M","M","M","R","E","R","T","E","M","M","?","$","R","B",null,"M","AVR","M","M","?","R","$","?","T","M","?","M","M","M","R","B",null,"M","?","AVR","M","M","R","M","NM","T","M","R","M"],"character_chosen":"DEFECT","items_purchased":["DataDisk"],"campfire_rested":3,"item_purchase_floors":[14],"current_hp_per_floor":[75,75,75,75,62,62,38,38,38,31,18,11,11,11,11,11,75,57,57,44,34,34,34,34,34,34,30,30,28,28,26,48,33,75,62,62,62,49,14,36,25,27,27,3,25,0,0],"gold":644,"neow_bonus":"THREE_ENEMY_KILL","is_daily":false,"chose_seed":false,"campfire_upgraded":4,"win_rate":0.0,"timestamp":1608109186,"path_taken":["M","?","?","M","M","R","E","R","T","E","M","M","?","$","R","BOSS","M","AVR","M","M","?","R","$","?","T","?","?","?","M","M","R","BOSS","M","?","AVR","M","M","R","M","NM","T","M","R","?"],"items_purchased_type":["Relic"],"build_version":"2020-12-13","purchased_purges":3,"victory":false,"max_hp_per_floor":[75,75,75,75,75,75,75,75,75,75,75,75,75,75,75,75,75,75,75,75,75,75,75,75,75,75,75,75,75,75,75,75,75,75,75,75,75,75,75,75,75,75,75,75,75,75,75],"relic_stats":{"Emotion Chip":[41,21,7,8,5],"counters":[24,86],"Bag of Preparation":[36],"Whetstone":["Barrage","Doom and Gloom"],"obtain_stats":[{"Potion Belt":7,"NeowsBlessing":0,"infinitespire:CursedDice":17,"Bag of Preparation":10,"infinitespire:CheckeredPen":17,"infinitespire:Lucky Rock":26,"Whetstone":42,"Replay:Rubber Ducky":37,"Calling Bell":17,"DataDisk":14,"Emotion Chip":19,"infinitespire:Satchel":17,"Cracked Core":0,"Mirror":43,"hubris:OldNail":9},{"Potion Belt":5,"NeowsBlessing":0,"infinitespire:CursedDice":9,"Bag of Preparation":6,"infinitespire:CheckeredPen":9,"infinitespire:Lucky Rock":12,"Whetstone":22,"Replay:Rubber Ducky":18,"Calling Bell":9,"DataDisk":8,"Emotion Chip":10,"infinitespire:Satchel":9,"Cracked Core":0,"Mirror":22,"hubris:OldNail":5},{"Potion Belt":12,"NeowsBlessing":0,"infinitespire:CursedDice":27,"Bag of Preparation":17,"infinitespire:CheckeredPen":27,"infinitespire:Lucky Rock":37,"Whetstone":80,"Replay:Rubber Ducky":64,"Calling Bell":27,"DataDisk":22,"Emotion Chip":31,"infinitespire:Satchel":27,"Cracked Core":0,"Mirror":80,"hubris:OldNail":12}]},"card_choices":[{"not_picked":["Reprogram","Aggregate"],"picked":"Barrage","floor":1.0},{"not_picked":["Genetic Algorithm","Redo"],"picked":"Ball Lightning","floor":3.0},{"not_picked":["Double Energy","Panic Button","Reprogram"],"picked":"SKIP","floor":4.0},{"not_picked":["Conserve Battery","Coolheaded"],"picked":"Leap","floor":5.0},{"not_picked":["Consume","ReplayTheSpireMod:Repulse"],"picked":"Conserve Battery","floor":7.0},{"not_picked":["Compile Driver","Scrape"],"picked":"Doom and Gloom","floor":10.0},{"not_picked":["Glacier","ReplaySort"],"picked":"Redo","floor":11.0},{"not_picked":["Stack","ReplayTheSpireMod:Reroute Power"],"picked":"Ball Lightning","floor":12.0},{"not_picked":["Stack+1","Barrage","Double Energy"],"picked":"SKIP","floor":18.0},{"not_picked":["Streamline+1","Compile Driver"],"picked":"Rebound","floor":20.0},{"not_picked":["Cold Snap","Defragment"],"picked":"Leap","floor":21.0},{"not_picked":["Stack","ReplayTheSpireMod:Reroute Power"],"picked":"hubris:Ukulele+1","floor":27.0},{"not_picked":["Beam Cell+1","Gash"],"picked":"Defragment+1","floor":29.0},{"not_picked":["Hologram","Panic Button","Buffer"],"picked":"SKIP","floor":30.0},{"not_picked":["Go for the Eyes+1","Streamline+1","Rebound"],"picked":"SKIP","floor":31.0},{"not_picked":["Double Energy+1","Force Field+1","Redo+1"],"picked":"SKIP","floor":35.0},{"not_picked":["Hologram","Double Energy+1","Beam Cell+1"],"picked":"SKIP","floor":38.0},{"not_picked":["Aggregate+1","Turbo","Sweeping Beam+1"],"picked":"SKIP","floor":39.0},{"not_picked":["Stack+1","Glacier"],"picked":"Static Discharge+1","floor":41.0},{"not_picked":["ReplaySort+1","Barrage","Sweeping Beam"],"picked":"SKIP","floor":42.0},{"not_picked":["Aggregate","Streamline","Genetic Algorithm"],"picked":"SKIP","floor":44.0}],"player_experience":2625732,"relics_obtained":[{"floor":7.0,"key":"Potion Belt"},{"floor":9.0,"key":"hubris:OldNail"},{"floor":10.0,"key":"Bag of Preparation"},{"floor":17.0,"key":"infinitespire:CursedDice"},{"floor":17.0,"key":"infinitespire:CheckeredPen"},{"floor":17.0,"key":"infinitespire:Satchel"},{"floor":26.0,"key":"infinitespire:Lucky Rock"},{"floor":42.0,"key":"Whetstone"},{"floor":43.0,"key":"Mirror"}],"event_choices":[{"damage_healed":0.0,"max_hp_gain":0.0,"max_hp_loss":0.0,"gold_gain":0.0,"event_name":"FaceTrader","player_choice":"Leave","floor":2.0,"gold_loss":0.0,"damage_taken":0.0},{"cards_removed":["Strike_B"],"damage_healed":0.0,"max_hp_gain":0.0,"max_hp_loss":0.0,"gold_gain":0.0,"event_name":"betterNote:BetterNote","player_choice":"Give","floor":22.0,"gold_loss":0.0,"damage_taken":0.0,"cards_obtained":["Strike_B"]},{"cards_removed":["Strike_B"],"damage_healed":0.0,"max_hp_gain":0.0,"max_hp_loss":0.0,"gold_gain":0.0,"event_name":"Wheel of Change","player_choice":"Card Removal","floor":25.0,"gold_loss":0.0,"damage_taken":0.0},{"damage_healed":0.0,"max_hp_gain":0.0,"max_hp_loss":0.0,"gold_gain":0.0,"event_name":"Accursed Blacksmith","player_choice":"Forge","floor":28.0,"gold_loss":0.0,"damage_taken":0.0,"cards_upgraded":["Leap"]},{"damage_healed":0.0,"max_hp_gain":0.0,"max_hp_loss":0.0,"gold_gain":0.0,"event_name":"Transmorgrifier","player_choice":"Ignored","floor":36.0,"gold_loss":0.0,"damage_taken":0.0}],"is_beta":false,"boss_relics":[{"not_picked":["Ring of Chaos","Honey Jar"],"picked":"Calling Bell"},{"not_picked":["ReplayTheSpireMod:SealedPack","hubris:RunicObelisk","Replay:Wanted Poster"]}],"items_purged_floors":[19,24,37],"is_endless":true,"potions_floor_spawned":[4,5,10,12,16,20,27,29,38,41],"killed_by":"Writhing Mass","ascension_level":0}}