{"host":"erulnpr9qdnrfj6h","time":1608090541,"event":{"mods":["AchievementEnabler","BaseMod","Colored Map","Minty Spire (QoL Compilation)","Rare Cards Sparkle","SuperFastMode"],"gold_per_floor":[110,126,201,201,166,194,194,226,226,3,3,37,37,50,50,152,152,163,163,163,183,202,202,230,230,230],"floor_reached":25,"playtime":866,"items_purged":[],"score":342,"play_id":"7eacc234-b010-46ad-b888-aad8ead743f6","local_time":"20201216124901","is_ascension_mode":true,"campfire_choices":[{"data":"Conserve Battery","floor":7.0,"key":"SMITH"},{"floor":13.0,"key":"REST"},{"floor":15.0,"key":"REST"},{"floor":23,"key":"REST"}],"circlet_count":0,"master_deck":["Strike_B","Strike_B","Strike_B","Defend_B","Defend_B+1","Defend_B","Defend_B","Zap","Dualcast","Gash+1","Ball Lightning","Conserve Battery+1","Defragment","Sunder+1","Aggregate","All For One+1","Fission","Genetic Algorithm","Rebound+1","Go for the Eyes+1"],"relics":["Cracked Core","NeowsBlessing","Kunai","Pen Nib","Molten Egg 2","Vajra","White Beast Statue","Regal Pillow","Nuclear Battery","Red Mask"],"acts_visited":["Exordium","TheCity"],"potions_floor_usage":[16,16,20,22,25],"damage_taken":[{"damage":0.0,"enemies":"Small Slimes","floor":1.0,"turns":1.0},{"damage":0.0,"enemies":"2 Louse","floor":2.0,"turns":1.0},{"damage":0.0,"enemies":"Gremlin Nob","floor":6.0,"turns":1.0},{"damage":20.0,"enemies":"3 Sentries","floor":8.0,"turns":6.0},{"damage":25.0,"enemies":"Lagavulin","floor":12.0,"turns":5.0},{"damage":0.0,"enemies":"Cultist","floor":14.0,"turns":3.0},{"damage":43,"enemies":"The Guardian","floor":16,"turns":7},{"damage":7,"enemies":"Chosen","floor":18,"turns":3},{"damage":0,"enemies":"3 Byrds","floor":20,"turns":2},{"damage":27,"enemies":"Snecko","floor":21,"turns":4},{"damage":21,"enemies":"Centurion and Healer","floor":22,"turns":4},{"damage":8,"enemies":"Masked Bandits","floor":24,"turns":4},{"damage":42,"enemies":"Gremlin Leader","floor":25,"turns":6}],"seed_played":"3020929809851850479","potions_obtained":[{"floor":2.0,"key":"Fire Potion"},{"floor":8.0,"key":"PotionOfCapacity"},{"floor":12.0,"key":"SmokeBomb"},{"floor":14.0,"key":"Swift Potion"},{"floor":16,"key":"Fire Potion"},{"floor":18,"key":"FairyPotion"},{"floor":21,"key":"AttackPotion"},{"floor":22,"key":"GamblersBrew"},{"floor":24,"key":"BlessingOfTheForge"}],"is_trial":false,"path_per_floor":["M","M","?","?","?","E","R","E","T","$","?","E","R","M","R","B",null,"M","?","M","M","M","R","?","E"],"character_chosen":"DEFECT","items_purchased":["Vajra","Sunder+1"],"campfire_rested":3,"item_purchase_floors":[10,10],"current_hp_per_floor":[68,68,57,42,60,60,60,40,40,40,28,3,40,40,75,32,64,57,57,57,30,9,46,38,22,22],"gold":230,"neow_bonus":"THREE_ENEMY_KILL","is_daily":false,"chose_seed":false,"campfire_upgraded":1,"win_rate":0.0,"timestamp":1608090541,"path_taken":["M","M","?","?","?","E","R","E","T","$","?","E","R","M","R","BOSS","M","?","?","M","M","R","?","E"],"items_purchased_type":["Relic","Card"],"build_version":"2020-12-13","purchased_purges":0,"victory":false,"max_hp_per_floor":[75,75,75,75,75,75,75,75,75,75,75,75,75,75,75,75,75,75,75,75,75,75,75,75,75,75],"card_choices":[{"not_picked":["Barrage","Coolheaded"],"picked":"Gash","floor":1.0},{"not_picked":["Static Discharge","Barrage"],"picked":"Ball Lightning","floor":2.0},{"not_picked":["Heatsinks","Force Field"],"picked":"Conserve Battery","floor":6.0},{"not_picked":["Ball Lightning","Redo"],"picked":"Defragment","floor":8.0},{"not_picked":["Steam","Stack"],"picked":"Aggregate","floor":12.0},{"not_picked":["Hello World","Steam"],"picked":"All For One+1","floor":14.0},{"not_picked":["Multi-Cast","Thunder Strike+1"],"picked":"Fission","floor":16},{"not_picked":["Melter+1","Stack"],"picked":"Genetic Algorithm","floor":18},{"not_picked":["Sweeping Beam+1","Reprogram"],"picked":"Rebound+1","floor":21},{"not_picked":["Coolheaded","Redo+1"],"picked":"Go for the Eyes+1","floor":22}],"player_experience":170875,"relics_obtained":[{"floor":6.0,"key":"Kunai"},{"floor":8.0,"key":"Pen Nib"},{"floor":9.0,"key":"Molten Egg 2"},{"floor":12.0,"key":"Regal Pillow"},{"floor":24,"key":"Red Mask"}],"event_choices":[{"damage_healed":0.0,"max_hp_gain":0.0,"max_hp_loss":0.0,"gold_gain":75.0,"event_name":"World of Goop","player_choice":"Gather Gold","floor":3.0,"gold_loss":0.0,"damage_taken":11.0},{"damage_healed":0.0,"max_hp_gain":0.0,"max_hp_loss":0.0,"gold_gain":0.0,"event_name":"Shining Light","player_choice":"Entered Light","floor":4.0,"gold_loss":0.0,"damage_taken":15.0,"cards_upgraded":["Gash","Defend_B"]},{"damage_healed":18.0,"max_hp_gain":0.0,"max_hp_loss":0.0,"gold_gain":0.0,"event_name":"The Cleric","player_choice":"Healed","floor":5.0,"gold_loss":35.0,"damage_taken":0.0},{"damage_healed":0.0,"max_hp_gain":0.0,"max_hp_loss":0.0,"gold_gain":0.0,"event_name":"Scrap Ooze","player_choice":"Success","floor":11.0,"gold_loss":0.0,"damage_taken":12.0,"relics_obtained":["White Beast Statue"]},{"cards_removed":["Strike_B"],"damage_healed":0,"gold_gain":0,"player_choice":"Purged","damage_taken":0,"max_hp_gain":0,"max_hp_loss":0,"event_name":"Purifier","floor":19,"gold_loss":0},{"damage_healed":0,"gold_gain":0,"player_choice":"Fought Bandits","damage_taken":0,"max_hp_gain":0,"max_hp_loss":0,"event_name":"Masked Bandits","floor":24,"gold_loss":0}],"is_beta":false,"boss_relics":[{"not_picked":["Coffee Dripper","Black Star"],"picked":"Nuclear Battery"}],"items_purged_floors":[],"is_endless":false,"potions_floor_spawned":[2,8,12,14,16,18,20,21,22,24],"killed_by":"Gremlin Leader","ascension_level":8}}