{"host":"f0gpob8hq9vgebej","time":1608132660,"event":{"mods":["AchievementEnabler","BaseMod","Googly Eyes","Minty Spire (QoL Compilation)","Quick Restart","SuperFastMode"],"gold_per_floor":[369,389,405,180,199,234,234,234,234],"floor_reached":8,"playtime":247,"items_purged":["Strike_G"],"score":84,"play_id":"276df147-768c-4e0c-b9b7-9d8d86f63b5a","local_time":"20201217003100","is_ascension_mode":true,"campfire_choices":[{"floor":7,"key":"REST"}],"circlet_count":0,"master_deck":["Strike_G","Strike_G","Strike_G","Strike_G","Defend_G","Defend_G","Defend_G","Defend_G","Defend_G","Survivor","Neutralize","Masterful Stab","Cloak And Dagger","Accuracy","Reflex","Footwork","Acrobatics","Cloak And Dagger"],"relics":["Ring of the Snake","Paper Crane"],"acts_visited":["Exordium"],"potions_floor_usage":[6,6],"damage_taken":[{"damage":0.0,"enemies":"Jaw Worm","floor":1.0,"turns":7.0},{"damage":0.0,"enemies":"Cultist","floor":2.0,"turns":3.0},{"damage":0.0,"enemies":"2 Louse","floor":3.0,"turns":2.0},{"damage":0.0,"enemies":"Looter","floor":5.0,"turns":4.0},{"damage":27,"enemies":"Gremlin Nob","floor":6,"turns":5},{"damage":40,"enemies":"3 Sentries","floor":8,"turns":9}],"seed_played":"5721901129459640597","potions_obtained":[{"floor":2.0,"key":"ColorlessPotion"},{"floor":3.0,"key":"GamblersBrew"}],"is_trial":false,"path_per_floor":["M","M","M","$","M","E","R","E"],"character_chosen":"THE_SILENT","items_purchased":["Reflex","Footwork"],"campfire_rested":1,"item_purchase_floors":[4,4],"current_hp_per_floor":[45,45,45,45,45,18,39,0,0],"gold":234,"neow_bonus":"TWO_FIFTY_GOLD","is_daily":false,"chose_seed":false,"campfire_upgraded":0,"win_rate":0.0,"timestamp":1608132660,"path_taken":["M","M","M","$","M","E","R","E"],"items_purchased_type":["Card","Card"],"build_version":"2020-12-13","purchased_purges":1,"victory":false,"max_hp_per_floor":[70,70,70,70,70,70,70,70,70],"card_choices":[{"not_picked":["PiercingWail","Dodge and Roll"],"picked":"Masterful Stab","floor":1.0},{"not_picked":["Predator","Dagger Spray"],"picked":"Cloak And Dagger","floor":2.0},{"not_picked":["Slice","Riddle With Holes"],"picked":"Accuracy","floor":3.0},{"not_picked":["Backflip","Heel Hook"],"picked":"Acrobatics","floor":5.0},{"not_picked":["Prepared","Dagger Throw"],"picked":"Cloak And Dagger","floor":6}],"player_experience":157544,"relics_obtained":[{"floor":6,"key":"Paper Crane"}],"event_choices":[],"is_beta":false,"boss_relics":[],"items_purged_floors":[4],"is_endless":false,"potions_floor_spawned":[2,3],"killed_by":"3 Sentries","ascension_level":9}}