{"host":"cijhj3091wf4aho3","time":1608084173,"event":{"mods":["BaseMod","Colored Map","Colored Powertips","Downfall","Friendly Minions","GifTheSpireLib","Highlight Path","Minty Spire (QoL Compilation)","Permanent Neow","Random Character Button","Relic Sorter","Relic Stats","StSLib","everything is the same but u backflip on backflip","slay the spire mod where everything is the same but ironclad has a cowboy hat"],"gold_per_floor":[99,3,38,38,38,71,71,106,124,49,109,123,33,18,34,34,34],"floor_reached":16,"playtime":861,"items_purged":["champ:Strike"],"score":128,"play_id":"f8d746ef-51e3-43b1-b096-44e738324e2d","local_time":"20201215180253","is_ascension_mode":true,"campfire_choices":[{"floor":1.0,"key":"RECALL"},{"data":"champ:Taunt","floor":5.0,"key":"SMITH"},{"floor":10,"key":"REST"}],"circlet_count":0,"master_deck":["champ:Strike","champ:Strike","champ:Strike","champ:Defend","champ:Defend","champ:Defend","champ:Defend","champ:Execute","champ:Taunt+1","champ:RecklessLeap","champ:EndlessRage","champ:FanOfKnives","champ:FaceSlap","champ:StanceDance+1","champ:Shatter","champ:Lariat+1","champ:StanceDance+1","champ:AdrenalArmor+1","champ:AdrenalArmor+1"],"relics":["champ:ChampionCrown","Dead Branch","Regal Pillow","Bag of Preparation","Toxic Egg 2","InkBottle","downfall:HeartBlessingRed","Shuriken"],"acts_visited":["Exordium"],"potions_floor_usage":[8,14,16],"damage_taken":[{"damage":15.0,"enemies":"downfall:FleeingMerchant","floor":2.0,"turns":4.0},{"damage":45.0,"enemies":"3 Sentries","floor":3.0,"turns":6.0},{"damage":41,"enemies":"Gremlin Nob","floor":6,"turns":4},{"damage":53,"enemies":"3 Sentries","floor":8,"turns":5},{"damage":18,"enemies":"Cultist","floor":9,"turns":2},{"damage":48,"enemies":"3 Sentries","floor":11,"turns":5},{"damage":0,"enemies":"Small Slimes","floor":12,"turns":2},{"damage":24,"enemies":"downfall:FleeingMerchant","floor":13,"turns":4},{"damage":48,"enemies":"downfall:FleeingMerchant","floor":14,"turns":4},{"damage":13,"enemies":"2 Louse","floor":15,"turns":1},{"damage":76,"enemies":"downfall:Defect","floor":16,"turns":5}],"seed_played":"2484947895380095955","potions_obtained":[{"floor":3.0,"key":"champ:CounterPotion"},{"floor":6,"key":"champ:CounterPotion"},{"floor":11,"key":"champ:TechniquePotion"},{"floor":12,"key":"EssenceOfSteel"}],"is_trial":false,"path_per_floor":["R","$","E","?","R","E","T","E","M","R","?","M","$","$","M","B"],"character_chosen":"THE_CHAMP","items_purchased":["champ:EndlessRage"],"campfire_rested":1,"item_purchase_floors":[2],"current_hp_per_floor":[81,81,61,66,66,54,54,32,32,72,48,48,49,36,36,0,0],"gold":34,"neow_bonus":"ONE_RARE_RELIC","is_daily":false,"chose_seed":false,"campfire_upgraded":1,"win_rate":0.0,"timestamp":1608084173,"path_taken":["R","?","E","?","R","E","T","E","M","R","?","M","$","$","M","BOSS"],"items_purchased_type":["Card"],"build_version":"2020-12-13","purchased_purges":1,"victory":false,"max_hp_per_floor":[81,81,81,86,86,86,86,86,86,86,86,86,86,86,86,86,86],"relic_stats":{"Regal Pillow":15,"counters":[11,42],"Shuriken":[4],"Dead Branch":[22],"Bag of Preparation":[16],"obtain_stats":[{"Regal Pillow":3,"downfall:HeartBlessingRed":10,"Shuriken":11,"Dead Branch":0,"champ:ChampionCrown":0,"Bag of Preparation":6,"Toxic Egg 2":7,"InkBottle":8},{"Regal Pillow":2,"downfall:HeartBlessingRed":5,"Shuriken":6,"Dead Branch":0,"champ:ChampionCrown":0,"Bag of Preparation":3,"Toxic Egg 2":3,"InkBottle":4},{"Regal Pillow":10,"downfall:HeartBlessingRed":21,"Shuriken":26,"Dead Branch":0,"champ:ChampionCrown":0,"Bag of Preparation":14,"Toxic Egg 2":14,"InkBottle":19}],"InkBottle":[8]},"card_choices":[{"not_picked":["champ:Haymaker","champ:EndlessRage"],"picked":"champ:RecklessLeap","floor":2.0},{"not_picked":["champ:Riposte","champ:StrikeOfGenius"],"picked":"champ:FanOfKnives","floor":3.0},{"not_picked":["champ:BringItOn","champ:FanOfKnives"],"picked":"champ:FaceSlap","floor":6},{"not_picked":["champ:RecklessLeap","champ:AdrenalArmor+1"],"picked":"champ:StanceDance+1","floor":8},{"not_picked":["champ:DefensiveShout+1","champ:Encircle"],"picked":"champ:Shatter","floor":9},{"not_picked":["champ:DancingMaster","champ:ShieldWall"],"picked":"champ:Lariat+1","floor":11},{"not_picked":["champ:EnGarde+1","champ:DefensiveShout+1"],"picked":"champ:StanceDance+1","floor":12},{"not_picked":["champ:Backstep+1","champ:Riposte+1"],"picked":"champ:AdrenalArmor+1","floor":13},{"not_picked":["champ:RageSigil+1","champ:GladiatorsShout+1"],"picked":"champ:AdrenalArmor+1","floor":14},{"not_picked":["champ:FlashCut","champ:CrookedStrike","champ:ShieldSigil+1"],"picked":"SKIP","floor":15}],"player_experience":439039,"relics_obtained":[{"floor":3.0,"key":"Regal Pillow"},{"floor":6,"key":"Bag of Preparation"},{"floor":7,"key":"Toxic Egg 2"},{"floor":8,"key":"InkBottle"},{"floor":11,"key":"Shuriken"}],"event_choices":[{"damage_healed":0.0,"max_hp_gain":5.0,"max_hp_loss":0.0,"gold_gain":0.0,"event_name":"Big Fish","player_choice":"Donut","floor":4.0,"gold_loss":0.0,"damage_taken":0.0}],"is_beta":false,"boss_relics":[],"items_purged_floors":[13],"is_endless":false,"potions_floor_spawned":[3,6,11,12],"killed_by":"downfall:Defect","ascension_level":2}}