{"host":"2xnjhc1nuqzfyzm4","time":1608153954,"event":{"mods":["Act Like it!","BaseMod","Beaked The Cultist","Bestiary","Better Match","Better Note","Better Sensory Stone","Better Third Choice","Block Reminder","CapriCore","CatGirl Mod","ChefMod","Colored Powertips","Displayed Cursed Tome","Dota2Spire","Downfall","Ekko","Elementarium","Gremlin Mod","GungeonMod","Hallownest","Hermit","Hubris","Humility","Infinite Spire","Jedi Mod","Jorbs\u0027s Wanderer Trilogy","Luminous","Mad Scientist","Marisa????????","Menagerie","Minty Spire (QoL Compilation)","MostiFishMod","Potionbrewer","Prisma Mod","QueenMod","Relic Stats","Replay The Spire","Robot Space Explorer","SIMod","Shade Mod","Spikes Relics","StSLib","The Alterego","The Animator","The Blackbeard","The Bug Knight","The Cursed","The Death Knight","The Disciple","The Dragon Tamer","The Druid","The Elementalist","The Exalted","The Fake Hero","The Florist","The Gatherer","The Hayseed","The Hierophant","The Immortal","The Jungle","The Mystic","The Necromancer","The Poker Player","The Runesmith","The Sage","The Senshi","The Servant 0.9.4","The Showman","The Spell Scribe","The Valiant","The Wild Card","TheArtist","TheBandit","TheSwordswoman","TheVacant","TheVelvet","TheWitcher","Trackpad","Waifu the Spire","WarShipGirlsR/????R mod","???????????mod"],"gold_per_floor":[109,109,120,132,148,175,193,222,222,241,261,296,306,318,318,420,420,436,454,333,345,358,391,391,417,443,459,459,488,488,502,502,635,635,689,752,818,883,950,1044,1122,1122,1122,635,708,773,826,914,914,914,914,914,588,651,651],"floor_reached":56,"playtime":2764,"items_purged":[],"score":2054,"play_id":"6d77694b-b19f-4ca0-8bed-ae46b53a6577","local_time":"20201216132554","is_ascension_mode":false,"campfire_choices":[{"floor":15,"key":"RECALL"},{"data":"Luminous:Light_Wash_Luminous","floor":32,"key":"SMITH"},{"data":"Luminous:Photic_Meditation_Luminous","floor":42,"key":"SMITH"},{"data":"Luminous:Light_Glare","floor":49,"key":"SMITH"},{"data":"Luminous:Balance_Ender","floor":52,"key":"SMITH"}],"circlet_count":0,"master_deck":["Luminous:Light_Flash_Shower","Luminous:Light_Flash_Shower","Luminous:Light_Flash_Shower","Luminous:Dark_Abyssal_Drop","Luminous:Dark_Abyssal_Drop","Luminous:Dark_Abyssal_Drop","Luminous:Defend_Luminous","Luminous:Defend_Luminous","Luminous:Defend_Luminous","Luminous:Defend_Luminous","Luminous:Switch_Luminous","Luminous:Light_Gather","Luminous:Light_Glare+1","Luminous:Balance_Ender+1","Luminous:Sympathy_Luminous","Luminous:Dark_Pressure_Void","Luminous:Tune_Luminous+1","Luminous:Light_Glare+1","Luminous:Chaos_Field_Luminous+1","Luminous:Light_Wash_Luminous+1","Luminous:Photic_Meditation_Luminous+1","Luminous:Dusk_Guard_Luminous+1","infinitespire:Collect"],"relics":["Luminous:MirrorRelic","DaveBox","PatriotShield","DemoMod:GlassGuonStoneRelic","Question Card","Dota2Spire:UrnOfShadows","Bromod:ArcaneTempo","hubris:SlimyHat","ImportantClient","Astrolabe","DemoMod:MeatBun","StoneCalendar","Dota2Spire:AghanimScepter","Nunchaku","Bromod:ArcaneTrickery","infinitespire:EvilPickle","TimeKeys","DemoMod:AgedBell","infinitespire:Broken Mirror","SpikesRelics:DaevaFist","CatCart","trackpad:AdjectivePendant","DemoMod:PinkGuonStone","Dota2Spire:ArmletOfMordiggian","beaked:ShinyBauble"],"acts_visited":["Exordium","TheCity","TheBeyond","TheEnding"],"potions_floor_usage":[55,55,55],"damage_taken":[{"damage":0,"enemies":"Small Slimes","floor":1,"turns":2},{"damage":0,"enemies":"Jaw Worm","floor":3,"turns":2},{"damage":0,"enemies":"Cultist","floor":4,"turns":2},{"damage":0,"enemies":"Red Slaver","floor":5,"turns":2},{"damage":0,"enemies":"Gremlin Nob","floor":6,"turns":3},{"damage":0,"enemies":"Exordium Thugs","floor":7,"turns":2},{"damage":0,"enemies":"Lagavulin","floor":8,"turns":3},{"damage":0,"enemies":"Looter","floor":10,"turns":1},{"damage":0,"enemies":"Red Slaver","floor":11,"turns":1},{"damage":0,"enemies":"Gremlin Nob","floor":12,"turns":4},{"damage":0,"enemies":"2 Fungi Beasts","floor":13,"turns":2},{"damage":0,"enemies":"Exordium Thugs","floor":14,"turns":2},{"damage":6,"enemies":"The Guardian","floor":16,"turns":5},{"damage":0,"enemies":"3 Byrds","floor":18,"turns":1},{"damage":0,"enemies":"Shell Parasite","floor":19,"turns":1},{"damage":0,"enemies":"Centurion and Healer","floor":21,"turns":2},{"damage":0,"enemies":"Snake Plant","floor":22,"turns":2},{"damage":0,"enemies":"Gremlin Leader","floor":23,"turns":2},{"damage":0,"enemies":"Book of Stabbing","floor":25,"turns":4},{"damage":0,"enemies":"3 Cultists","floor":27,"turns":2},{"damage":0,"enemies":"Replay:Snechameleon","floor":29,"turns":1},{"damage":0,"enemies":"Centurion and Healer","floor":31,"turns":3},{"damage":0,"enemies":"Pondfish","floor":33,"turns":3},{"damage":0,"enemies":"Orb Walker","floor":35,"turns":1},{"damage":0,"enemies":"3 Shapes","floor":36,"turns":3},{"damage":0,"enemies":"Jaw Worm Horde","floor":37,"turns":1},{"damage":0,"enemies":"Spire Growth","floor":38,"turns":5},{"damage":0,"enemies":"3 Darklings","floor":39,"turns":1},{"damage":0,"enemies":"beaked:SuperParasite","floor":40,"turns":7},{"damage":0,"enemies":"Sphere and 2 Shapes","floor":41,"turns":6},{"damage":0,"enemies":"Reptomancer","floor":45,"turns":5},{"damage":0,"enemies":"4 Shapes","floor":46,"turns":2},{"damage":0,"enemies":"Orin","floor":47,"turns":6},{"damage":0,"enemies":"Giant Head","floor":48,"turns":7},{"damage":0,"enemies":"Donu and Deca","floor":50,"turns":3},{"damage":0,"enemies":"Shield and Spear","floor":54,"turns":3},{"damage":27,"enemies":"The Heart","floor":55,"turns":9}],"seed_played":"-3229522973254123962","potions_obtained":[{"floor":3,"key":"PowerPotion"},{"floor":4,"key":"potionbrewer:DiscountPotion"},{"floor":8,"key":"Reflective Coating"},{"floor":27,"key":"DemoMod:LeadSkinPotion"}],"is_trial":false,"path_per_floor":["M","?","M","M","M","E","M","E","T","M","M","E","M","M","R","B",null,"M","M","$","M","M","E","$","E","T","M","?","E","?","M","R","B",null,"M","M","M","M","M","E","M","R","T","?","E","M","?","E","R","B",null,"R","$","E","B",null],"character_chosen":"LuminousClass","items_purchased":["DemoMod:MeatBun","DemoMod:PinkGuonStone","Dota2Spire:ArmletOfMordiggian"],"campfire_rested":0,"item_purchase_floors":[20,53,53],"current_hp_per_floor":[82,82,82,82,82,82,82,82,82,82,82,82,82,82,82,82,82,82,82,82,82,82,82,82,82,82,82,82,82,79,79,79,82,82,82,82,82,82,82,82,82,82,82,82,82,82,82,82,82,82,82,82,89,89,87],"gold":651,"neow_bonus":"TEN_PERCENT_HP_BONUS","is_daily":false,"chose_seed":false,"campfire_upgraded":4,"win_rate":0.0,"timestamp":1608153954,"path_taken":["M","?","M","M","M","E","M","E","T","M","M","E","M","M","R","BOSS","M","?","$","M","M","E","?","E","T","M","?","E","?","M","R","BOSS","M","M","M","M","M","E","M","R","T","?","E","M","?","E","R","BOSS","R","$","E","BOSS"],"items_purchased_type":["Relic","Relic","Relic"],"build_version":"2020-12-13","purchased_purges":0,"victory":true,"max_hp_per_floor":[82,82,82,82,82,82,82,82,82,82,82,82,82,82,82,82,82,82,82,82,82,82,82,82,82,82,82,82,82,82,82,82,82,82,82,82,82,82,82,82,82,82,82,82,82,82,82,82,82,82,82,82,89,89,89],"relic_stats":{"Nunchaku":[15],"counters":[37,111],"Astrolabe":["Luminous:Tune_Luminous","Luminous:Light_Glare","Luminous:Chaos_Field_Luminous"],"StoneCalendar":[106],"Question Card":67,"obtain_stats":[{"PatriotShield":0,"beaked:ShinyBauble":54,"DemoMod:AgedBell":40,"DaveBox":0,"TimeKeys":34,"Dota2Spire:ArmletOfMordiggian":53,"StoneCalendar":23,"DemoMod:GlassGuonStoneRelic":1,"Luminous:MirrorRelic":0,"hubris:SlimyHat":12,"Nunchaku":26,"Bromod:ArcaneTrickery":29,"Bromod:ArcaneTempo":8,"trackpad:AdjectivePendant":48,"ImportantClient":16,"Dota2Spire:UrnOfShadows":6,"Astrolabe":17,"DemoMod:PinkGuonStone":53,"Question Card":1,"infinitespire:EvilPickle":33,"Dota2Spire:AghanimScepter":25,"DemoMod:MeatBun":20,"infinitespire:Broken Mirror":43,"SpikesRelics:DaevaFist":45,"CatCart":47},{"PatriotShield":0,"beaked:ShinyBauble":36,"DemoMod:AgedBell":29,"DaveBox":0,"TimeKeys":23,"Dota2Spire:ArmletOfMordiggian":35,"StoneCalendar":18,"DemoMod:GlassGuonStoneRelic":1,"Luminous:MirrorRelic":0,"hubris:SlimyHat":10,"Nunchaku":19,"Bromod:ArcaneTrickery":21,"Bromod:ArcaneTempo":7,"trackpad:AdjectivePendant":34,"ImportantClient":13,"Dota2Spire:UrnOfShadows":5,"Astrolabe":13,"DemoMod:PinkGuonStone":35,"Question Card":1,"infinitespire:EvilPickle":23,"Dota2Spire:AghanimScepter":19,"DemoMod:MeatBun":15,"infinitespire:Broken Mirror":30,"SpikesRelics:DaevaFist":31,"CatCart":33},{"PatriotShield":0,"beaked:ShinyBauble":102,"DemoMod:AgedBell":70,"DaveBox":0,"TimeKeys":52,"Dota2Spire:ArmletOfMordiggian":99,"StoneCalendar":39,"DemoMod:GlassGuonStoneRelic":2,"Luminous:MirrorRelic":0,"hubris:SlimyHat":22,"Nunchaku":43,"Bromod:ArcaneTrickery":46,"Bromod:ArcaneTempo":16,"trackpad:AdjectivePendant":96,"ImportantClient":31,"Dota2Spire:UrnOfShadows":11,"Astrolabe":31,"DemoMod:PinkGuonStone":99,"Question Card":2,"infinitespire:EvilPickle":52,"Dota2Spire:AghanimScepter":43,"DemoMod:MeatBun":33,"infinitespire:Broken Mirror":76,"SpikesRelics:DaevaFist":81,"CatCart":89}]},"card_choices":[{"not_picked":["Luminous:Dark_Extract","Luminous:Light_Sylvan_Lance"],"picked":"Luminous:Light_Gather","floor":1},{"not_picked":["Luminous:Dark_Raid","Luminous:Light_Gather","Luminous:Hero_Will_Luminous"],"picked":"Luminous:Light_Glare","floor":3},{"not_picked":["Luminous:Light_Glare","Luminous:Light_Gather","Luminous:Concentrate_Luminous"],"picked":"Luminous:Balance_Ender","floor":4},{"not_picked":["Luminous:Light_Glare","Luminous:Dark_Raid","Luminous:Mana_Overload_Luminous"],"picked":"Luminous:Dark_Crescendo_Luminous","floor":5},{"not_picked":["Luminous:Light_Gather","Luminous:Arcane_Rage_Luminous","Luminous:Dark_Raid","Luminous:Concentrate_Luminous"],"picked":"SKIP","floor":6},{"not_picked":["Luminous:Light_Gather","Luminous:Light_Sylvan_Lance","Luminous:Dark_Raid"],"picked":"Luminous:Sympathy_Luminous","floor":7},{"not_picked":["Luminous:Mana_Well_Luminous","Luminous:Lunar_Tide_Luminous","Luminous:Dark_Moonlight_Spear"],"picked":"Luminous:Dark_Dim_Erosion","floor":8},{"not_picked":["Luminous:Light_Gather","Luminous:Dark_Dim_Erosion","Luminous:Dark_Raid"],"picked":"Luminous:Darks_Surge_Luminous","floor":10},{"not_picked":["Luminous:Dark_Pressure_Void","Luminous:Dark_Extract","Luminous:Mana_Overload_Luminous","Luminous:Balance_Baptism"],"picked":"SKIP","floor":11},{"not_picked":["Luminous:Dark_Extract","Luminous:Mana_Overload_Luminous","Luminous:Balance_Baptism"],"picked":"Luminous:Dark_Pressure_Void","floor":11},{"not_picked":["Luminous:Concentrate_Luminous","Luminous:Light_Disperse","Luminous:Light_Sylvan_Lance","Luminous:Dark_Pressure_Void"],"picked":"SKIP","floor":12},{"not_picked":["Luminous:Concentrate_Luminous","Luminous:Magic_Accelerate_Luminous","Luminous:Balance_Ender","Luminous:Dark_Dim_Erosion"],"picked":"SKIP","floor":13},{"not_picked":["Luminous:Blinding_Pillar_Luminous","Luminous:Lights_Protection_Luminous","Luminous:Lunar_Tide_Luminous","Luminous:Mana_Overload_Luminous"],"picked":"SKIP","floor":14},{"not_picked":["Luminous:Tune_Luminous","Luminous:Light_Gather","Luminous:Sympathy_Luminous"],"picked":"Luminous:Light_Wash_Luminous","floor":18},{"not_picked":["Luminous:Accumulation_Luminous","Luminous:Magic_Guard_Luminous","Luminous:Abyss_Heart_Luminous+1","Luminous:Dark_Raid"],"picked":"SKIP","floor":19},{"not_picked":["Luminous:Dark_Morning_Star","Luminous:Light_Glare","Luminous:Light_Reflection+1","Luminous:Light_Wash_Luminous"],"picked":"SKIP","floor":21},{"not_picked":["Luminous:Concentrate_Luminous","Luminous:Blinding_Pillar_Luminous+1","Luminous:Dark_Raid+1","Luminous:Light_Reflection"],"picked":"SKIP","floor":22},{"not_picked":["Luminous:Accumulation_Luminous","Luminous:Light_Spectral_Light","Luminous:Arcane_Rage_Luminous"],"picked":"Luminous:Photic_Meditation_Luminous","floor":23},{"not_picked":["Luminous:Dark_Apocalypse","Luminous:Dark_Morning_Star","Luminous:Dark_Dim_Erosion","Luminous:Dark_Pressure_Void"],"picked":"SKIP","floor":25},{"not_picked":["Luminous:Dark_Pressure_Void","Luminous:Mana_Well_Luminous","Luminous:Chase_Spell_Luminous","Luminous:Light_Glare+1"],"picked":"SKIP","floor":27},{"not_picked":["Luminous:Blinding_Pillar_Luminous","Luminous:Light_Gather","Luminous:Light_Sylvan_Lance+1","Luminous:Dark_Moonlight_Spear"],"picked":"SKIP","floor":29},{"not_picked":["Luminous:Lania_Blessing_Luminous","Luminous:Light_Reflection","Luminous:Light_Sylvan_Lance","Luminous:Light_Disperse"],"picked":"SKIP","floor":31},{"not_picked":["Luminous:Dark_Morning_Star+1","Luminous:Tune_Luminous","Luminous:Lights_Protection_Luminous+1"],"picked":"Luminous:Dusk_Guard_Luminous+1","floor":35},{"not_picked":["Luminous:Flash_Blink_Luminous","Luminous:Dark_Pressure_Void+1","Luminous:Light_Glare","Luminous:Light_Wash_Luminous+1"],"picked":"SKIP","floor":36},{"not_picked":["Luminous:Light_Sylvan_Lance","Luminous:Light_Wash_Luminous+1","Luminous:Sympathy_Luminous+1","Luminous:Dark_Arcane_Pitch+1"],"picked":"SKIP","floor":37},{"not_picked":["Luminous:Light_Disperse+1","Luminous:Fast_Spell_Luminous+1","Luminous:Dark_Raid+1","Luminous:Accumulation_Luminous+1"],"picked":"SKIP","floor":38},{"not_picked":["Luminous:Abyss_Heart_Luminous","Luminous:Dusk_Guard_Luminous","Luminous:Blinding_Pillar_Luminous+1","Luminous:Light_Wash_Luminous"],"picked":"SKIP","floor":39},{"not_picked":["Luminous:Dark_Pressure_Void+1","Luminous:Dark_Extract+1","Luminous:Concentrate_Luminous+1","Luminous:Reverse_Spell_Luminous"],"picked":"SKIP","floor":40},{"not_picked":["Luminous:Concentrate_Luminous","Luminous:Balance_Aether_Conduit","Luminous:Light_Spectral_Light+1","Luminous:Balance_Ender"],"picked":"SKIP","floor":41},{"not_picked":["infinitespire:DeathsTouch","ReplayTheSpireMod:Echoes of Time"],"picked":"infinitespire:Collect","floor":44},{"not_picked":["Luminous:Light_Disperse","Luminous:Dusk_Guard_Luminous","Luminous:Dark_Arcane_Pitch","Luminous:Dark_Raid"],"picked":"SKIP","floor":45},{"not_picked":["Luminous:Light_Glare+1","Luminous:Light_Gather+1","Luminous:Dark_Crescendo_Luminous","Luminous:Tune_Luminous+1"],"picked":"SKIP","floor":46},{"not_picked":["Luminous:Chase_Spell_Luminous","Luminous:Freud_Wisdom1_Luminous","Luminous:Light_Track+1","Luminous:Dark_Raid"],"picked":"SKIP","floor":48},{"not_picked":["Luminous:Concentrate_Luminous","Luminous:Tune_Luminous","Luminous:Arcane_Rage_Luminous","Luminous:Light_Gather+1"],"picked":"SKIP","floor":54}],"player_experience":173107,"relics_obtained":[{"floor":1,"key":"Question Card"},{"floor":6,"key":"Dota2Spire:UrnOfShadows"},{"floor":8,"key":"Bromod:ArcaneTempo"},{"floor":12,"key":"hubris:SlimyHat"},{"floor":16,"key":"ImportantClient"},{"floor":23,"key":"StoneCalendar"},{"floor":25,"key":"Dota2Spire:AghanimScepter"},{"floor":26,"key":"Nunchaku"},{"floor":29,"key":"Bromod:ArcaneTrickery"},{"floor":40,"key":"DemoMod:AgedBell"},{"floor":43,"key":"infinitespire:Broken Mirror"},{"floor":45,"key":"SpikesRelics:DaevaFist"},{"floor":47,"key":"CatCart"},{"floor":48,"key":"trackpad:AdjectivePendant"},{"floor":54,"key":"beaked:ShinyBauble"}],"event_choices":[{"cards_removed":["Luminous:Light_Wash_Luminous"],"damage_healed":0,"gold_gain":0,"player_choice":"Give","damage_taken":0,"max_hp_gain":0,"max_hp_loss":0,"event_name":"betterNote:BetterNote","floor":28,"gold_loss":0,"cards_obtained":["ekkoTheBoyWhoShatteredTime:PhaseDive"]},{"damage_healed":0,"gold_gain":0,"player_choice":"Punched","damage_taken":3,"max_hp_gain":0,"max_hp_loss":0,"event_name":"Designer","floor":30,"gold_loss":0},{"damage_healed":0,"gold_gain":0,"player_choice":"Fight","damage_taken":0,"max_hp_gain":0,"max_hp_loss":0,"event_name":"OrinTheCat","floor":47,"gold_loss":0}],"is_beta":false,"boss_relics":[{"not_picked":["GuanYuAspect","hubris:RunicObelisk"],"picked":"Astrolabe"},{"not_picked":["Cursed Key","hubris:HollowSoul"],"picked":"TimeKeys"}],"items_purged_floors":[],"is_endless":false,"potions_floor_spawned":[3,4,8,11,12,19,21,27,29,35,37,40,45,47],"ascension_level":0}}