{"host":"92108ef2q9tm8rod","time":1608161817,"event":{"mods":["BaseMod","Defuse TimeMaze Blight","Minty Spire (QoL Compilation)","StSLib","The Jungle"],"gold_per_floor":[114,132,147,147,72,72,105,105,184,184,184,199,213,225,225,328,328,345,356,356,366,379,379,379,379,379,292,292,292,327,343,343,441,491,508,508,523,533,533,533,568,568,568,568,597,630,646,666,666,666],"floor_reached":51,"playtime":1902,"items_purged":["Dodge and Roll"],"score":1207,"play_id":"506e4979-b96f-474b-8ee1-d093eb2b277a","local_time":"20201216233657","daily_mods":["SealedDeck","Colorless Cards","Heirloom","Flight"],"is_ascension_mode":false,"campfire_choices":[{"data":"Panacea","floor":6,"key":"SMITH"},{"data":"Good Instincts","floor":8,"key":"SMITH"},{"data":"Deflect","floor":10,"key":"SMITH"},{"data":"Bouncing Flask","floor":11,"key":"SMITH"},{"data":"Dodge and Roll","floor":15,"key":"SMITH"},{"data":"Corpse Explosion","floor":23,"key":"SMITH"},{"data":"Madness","floor":28,"key":"SMITH"},{"data":"Bane","floor":29,"key":"SMITH"},{"data":"Sadistic Nature","floor":32,"key":"SMITH"},{"data":"Master of Strategy","floor":40,"key":"SMITH"},{"data":"Catalyst","floor":42,"key":"SMITH"},{"floor":49,"key":"REST"}],"circlet_count":0,"master_deck":["Dodge and Roll+1","Good Instincts+1","Backflip+1","Deflect+1","Panacea+1","Deadly Poison+1","Bane+1","Bouncing Flask+1","Corpse Explosion+1","Master of Strategy+1","Escape Plan+1","Madness+1","Sadistic Nature+1","Catalyst+1"],"relics":["Ring of the Snake","Mango","Bag of Preparation","Blue Candle","Art of War","Boot","Pear","Tiny House","Anchor","The Courier","Oddly Smooth Stone","Ice Cream"],"acts_visited":["Exordium","Exordium","TheBeyond"],"potions_floor_usage":[19,30,31,41,41,50,50,50],"damage_taken":[{"damage":0,"enemies":"Jaw Worm","floor":1,"turns":3},{"damage":0,"enemies":"Cultist","floor":2,"turns":3},{"damage":0,"enemies":"2 Louse","floor":3,"turns":3},{"damage":0,"enemies":"Gremlin Nob","floor":7,"turns":3},{"damage":0,"enemies":"2 Fungi Beasts","floor":12,"turns":2},{"damage":0,"enemies":"Large Slime","floor":13,"turns":4},{"damage":0,"enemies":"Exordium Thugs","floor":14,"turns":4},{"damage":0,"enemies":"The Guardian","floor":16,"turns":6},{"damage":0,"enemies":"theJungle:GiantWrat","floor":18,"turns":4},{"damage":0,"enemies":"theJungle:5_Spyders","floor":19,"turns":7},{"damage":0,"enemies":"theJungle:Snecko_Cultist_And_Trap","floor":21,"turns":3},{"damage":0,"enemies":"theJungle:SlimyTreeVines","floor":22,"turns":6},{"damage":0,"enemies":"theJungle:Cassacara","floor":30,"turns":4},{"damage":0,"enemies":"theJungle:JungleHuntersEncounter","floor":31,"turns":2},{"damage":0,"enemies":"theJungle:FunGuy","floor":33,"turns":4},{"damage":0,"enemies":"3 Darklings","floor":35,"turns":2},{"damage":0,"enemies":"3 Shapes","floor":37,"turns":2},{"damage":0,"enemies":"3 Darklings","floor":38,"turns":2},{"damage":0,"enemies":"Nemesis","floor":41,"turns":5},{"damage":4,"enemies":"Reptomancer","floor":45,"turns":3},{"damage":0,"enemies":"Giant Head","floor":46,"turns":4},{"damage":0,"enemies":"Maw","floor":47,"turns":4},{"damage":0,"enemies":"4 Shapes","floor":48,"turns":1},{"damage":0,"enemies":"Donu and Deca","floor":50,"turns":4}],"seed_played":"-3984880363373776462","potions_obtained":[{"floor":3,"key":"FearPotion"},{"floor":7,"key":"AttackPotion"},{"floor":12,"key":"Block Potion"},{"floor":21,"key":"AttackPotion"},{"floor":30,"key":"ColorlessPotion"},{"floor":33,"key":"Weak Potion"},{"floor":34,"key":"Poison Potion"},{"floor":35,"key":"PowerPotion"},{"floor":45,"key":"Swift Potion"},{"floor":46,"key":"Weak Potion"}],"is_trial":true,"path_per_floor":["M","M","M","?","$","R","E","R","T","R","R","M","M","M","R","B",null,"M","M","?","M","M","R","$","T","T","$","R","R","E","M","R","B",null,"M","$","M","M","$","R","E","R","T","?","E","E","M","M","R","B",null],"character_chosen":"THE_SILENT","items_purchased":["Madness"],"campfire_rested":1,"item_purchase_floors":[27],"current_hp_per_floor":[84,84,84,67,67,67,67,67,67,67,67,67,67,67,67,67,84,84,84,84,84,84,84,84,84,84,84,84,84,94,94,94,94,99,99,99,99,99,99,99,99,99,99,99,95,95,95,95,99,99],"gold":666,"neow_bonus":"","is_daily":false,"chose_seed":false,"campfire_upgraded":11,"win_rate":0.0,"timestamp":1608161817,"path_taken":["M","M","M","?","$","R","E","R","T","R","R","M","M","M","R","BOSS","M","M","?","M","M","R","$","?","T","$","R","R","E","M","R","BOSS","M","$","M","M","$","R","E","R","T","?","E","E","M","M","R","BOSS"],"items_purchased_type":["Card"],"build_version":"2020-12-13","purchased_purges":1,"victory":true,"max_hp_per_floor":[84,84,84,84,84,84,84,84,84,84,84,84,84,84,84,84,84,84,84,84,84,84,84,84,84,84,84,84,84,94,94,94,94,99,99,99,99,99,99,99,99,99,99,99,99,99,99,99,99,99],"card_choices":[{"not_picked":["Deadly Poison","PiercingWail","Slice"],"picked":"SKIP","floor":1},{"not_picked":["Flechettes","Dodge and Roll","PiercingWail"],"picked":"SKIP","floor":2},{"not_picked":["Quick Slash","All Out Attack","Heel Hook"],"picked":"SKIP","floor":3},{"not_picked":["Bane","Sucker Punch"],"picked":"Corpse Explosion","floor":7},{"not_picked":["Prepared","Dark Shackles","Sucker Punch"],"picked":"SKIP","floor":12},{"not_picked":["Flying Knee","Endless Agony","Dodge and Roll"],"picked":"SKIP","floor":13},{"not_picked":["Quick Slash","Slice","Deadly Poison"],"picked":"SKIP","floor":14},{"not_picked":["Apotheosis","Night Terror"],"picked":"Master of Strategy","floor":16},{"not_picked":["Flying Knee","Acrobatics","Reflex"],"picked":"SKIP","floor":18},{"not_picked":["Eviscerate","Forethought+1","PiercingWail+1"],"picked":"SKIP","floor":19},{"not_picked":["Dash","Dagger Spray"],"picked":"Escape Plan","floor":21},{"not_picked":["PiercingWail+1","Transmutation","Slice"],"picked":"SKIP","floor":22},{"not_picked":["Terror","Footwork+1"],"picked":"Sadistic Nature","floor":30},{"not_picked":["Deep Breath+1","Deflect","Slice"],"picked":"SKIP","floor":31},{"not_picked":["Slice+1","Acrobatics","Prepared+1"],"picked":"SKIP","floor":35},{"not_picked":["Sucker Punch+1","Prepared","Blade Dance+1"],"picked":"SKIP","floor":37},{"not_picked":["Flying Knee+1","Dramatic Entrance","Poisoned Stab+1"],"picked":"SKIP","floor":38},{"not_picked":["Sucker Punch","Deflect+1"],"picked":"Catalyst","floor":41},{"not_picked":["Choke+1","Underhanded Strike+1","Reflex"],"picked":"SKIP","floor":45},{"not_picked":["Malaise","Accuracy","Cloak And Dagger"],"picked":"SKIP","floor":46},{"not_picked":["Footwork","Swift Strike","Bane"],"picked":"SKIP","floor":47},{"not_picked":["Impatience+1","Acrobatics","Slice"],"picked":"SKIP","floor":48}],"player_experience":3157087,"relics_obtained":[{"floor":7,"key":"Bag of Preparation"},{"floor":9,"key":"Blue Candle"},{"floor":25,"key":"Art of War"},{"floor":26,"key":"Boot"},{"floor":30,"key":"Pear"},{"floor":41,"key":"Anchor"},{"floor":43,"key":"The Courier"},{"floor":45,"key":"Oddly Smooth Stone"},{"floor":46,"key":"Ice Cream"}],"event_choices":[{"damage_healed":0,"gold_gain":0,"player_choice":"Entered Light","damage_taken":17,"max_hp_gain":0,"max_hp_loss":0,"event_name":"Shining Light","floor":4,"gold_loss":0,"cards_upgraded":["Deadly Poison","Backflip"]},{"cards_removed":["Backflip"],"damage_healed":0,"gold_gain":0,"player_choice":"Purged","damage_taken":0,"max_hp_gain":0,"max_hp_loss":0,"event_name":"Purifier","floor":20,"gold_loss":0},{"damage_healed":0,"gold_gain":0,"player_choice":"Ignored","damage_taken":0,"max_hp_gain":0,"max_hp_loss":0,"event_name":"Mysterious Sphere","floor":44,"gold_loss":0}],"is_beta":false,"boss_relics":[{"not_picked":["Snecko Eye","Velvet Choker","Astrolabe"]},{"not_picked":["Ring of the Serpent","Empty Cage"],"picked":"Tiny House"}],"items_purged_floors":[5],"is_endless":false,"potions_floor_spawned":[3,7,12,21,22,30,33,35,45,46,47,48],"ascension_level":0}}