{"host":"7z9w9s73v2jobm2z","time":1608144467,"event":{"mods":["AchievementEnabler","BaseMod","Colored Map","Colored Powertips","Custom Start","Minty Spire (QoL Compilation)","Quick Restart","Rare Cards Sparkle","Relic Stats","StSLib"],"gold_per_floor":[109,209,228,241,241,241,273,273,273,290,69,96,96,116,116,220,220,230,230,30,40,40,40,57,57,84,102,114,125,86,98,98,202,202,221,241,89,102,102,102,131,26,52,400,400,450,470,470,470,470],"floor_reached":51,"playtime":9219,"items_purged":["Defend_P"],"score":1021,"play_id":"6005e6b6-bd8a-4dfa-8dcc-78c44bef1022","local_time":"20201216134747","is_ascension_mode":true,"campfire_choices":[{"data":"Ragnarok","floor":6.0,"key":"SMITH"},{"data":"Halt","floor":8.0,"key":"SMITH"},{"data":"Halt","floor":15.0,"key":"SMITH"},{"floor":23.0,"key":"REST"},{"data":"Judgement","floor":25.0,"key":"SMITH"},{"floor":32.0,"key":"REST"},{"data":"FlurryOfBlows","floor":40.0,"key":"SMITH"},{"floor":49,"key":"REST"}],"circlet_count":0,"master_deck":["Strike_P","Defend_P","Defend_P","Eruption","Vigilance","FlurryOfBlows+1","Ragnarok+1","Halt+1","Halt","Tantrum+1","Halt+1","Judgement+1","FlurryOfBlows","FlurryOfBlows","Adaptation+1","FlurryOfBlows","EmptyFist","WheelKick+1","WheelKick","DeceiveReality+1","Worship+1","Protect+1","Protect","Protect+1","FlurryOfBlows","Halt","EmptyBody+1"],"relics":["PureWater","NeowsBlessing","Ginger","Dead Branch","Omamori","Bag of Preparation","SacredBark","Necronomicon","Strawberry","Nunchaku","Astrolabe","Happy Flower","Juzu Bracelet","Ancient Tea Set","Old Coin","Gambling Chip"],"acts_visited":["Exordium","TheCity","TheBeyond"],"potions_floor_usage":[47],"damage_taken":[{"damage":0.0,"enemies":"Cultist","floor":1.0,"turns":1.0},{"damage":0.0,"enemies":"Jaw Worm","floor":3.0,"turns":1.0},{"damage":0.0,"enemies":"2 Louse","floor":4.0,"turns":1.0},{"damage":0.0,"enemies":"Lagavulin","floor":7.0,"turns":4.0},{"damage":4.0,"enemies":"2 Fungi Beasts","floor":10.0,"turns":2.0},{"damage":29.0,"enemies":"3 Sentries","floor":12.0,"turns":7.0},{"damage":0.0,"enemies":"Large Slime","floor":14.0,"turns":2.0},{"damage":38.0,"enemies":"Hexaghost","floor":16.0,"turns":5.0},{"damage":0.0,"enemies":"3 Byrds","floor":18.0,"turns":3.0},{"damage":5.0,"enemies":"Chosen","floor":21.0,"turns":2.0},{"damage":12.0,"enemies":"Shelled Parasite and Fungi","floor":24.0,"turns":2.0},{"damage":8.0,"enemies":"Cultist and Chosen","floor":27.0,"turns":3.0},{"damage":2.0,"enemies":"3 Cultists","floor":28.0,"turns":3.0},{"damage":12.0,"enemies":"Shelled Parasite and Fungi","floor":29.0,"turns":2.0},{"damage":0.0,"enemies":"Snake Plant","floor":31.0,"turns":1.0},{"damage":0.0,"enemies":"Collector","floor":33.0,"turns":2.0},{"damage":0.0,"enemies":"3 Darklings","floor":35.0,"turns":3.0},{"damage":0.0,"enemies":"Orb Walker","floor":36.0,"turns":1.0},{"damage":10.0,"enemies":"3 Darklings","floor":38.0,"turns":4.0},{"damage":7.0,"enemies":"Reptomancer","floor":41.0,"turns":5.0},{"damage":14,"enemies":"2 Orb Walkers","floor":44,"turns":3},{"damage":6,"enemies":"Mind Bloom Boss Battle","floor":46,"turns":2},{"damage":9,"enemies":"Maw","floor":47,"turns":6},{"damage":143,"enemies":"Awakened One","floor":50,"turns":10}],"seed_played":"-5865085021480382585","potions_obtained":[{"floor":5.0,"key":"BlessingOfTheForge"},{"floor":5.0,"key":"FairyPotion"},{"floor":5.0,"key":"DistilledChaos"},{"floor":7.0,"key":"FearPotion"},{"floor":10.0,"key":"BottledMiracle"},{"floor":14.0,"key":"FearPotion"},{"floor":16.0,"key":"Weak Potion"},{"floor":33.0,"key":"DuplicationPotion"},{"floor":46,"key":"SneckoOil"}],"is_trial":false,"path_per_floor":["M","?","M","M","?","R","E","R","T","M","$","E","?","M","R","B",null,"M","?","$","M","?","R","M","R","T","M","M","M","$","M","R","B",null,"M","M","$","M","?","R","E","$","T","?","?","?","M","?","R","B",null],"character_chosen":"WATCHER","items_purchased":["Omamori","FlurryOfBlows","Strawberry","WheelKick","Happy Flower","FlurryOfBlows","Halt"],"campfire_rested":3,"item_purchase_floors":[11,20,20,30,37,42,42],"current_hp_per_floor":[72,72,72,72,72,72,72,72,72,68,68,39,39,39,39,1,54,54,38,45,40,40,63,51,51,51,43,41,29,29,29,52,52,72,72,72,72,62,62,62,55,55,55,41,41,35,26,26,49,30],"gold":470,"neow_bonus":"THREE_ENEMY_KILL","is_daily":false,"chose_seed":false,"campfire_upgraded":5,"win_rate":0.0,"timestamp":1608144467,"path_taken":["M","?","?","M","?","R","E","R","T","M","?","E","?","M","R","BOSS","M","?","$","M","?","R","M","R","T","M","?","?","?","M","R","BOSS","M","M","$","M","?","R","E","?","T","?","?","?","M","?","R","BOSS"],"items_purchased_type":["Relic","Card","Relic","Card","Relic","Card","Card"],"build_version":"2020-12-13","purchased_purges":1,"victory":true,"max_hp_per_floor":[72,72,72,72,72,72,72,72,72,72,72,72,72,72,72,72,72,72,72,79,79,79,79,79,79,79,79,79,79,79,79,79,79,79,79,79,79,79,79,79,79,79,79,79,79,79,79,79,79,79],"relic_stats":{"Nunchaku":[21],"Happy Flower":[10],"counters":[24,75],"Dead Branch":[27],"Astrolabe":["DeceiveReality","Worship","Protect"],"Gambling Chip":[3],"Bag of Preparation":[36],"Necronomicon":[29],"Juzu Bracelet":1,"Ginger":[3],"obtain_stats":[{"NeowsBlessing":0,"Happy Flower":37,"Dead Branch":9,"SacredBark":17,"Astrolabe":34,"Omamori":11,"Bag of Preparation":12,"Juzu Bracelet":41,"Ginger":7,"Ancient Tea Set":43,"Old Coin":44,"Nunchaku":26,"Strawberry":20,"Gambling Chip":46,"Necronomicon":19,"PureWater":0},{"NeowsBlessing":0,"Happy Flower":18,"Dead Branch":4,"SacredBark":8,"Astrolabe":16,"Omamori":5,"Bag of Preparation":6,"Juzu Bracelet":20,"Ginger":4,"Ancient Tea Set":20,"Old Coin":21,"Nunchaku":11,"Strawberry":9,"Gambling Chip":22,"Necronomicon":9,"PureWater":0},{"NeowsBlessing":0,"Happy Flower":45,"Dead Branch":7,"SacredBark":23,"Astrolabe":41,"Omamori":9,"Bag of Preparation":16,"Juzu Bracelet":54,"Ginger":7,"Ancient Tea Set":54,"Old Coin":57,"Nunchaku":30,"Strawberry":26,"Gambling Chip":59,"Necronomicon":26,"PureWater":0}]},"card_choices":[{"not_picked":["Consecrate","CutThroughFate"],"picked":"FlurryOfBlows","floor":1.0},{"not_picked":["DeceiveReality","Collect"],"picked":"Ragnarok","floor":3.0},{"not_picked":["TalkToTheHand","Collect","Crescendo"],"picked":"SKIP","floor":4.0},{"not_picked":["Worship","Crescendo"],"picked":"Halt","floor":7.0},{"not_picked":["Prostrate","FlurryOfBlows"],"picked":"Halt","floor":10.0},{"not_picked":["Adaptation","CutThroughFate"],"picked":"Tantrum","floor":12.0},{"not_picked":["Evaluate","Sanctity"],"picked":"Halt","floor":14.0},{"not_picked":["Scrawl","Establishment"],"picked":"Judgement","floor":16.0},{"not_picked":["JustLucky","Vengeance"],"picked":"FlurryOfBlows","floor":18.0},{"not_picked":["ThirdEye","Prostrate"],"picked":"Adaptation+1","floor":21.0},{"not_picked":["BowlingBash","Crescendo"],"picked":"EmptyFist","floor":24.0},{"not_picked":["Nirvana","SignatureMove+1","WindmillStrike"],"picked":"SKIP","floor":27.0},{"not_picked":["FlurryOfBlows","FlyingSleeves"],"picked":"WheelKick+1","floor":28.0},{"not_picked":["ForeignInfluence","Tantrum+1"],"picked":"Halt","floor":29.0},{"not_picked":["Consecrate+1","SandsOfTime","LikeWater"],"picked":"SKIP","floor":31.0},{"not_picked":["Weave+1","WreathOfFlame+1","Nirvana+1"],"picked":"SKIP","floor":35.0},{"not_picked":["ThirdEye+1","Study"],"picked":"Protect","floor":36.0},{"not_picked":["JustLucky","Consecrate"],"picked":"Protect+1","floor":38.0},{"not_picked":["Meditate","DeusExMachina","Fasting2+1"],"picked":"SKIP","floor":41.0},{"not_picked":["Halt","SashWhip"],"picked":"EmptyBody+1","floor":46},{"not_picked":["WaveOfTheHand","Weave","FollowUp"],"picked":"SKIP","floor":47}],"player_experience":425739,"relics_obtained":[{"floor":7.0,"key":"Ginger"},{"floor":9.0,"key":"Dead Branch"},{"floor":12.0,"key":"Bag of Preparation"},{"floor":19.0,"key":"Necronomicon"},{"floor":26.0,"key":"Nunchaku"},{"floor":41.0,"key":"Juzu Bracelet"},{"floor":43.0,"key":"Ancient Tea Set"},{"floor":44,"key":"Old Coin"},{"floor":46,"key":"Gambling Chip"}],"event_choices":[{"damage_healed":0.0,"max_hp_gain":0.0,"max_hp_loss":0.0,"gold_gain":100.0,"event_name":"Wheel of Change","player_choice":"Gold","floor":2.0,"gold_loss":0.0,"damage_taken":0.0},{"damage_healed":0.0,"max_hp_gain":0.0,"max_hp_loss":0.0,"gold_gain":0.0,"event_name":"Lab","player_choice":"Got Potions","floor":5.0,"gold_loss":0.0,"damage_taken":0.0},{"damage_healed":0.0,"max_hp_gain":0.0,"max_hp_loss":0.0,"gold_gain":0.0,"event_name":"Living Wall","player_choice":"Grow","floor":13.0,"gold_loss":0.0,"damage_taken":0.0,"cards_upgraded":["Tantrum"]},{"damage_healed":0.0,"max_hp_gain":0.0,"max_hp_loss":0.0,"gold_gain":0.0,"event_name":"Cursed Tome","player_choice":"Obtained Book","floor":19.0,"gold_loss":0.0,"damage_taken":16.0},{"damage_healed":0.0,"max_hp_gain":0.0,"max_hp_loss":0.0,"gold_gain":0.0,"event_name":"The Library","player_choice":"Read","floor":22.0,"gold_loss":0.0,"damage_taken":0.0,"cards_obtained":["FlurryOfBlows"]},{"damage_healed":0.0,"max_hp_gain":0.0,"max_hp_loss":0.0,"gold_gain":0.0,"event_name":"SensoryStone","player_choice":"Memory 1","floor":39.0,"gold_loss":0.0,"damage_taken":0.0},{"damage_healed":0,"gold_gain":0,"player_choice":"Fight","damage_taken":0,"max_hp_gain":0,"max_hp_loss":0,"event_name":"Mysterious Sphere","floor":44,"gold_loss":0},{"cards_removed":["Halt"],"damage_healed":0,"gold_gain":0,"player_choice":"Removed Skill","damage_taken":0,"max_hp_gain":0,"max_hp_loss":0,"event_name":"Falling","floor":45,"gold_loss":0},{"damage_healed":0,"gold_gain":0,"player_choice":"Fight","damage_taken":0,"max_hp_gain":0,"max_hp_loss":0,"event_name":"MindBloom","floor":46,"gold_loss":0},{"cards_removed":["Defend_P"],"damage_healed":0,"gold_gain":0,"player_choice":"Purged","damage_taken":0,"max_hp_gain":0,"max_hp_loss":0,"event_name":"Purifier","floor":48,"gold_loss":0}],"is_beta":false,"boss_relics":[{"not_picked":["Black Star","Fusion Hammer"],"picked":"SacredBark"},{"not_picked":["Velvet Choker","Sozu"],"picked":"Astrolabe"}],"items_purged_floors":[11],"is_endless":false,"potions_floor_spawned":[7,10,14,16,24,27,28,33,36,46],"ascension_level":5}}