{"host":"fvsruk02bthdqpa4","time":1608162551,"event":{"mods":["AchievementEnabler","Aspiration","BaseMod","Colored Map","Colored Powertips","Conspire","Energized Spire","Hubris","Minty Spire (QoL Compilation)","Quick Restart","Replay The Spire","Shop Mod","StSLib","SuperFastMode","The Blue Laboratory","The Runesmith"],"gold_per_floor":[119,119,46,66,79,107,107,139,139,173,187,187,187,12,12,113,113,133,181,231,247,95,95,4,4,4,36,56,70,70,70],"floor_reached":30,"playtime":12967,"items_purged":["CommonCold","Runesmith:Strike_RS"],"score":279,"play_id":"c0c83098-4391-4445-a4f9-b70e0f5b7cca","local_time":"20201216184911","is_ascension_mode":true,"campfire_choices":[{"data":"Runesmith:Firestorm","floor":7,"key":"SMITH"},{"data":"Runesmith:UnlimitedPower","floor":13,"key":"SMITH"},{"data":"Runesmith:CraftPrismatica","floor":23,"key":"SMITH"},{"data":"Runesmith:Empowerment","floor":25,"key":"SMITH"}],"circlet_count":0,"master_deck":["Runesmith:Strike_RS","Runesmith:Strike_RS","Runesmith:Strike_RS","Runesmith:Defend_RS","Runesmith:Defend_RS","Runesmith:Defend_RS","Runesmith:Defend_RS","Runesmith:CraftFirestone","Runesmith:Fortify+1","Runesmith:Firestorm+1","Runesmith:OneForEveryone","Runesmith:CraftMagma","Runesmith:CraftSpiculum","Runesmith:UnlimitedPower+1","Runesmith:BackupBattery+1","Runesmith:PoweredAnvil","Runesmith:CraftMagma","Runesmith:CraftPrismatica+1","Runesmith:CraftVitae","Runesmith:Empowerment+1","Runesmith:MetallurgicalResearch","Runesmith:Grindstone"],"relics":["Runesmith:BrokenRuby","ReplayTheSpireMod:Ring of Addiction","Ring of Hypnosis","Potion Belt","hubris:EmptyBottle","aspiration:SeaSaltIceCream","aspiration:Nostalgia","Burning Blood","Kunai","White Beast Statue","Runesmith:MiniCore","Art of War","energizedSpire:MagnifyingGlass","Sundial","Lantern","hubris:DisguiseKit","Bottled Lightning"],"acts_visited":["Exordium","TheCity"],"potions_floor_usage":[6,8,10,16,16,21,27,27,27,27,27,27,29,29,29,30,30],"damage_taken":[{"damage":1,"enemies":"Small Slimes","floor":1,"turns":3},{"damage":0,"enemies":"Jaw Worm","floor":4,"turns":5},{"damage":5,"enemies":"2 Louse","floor":5,"turns":4},{"damage":15,"enemies":"Replay:BlueRogue","floor":6,"turns":6},{"damage":5,"enemies":"3 Sentries","floor":8,"turns":7},{"damage":4,"enemies":"Lagavulin","floor":10,"turns":7},{"damage":7,"enemies":"conspire:2 RoseBushes","floor":11,"turns":4},{"damage":3,"enemies":"The Guardian","floor":16,"turns":8},{"damage":10,"enemies":"Spheric Guardian","floor":18,"turns":4},{"damage":15,"enemies":"Chosen","floor":21,"turns":6},{"damage":51,"enemies":"Slavers","floor":27,"turns":6},{"damage":1,"enemies":"conspire:HollyBat","floor":28,"turns":6},{"damage":6,"enemies":"Shelled Parasite and Fungi","floor":29,"turns":6},{"damage":26,"enemies":"3 Cultists","floor":30,"turns":3}],"seed_played":"-8626460726792377431","potions_obtained":[{"floor":1,"key":"blueLaboratory:HummingbirdPotion"},{"floor":2,"key":"blueLaboratory:Moonshine"},{"floor":2,"key":"SkillPotion"},{"floor":2,"key":"Venom Potion"},{"floor":5,"key":"Regen Potion"},{"floor":10,"key":"blueLaboratory:RememoryPotion"},{"floor":16,"key":"blueLaboratory:NullPotion"},{"floor":18,"key":"FearPotion"},{"floor":21,"key":"Fruit Juice"},{"floor":27,"key":"blueLaboratory:BottleOfVodka"},{"floor":28,"key":"SkillPotion"},{"floor":29,"key":"Reflective Coating"}],"is_trial":false,"path_per_floor":["M","?","$","M","M","E","R","E","T","E","M","T","R","$","R_BF","B",null,"M","?","?","M","$","R","?","R","T","E","M","M","M"],"character_chosen":"RUNESMITH_CLASS","items_purchased":["Runesmith:Firestorm","Runesmith:PoweredAnvil","Runesmith:CraftMagma","blueLaboratory:FruitPunch"],"campfire_rested":0,"item_purchase_floors":[3,14,14,22],"current_hp_per_floor":[69,69,69,69,64,58,58,59,59,61,60,60,60,60,66,66,66,62,46,46,51,51,51,51,51,51,20,25,25,0,0],"gold":70,"neow_bonus":"UPGRADE_CARD","is_daily":false,"chose_seed":false,"campfire_upgraded":4,"win_rate":0.0,"timestamp":1608162551,"path_taken":["M","?","$","M","M","E","R","E","T","E","M","?","R","$","R_BF","BOSS","M","?","?","?","$","R","?","R","T","E","M","M","M"],"items_purchased_type":["Card","Card","Card","Potion"],"build_version":"2020-12-13","purchased_purges":2,"victory":false,"max_hp_per_floor":[70,70,70,70,70,68,68,68,68,68,68,68,68,66,66,66,66,66,66,64,64,64,64,64,62,62,76,76,76,76,76],"card_choices":[{"not_picked":["Runesmith:Electrocute","Runesmith:Overpower","Runesmith:HammerThrow"],"picked":"SKIP","floor":1},{"not_picked":["Runesmith:HeatExchange","Runesmith:Overpower"],"picked":"Runesmith:OneForEveryone","floor":4},{"not_picked":["Runesmith:Superposition","Runesmith:Firewall"],"picked":"Runesmith:CraftMagma","floor":5},{"not_picked":["Runesmith:RuneHurl","Runesmith:Overpower"],"picked":"Runesmith:CraftSpiculum","floor":6},{"not_picked":["Runesmith:HeatExchange","Runesmith:WhiteBalance"],"picked":"Runesmith:UnlimitedPower","floor":8},{"not_picked":["Runesmith:HeatedChisel","Runesmith:FieryHammer","Runesmith:GrandSlam"],"picked":"SKIP","floor":10},{"not_picked":["Runesmith:PerfectChisel","Runesmith:Overpower"],"picked":"Runesmith:BackupBattery","floor":11},{"not_picked":["Runesmith:ReplicatingBarrier","Runesmith:LightningRod"],"picked":"Runesmith:CraftPrismatica","floor":16},{"not_picked":["Runesmith:HeatExchange+1","Runesmith:HammerThrow"],"picked":"Runesmith:CraftVitae","floor":18},{"not_picked":["Runesmith:StaticCage","Runesmith:HeatExchange+1"],"picked":"Runesmith:Empowerment","floor":21},{"not_picked":["Runesmith:Attraction+1","Runesmith:MakeshiftArmor","Heavy Blade"],"picked":"Runesmith:MetallurgicalResearch","floor":27},{"not_picked":["Runesmith:Overpower","Runesmith:EarthShield","ReplayTheSpireMod:Strike From Hell"],"picked":"Runesmith:Grindstone","floor":28},{"not_picked":["Runesmith:ShiftingStrike","Runesmith:EarthShield","Runesmith:HammerThrow","Sword Boomerang"],"picked":"SKIP","floor":29}],"player_experience":371230,"relics_obtained":[{"floor":2,"key":"ReplayTheSpireMod:Ring of Addiction"},{"floor":2,"key":"Ring of Hypnosis"},{"floor":2,"key":"Potion Belt"},{"floor":2,"key":"hubris:EmptyBottle"},{"floor":6,"key":"aspiration:SeaSaltIceCream"},{"floor":8,"key":"Kunai"},{"floor":9,"key":"White Beast Statue"},{"floor":10,"key":"Runesmith:MiniCore"},{"floor":12,"key":"Art of War"},{"floor":19,"key":"Sundial"},{"floor":26,"key":"hubris:DisguiseKit"},{"floor":27,"key":"Bottled Lightning"}],"event_choices":[{"damage_healed":0,"gold_gain":100,"player_choice":"Bet on Murderer","damage_taken":0,"max_hp_gain":0,"max_hp_loss":0,"event_name":"The Joust","floor":20,"gold_loss":50},{"damage_healed":0,"gold_gain":0,"player_choice":"Paid Gold","damage_taken":0,"relics_obtained":["Lantern"],"max_hp_gain":0,"max_hp_loss":0,"event_name":"WeMeetAgain","floor":24,"gold_loss":91}],"is_beta":false,"boss_relics":[{"not_picked":["aspiration:FutureDiary","energizedSpire:SpiderWeb"],"picked":"energizedSpire:MagnifyingGlass"}],"items_purged_floors":[14,22],"is_endless":false,"potions_floor_spawned":[1,5,8,10,11,16,18,21,27,28,29],"killed_by":"3 Cultists","ascension_level":1}}