{"host":"buuozll9zukolitn","time":1608144842,"event":{"mods":["BaseMod","Googly Eyes","Minty Spire (QoL Compilation)","StSLib","everything is the same but u backflip on backflip","slay the spire mod where everything is the same but ironclad has a cowboy hat"],"gold_per_floor":[113,113,113,123,134,161,161,177,177,177,210,210,227,243,243,347,397,408,1,1,15,25,25,25,25],"floor_reached":24,"playtime":912,"items_purged":["Strike_R"],"score":302,"play_id":"841bea61-032c-4a54-9ae6-5af40408107e","local_time":"20201216195402","is_ascension_mode":true,"campfire_choices":[{"floor":7,"key":"REST"},{"data":"Armaments","floor":10,"key":"SMITH"},{"data":"Armaments","floor":12,"key":"SMITH"},{"floor":15,"key":"REST"},{"floor":23,"key":"REST"}],"circlet_count":0,"master_deck":["Strike_R","Strike_R","Strike_R","Defend_R","Defend_R","Defend_R","Defend_R","Bash","Armaments+1","Uppercut","Whirlwind","Thunderclap","Rage","Inflame","Armaments+1","Flex","Limit Break","Barricade+1","Body Slam","Infernal Blade","Demon Form","True Grit","Clash"],"relics":["Burning Blood","Du-Vu Doll","Question Card","Blue Candle","Shuriken","Vajra","Tiny House","Boot","Enchiridion"],"acts_visited":["Exordium","TheCity"],"potions_floor_usage":[5,11,16,18,21,22,22,22],"damage_taken":[{"damage":14,"enemies":"Jaw Worm","floor":1,"turns":5},{"damage":4,"enemies":"Cultist","floor":4,"turns":3},{"damage":8,"enemies":"Small Slimes","floor":5,"turns":2},{"damage":20,"enemies":"Gremlin Nob","floor":6,"turns":4},{"damage":0,"enemies":"3 Louse","floor":8,"turns":1},{"damage":24,"enemies":"3 Sentries","floor":11,"turns":6},{"damage":15,"enemies":"Lots of Slimes","floor":13,"turns":3},{"damage":12,"enemies":"Red Slaver","floor":14,"turns":3},{"damage":33,"enemies":"Slime Boss","floor":16,"turns":9},{"damage":18,"enemies":"Chosen","floor":18,"turns":8},{"damage":31,"enemies":"2 Thieves","floor":21,"turns":4},{"damage":16,"enemies":"Snecko","floor":22,"turns":6},{"damage":45,"enemies":"Cultist and Chosen","floor":24,"turns":4}],"seed_played":"-2794245307432195323","potions_obtained":[{"floor":5,"key":"Fruit Juice"},{"floor":8,"key":"Explosive Potion"},{"floor":11,"key":"EssenceOfSteel"},{"floor":13,"key":"Swift Potion"},{"floor":16,"key":"Weak Potion"},{"floor":17,"key":"LiquidMemories"},{"floor":18,"key":"FearPotion"},{"floor":21,"key":"Swift Potion"}],"is_trial":false,"path_per_floor":["M","?","?","M","M","E","R","M","T","R","E","R","M","M","R","B",null,"M","$","?","M","M","R","M"],"character_chosen":"IRONCLAD","items_purchased":["Demon Form","True Grit","Boot"],"campfire_rested":3,"item_purchase_floors":[19,19,19],"current_hp_per_floor":[64,52,52,54,57,43,66,72,72,72,54,54,45,39,62,35,72,60,60,44,19,9,33,0,0],"gold":25,"neow_bonus":"ONE_RARE_RELIC","is_daily":false,"chose_seed":false,"campfire_upgraded":2,"win_rate":0.0,"timestamp":1608144842,"path_taken":["M","?","?","?","M","E","R","?","T","R","E","R","M","M","R","BOSS","M","$","?","M","M","R","M"],"items_purchased_type":["Card","Card","Relic"],"build_version":"2020-12-13","purchased_purges":1,"victory":false,"max_hp_per_floor":[72,72,72,72,77,77,77,77,77,77,77,77,77,77,77,77,82,82,82,82,82,82,82,82,82],"card_choices":[{"not_picked":["Heavy Blade","Pommel Strike"],"picked":"Armaments","floor":1},{"not_picked":["Armaments","Second Wind","Blood for Blood"],"picked":"Whirlwind","floor":4},{"not_picked":["Offering","Carnage","Twin Strike"],"picked":"Thunderclap","floor":5},{"not_picked":["Sentinel","Warcry","Iron Wave"],"picked":"Rage","floor":6},{"not_picked":["True Grit","Cleave","Dual Wield"],"picked":"Inflame","floor":8},{"not_picked":["Warcry","Combust","Infernal Blade"],"picked":"Armaments","floor":11},{"not_picked":["Perfected Strike","Blood for Blood","Wild Strike"],"picked":"Flex","floor":13},{"not_picked":["Twin Strike","Reckless Charge","Spot Weakness"],"picked":"Limit Break","floor":14},{"not_picked":["Limit Break","Corruption","Juggernaut"],"picked":"Barricade","floor":16},{"not_picked":["Clash","Pummel","Clothesline"],"picked":"Body Slam","floor":17},{"not_picked":["Dark Embrace","Evolve","Pommel Strike"],"picked":"Infernal Blade","floor":18},{"not_picked":["Headbutt","Rampage","Iron Wave"],"picked":"Clash","floor":21},{"not_picked":["Burning Pact","Clash","Fire Breathing","Clothesline"],"picked":"SKIP","floor":22}],"player_experience":287226,"relics_obtained":[{"floor":6,"key":"Blue Candle"},{"floor":9,"key":"Shuriken"},{"floor":11,"key":"Vajra"},{"floor":20,"key":"Enchiridion"}],"event_choices":[{"damage_healed":0,"gold_gain":0,"player_choice":"Success","damage_taken":12,"relics_obtained":["Question Card"],"max_hp_gain":0,"max_hp_loss":0,"event_name":"Scrap Ooze","floor":2,"gold_loss":0},{"damage_healed":0,"gold_gain":0,"cards_transformed":["Strike_R"],"player_choice":"Transformed","damage_taken":0,"max_hp_gain":0,"max_hp_loss":0,"event_name":"Transmorgrifier","floor":3,"gold_loss":0,"cards_obtained":["Uppercut"]},{"damage_healed":0,"gold_gain":0,"player_choice":"Obtained Book","damage_taken":16,"max_hp_gain":0,"max_hp_loss":0,"event_name":"Cursed Tome","floor":20,"gold_loss":0}],"is_beta":false,"boss_relics":[{"not_picked":["Empty Cage","Runic Cube"],"picked":"Tiny House"}],"items_purged_floors":[19],"is_endless":false,"potions_floor_spawned":[5,8,11,13,16,18,21],"killed_by":"Cultist and Chosen","ascension_level":9}}