{"host":"svdrdpvpxtppvaze","time":1608137240,"event":{"mods":["AchievementEnabler","Bard","BaseMod","BetterRewards","Colored Powertips","Downfall","Infinite Spire","Marisa????????","Minty Spire (QoL Compilation)","Quick Restart","Rare Cards Sparkle","Replay The Spire","Shop Mod","StSLib"],"gold_per_floor":[114,124,179,195,195,195,227,227,301,331,331,331,331,342,342,439,439,458,373,396,410,426,459,106,126,126,141,141,141,141,157,157,265,315,348,388,388,425,470,526,570,570,594,594,594,651,710,766,766,766,766,766,25,54,54,54],"floor_reached":55,"playtime":2783,"items_purged":["Strike_P"],"score":1206,"play_id":"b18117fc-8db7-4064-81bc-1cb1809ebd76","local_time":"20201216224720","is_ascension_mode":false,"campfire_choices":[{"data":"Eruption","floor":6,"key":"SMITH"},{"data":"DevaForm","floor":8,"key":"SMITH"},{"data":"Study","floor":12,"key":"SMITH"},{"floor":15,"key":"REST"},{"data":"CrushJoints","floor":28,"key":"SMITH"},{"floor":32,"key":"RECALL"},{"floor":42,"key":"REST"},{"floor":49,"key":"REST"}],"circlet_count":0,"master_deck":["Strike_P","Defend_P+1","Defend_P","Defend_P","Defend_P+1","Eruption+1","Vigilance","CrushJoints+1","CrushJoints","Protect","Indignation","Crescendo+1","Consecrate+1","DevaForm+1","Evaluate+1","InnerPeace+1","Study+1","ClearTheMind","Omniscience","ReachHeaven+1","expansioncontent:DashGenerateEvil+1","BattleHymn+1","Vault","LessonLearned+1","LikeWater+1","Collect+1","Pray","Enlightenment","Omniscience"],"relics":["infinitespire:DarkRift","Molten Egg 2","Orichalcum","Pantograph","Anchor","infinitespire:Cubic Diamond","Snecko Eye","MealTicket","Tiny Chest","Kunai","Melange","infinitespire:EvilPickle","Tiny House","Replay:Bottled Snecko","Incense Burner","Potion Belt","Nunchaku","Mango","DollysMirror","Bronze Scales"],"acts_visited":["Exordium","TheCity","TheBeyond","TheEnding"],"potions_floor_usage":[23,35,39,47,47,50,54,55,55,55,55],"damage_taken":[{"damage":0,"enemies":"Small Slimes","floor":1,"turns":5},{"damage":0,"enemies":"Cultist","floor":2,"turns":4},{"damage":0,"enemies":"2 Louse","floor":4,"turns":2},{"damage":13,"enemies":"3 Sentries","floor":7,"turns":4},{"damage":22,"enemies":"Gremlin Nob","floor":10,"turns":3},{"damage":2,"enemies":"Blue Slaver","floor":14,"turns":3},{"damage":12,"enemies":"Slime Boss","floor":16,"turns":9},{"damage":1,"enemies":"Shell Parasite","floor":18,"turns":5},{"damage":0,"enemies":"Chosen","floor":21,"turns":3},{"damage":0,"enemies":"Centurion and Healer","floor":22,"turns":5},{"damage":32,"enemies":"Slavers","floor":23,"turns":4},{"damage":0,"enemies":"Snecko","floor":25,"turns":3},{"damage":0,"enemies":"Cultist and Chosen","floor":27,"turns":6},{"damage":10,"enemies":"Centurion and Healer","floor":31,"turns":4},{"damage":14,"enemies":"Pondfish","floor":33,"turns":6},{"damage":14,"enemies":"3 Darklings","floor":35,"turns":6},{"damage":13,"enemies":"Orb Walker","floor":36,"turns":4},{"damage":17,"enemies":"Sphere and 2 Shapes","floor":38,"turns":4},{"damage":9,"enemies":"4 Shapes","floor":39,"turns":4},{"damage":3,"enemies":"R_Hoarder","floor":40,"turns":6},{"damage":6,"enemies":"Spire Growth","floor":41,"turns":3},{"damage":32,"enemies":"3 Darklings","floor":46,"turns":4},{"damage":6,"enemies":"Transient","floor":47,"turns":6},{"damage":0,"enemies":"Sphere and 2 Shapes","floor":48,"turns":5},{"damage":18,"enemies":"infinitespire:MassOfShapes","floor":50,"turns":13},{"damage":10,"enemies":"Shield and Spear","floor":54,"turns":8},{"damage":107,"enemies":"The Heart","floor":55,"turns":7}],"seed_played":"2259446604048246855","potions_obtained":[{"floor":4,"key":"sneckomod:MuddlingPotion"},{"floor":7,"key":"SmokeBomb"},{"floor":10,"key":"Doom Potion"},{"floor":14,"key":"Block Potion"},{"floor":23,"key":"Explosive Potion"},{"floor":35,"key":"LifebloodPotion"},{"floor":40,"key":"champ:CounterPotion"},{"floor":41,"key":"EntropicBrew"},{"floor":48,"key":"DistilledChaos"}],"is_trial":false,"path_per_floor":["M","M","?","M","?","R","E","R","T","E","?","R","?","M","R","B",null,"M","?","T","M","M","E","$","M","T","M","R","?","$","M","R","B",null,"M","M","T","M","M","E","M","R","T","AVR","?","M","M","M","R","B",null,"R","$","E","B"],"character_chosen":"WATCHER","items_purchased":["CrushJoints","Protect","expansioncontent:DashGenerateEvil+1","Melange","Enlightenment","EssenceOfSteel","Mango","DollysMirror","Regen Potion","SteroidPotion"],"campfire_rested":3,"item_purchase_floors":[0,0,24,24,53,53,53,53,53,53],"current_hp_per_floor":[72,72,54,54,47,47,34,34,34,12,12,12,12,10,31,44,72,71,71,71,71,71,39,54,54,54,54,54,54,69,59,59,58,77,63,50,50,33,24,35,29,52,52,52,52,20,14,14,37,44,77,77,91,81,0,0],"gold":54,"neow_bonus":"","is_daily":false,"chose_seed":false,"campfire_upgraded":4,"win_rate":0.0,"timestamp":1608137240,"path_taken":["M","M","?","?","?","R","E","R","T","E","?","R","?","M","R","BOSS","M","?","?","M","?","E","$","M","T","M","R","?","?","M","R","BOSS","M","M","?","M","M","E","?","R","T","AVR","?","M","?","M","R","BOSS","R","$","E","BOSS"],"items_purchased_type":["Card","Card","Card","Relic","Card","Potion","Relic","Relic","Potion","Potion"],"build_version":"2020-12-13","purchased_purges":1,"victory":false,"max_hp_per_floor":[72,72,72,72,72,72,72,72,72,72,72,72,72,72,72,72,72,72,72,72,72,72,72,72,72,72,72,72,72,72,72,72,72,77,77,77,77,77,77,77,77,77,77,77,77,77,77,77,77,77,77,77,91,91,91,91],"card_choices":[{"not_picked":["Protect","Replay:Anticipation"],"picked":"Indignation","floor":1},{"not_picked":["ThirdEye","Replay:AtTheReady"],"picked":"Crescendo","floor":2},{"not_picked":["EmptyBody","LikeWater"],"picked":"Consecrate+1","floor":3},{"not_picked":["Tantrum+1","EmptyBody"],"picked":"DevaForm","floor":3},{"not_picked":["Weave+1","Study"],"picked":"Evaluate","floor":4},{"not_picked":["FlurryOfBlows+1","Collect"],"picked":"InnerPeace","floor":7},{"not_picked":["Crescendo","Replay:AtTheReady"],"picked":"Study","floor":10},{"not_picked":["Halt","Replay:ManipulateFuture"],"picked":"ClearTheMind","floor":14},{"not_picked":["Blasphemy","ConjureBlade"],"picked":"Omniscience","floor":16},{"not_picked":["CutThroughFate+1","BowlingBash+1","PathToVictory"],"picked":"SKIP","floor":18},{"not_picked":["JustLucky+1","PathToVictory"],"picked":"ReachHeaven+1","floor":21},{"not_picked":["Evaluate","CarveReality+1","Prostrate"],"picked":"SKIP","floor":22},{"not_picked":["Replay:ManipulateFuture","EmptyBody","Replay:AtTheReady"],"picked":"SKIP","floor":23},{"not_picked":["Study","WindmillStrike+1"],"picked":"BattleHymn+1","floor":25},{"not_picked":["Replay:BluntJabs+1","Halt","Pray"],"picked":"SKIP","floor":27},{"not_picked":["Perseverance","Prostrate"],"picked":"Vault","floor":31},{"not_picked":["ConjureBlade","Blasphemy"],"picked":"LessonLearned+1","floor":33},{"not_picked":["Replay:BluntJabs+1","Replay:Cycle+1","JustLucky+1"],"picked":"SKIP","floor":35},{"not_picked":["CutThroughFate+1","CrushJoints+1","FlurryOfBlows+1"],"picked":"SKIP","floor":36},{"not_picked":["ClearTheMind","CutThroughFate+1","FlurryOfBlows+1"],"picked":"SKIP","floor":38},{"not_picked":["EmptyFist+1","PathToVictory+1"],"picked":"LikeWater+1","floor":39},{"not_picked":["BowlingBash+1","Replay:LoomingThreat"],"picked":"Collect+1","floor":40},{"not_picked":["FlyingSleeves+1","WheelKick+1","Replay:BluntJabs+1"],"picked":"SKIP","floor":41},{"not_picked":["FlurryOfBlows+1","Pray","Weave+1"],"picked":"SKIP","floor":46},{"not_picked":["EmptyFist+1","Halt+1","Prostrate+1"],"picked":"SKIP","floor":47},{"not_picked":["EmptyBody+1","FlyingSleeves+1","EmptyFist+1"],"picked":"SKIP","floor":48},{"not_picked":["Nirvana+1","BowlingBash+1","EmptyBody+1"],"picked":"SKIP","floor":54}],"player_experience":14352,"relics_obtained":[{"floor":3,"key":"Molten Egg 2"},{"floor":7,"key":"Orichalcum"},{"floor":9,"key":"Pantograph"},{"floor":10,"key":"Anchor"},{"floor":20,"key":"Tiny Chest"},{"floor":23,"key":"Kunai"},{"floor":37,"key":"Replay:Bottled Snecko"},{"floor":40,"key":"Incense Burner"},{"floor":43,"key":"Potion Belt"},{"floor":54,"key":"Bronze Scales"}],"event_choices":[{"cards_removed":["Strike_P"],"damage_healed":0,"gold_gain":0,"player_choice":"Card Removal","damage_taken":7,"max_hp_gain":0,"max_hp_loss":0,"event_name":"Golden Wing","floor":5,"gold_loss":0},{"damage_healed":0,"gold_gain":0,"player_choice":"Obtained Relic","damage_taken":0,"relics_obtained":["MealTicket"],"max_hp_gain":0,"max_hp_loss":0,"event_name":"Addict","floor":19,"gold_loss":85},{"damage_healed":0,"gold_gain":0,"cards_transformed":["Strike_P"],"player_choice":"Transformed","damage_taken":0,"max_hp_gain":0,"max_hp_loss":0,"event_name":"Transmorgrifier","floor":45,"gold_loss":0,"cards_obtained":["Pray"]}],"is_beta":false,"boss_relics":[{"not_picked":["SacredBark","Velvet Choker"],"picked":"Snecko Eye"},{"not_picked":["Runic Dome","ReplayTheSpireMod:DimensionalGlitch"],"picked":"Tiny House"}],"items_purged_floors":[44],"is_endless":false,"potions_floor_spawned":[4,7,10,14,23,27,31,35,40,41,48],"killed_by":"The Heart","ascension_level":0}}