{"host":"hfvpa4llnnjpeawn","time":1608146391,"event":{"mods":["2.2 Compatiblity","AchievementEnabler","Act Like it!","Aspiration","Bard","BaseMod","Beaked The Cultist","Better Skull","Better Third Choice","BetterRewards","CapriCore","Conspire","Downfall","Elementarium","Energized Spire","Hermit","Hubris","Jorbs\u0027s Wanderer Trilogy","Koishi","Lobotomy","Minty Spire (QoL Compilation)","Replay The Spire","Shade Mod","Spicy Shops","StSLib","The Bladedancer","The Factory","The Gatherer","The Jungle","Waifu the Spire","Wandering Minibosses"],"gold_per_floor":[111,111,131,9,22,48,48,48,48,73,83,98,117,127,127,127,127],"floor_reached":16,"playtime":827,"items_purged":[],"score":131,"play_id":"eb2a29ec-5344-4c94-8bbd-074fe4d7dce8","local_time":"20201216141951","is_ascension_mode":true,"campfire_choices":[{"data":"Entrench","floor":7,"key":"SMITH"},{"floor":15,"key":"REST"}],"circlet_count":0,"master_deck":["beaked:KnowThyFoe","Strike_R","Strike_R","Strike_R","Strike_R","Strike_R+1","Defend_R","Defend_R+1","Bash","Rampage","Pummel","Entrench+1","expansioncontent:PolyBeam","Iron Wave","Perfected Strike","Second Wind","Infernal Blade","Ghostly Armor","Fiend Fire"],"relics":["Burning Blood","aspiration:Nostalgia","champ:ChampionCrown","Simple Rune","Mummified Hand","Bag of Marbles"],"acts_visited":["Exordium"],"potions_floor_usage":[5,12],"damage_taken":[{"damage":3,"enemies":"Jaw Worm","floor":1,"turns":4},{"damage":17,"enemies":"conspire:RoseBush","floor":3,"turns":7},{"damage":0,"enemies":"Cultist","floor":5,"turns":2},{"damage":30,"enemies":"3 Sentries","floor":6,"turns":6},{"damage":37,"enemies":"Gremlin Nob","floor":10,"turns":4},{"damage":1,"enemies":"Gremlin Gang","floor":11,"turns":5},{"damage":15,"enemies":"2 Fungi Beasts","floor":12,"turns":3},{"damage":18,"enemies":"Large Slime","floor":13,"turns":3},{"damage":6,"enemies":"3 Louse","floor":14,"turns":3},{"damage":34,"enemies":"Hexaghost","floor":16,"turns":7}],"seed_played":"4405461709579549973","potions_obtained":[{"floor":1,"key":"Strength Potion"},{"floor":10,"key":"ElixirPotion"},{"floor":12,"key":"Fruit Juice"}],"is_trial":false,"path_per_floor":["M","?","M","$","M","E","R","?","T","E","M","M","M","M","R","B"],"character_chosen":"IRONCLAD","items_purchased":["expansioncontent:PolyBeam","Iron Wave"],"campfire_rested":1,"item_purchase_floors":[4,4],"current_hp_per_floor":[80,80,69,69,75,51,51,51,51,20,25,21,9,9,34,0,0],"gold":127,"neow_bonus":"NOSTALGIA","is_daily":false,"chose_seed":false,"campfire_upgraded":1,"win_rate":0.0,"timestamp":1608146391,"path_taken":["M","?","?","$","M","E","R","?","T","E","M","?","?","M","R","BOSS"],"items_purchased_type":["Card","Card"],"build_version":"2020-12-13","purchased_purges":0,"victory":false,"max_hp_per_floor":[80,80,80,80,80,80,80,80,80,80,80,85,85,85,85,85,85],"card_choices":[{"not_picked":["True Grit","Warcry"],"picked":"Rampage","floor":1},{"not_picked":["Body Slam","Evolve"],"picked":"Entrench","floor":3},{"not_picked":["Clash","Carnage"],"picked":"Perfected Strike","floor":5},{"not_picked":["Replay:Undeath\u0027s Touch","Searing Blow"],"picked":"Second Wind","floor":6},{"not_picked":["Clothesline","Headbutt"],"picked":"Infernal Blade","floor":10},{"not_picked":["Heavy Blade","Headbutt"],"picked":"Ghostly Armor","floor":11},{"not_picked":["ReplayReversal","Anger"],"picked":"Fiend Fire","floor":12},{"not_picked":["Thunderclap","Heavy Blade","Sword Boomerang"],"picked":"SKIP","floor":13},{"not_picked":["Clothesline","Heavy Blade","Twin Strike"],"picked":"SKIP","floor":14}],"player_experience":233691,"relics_obtained":[{"floor":6,"key":"Simple Rune"},{"floor":9,"key":"Mummified Hand"},{"floor":10,"key":"Bag of Marbles"}],"event_choices":[{"damage_healed":0,"gold_gain":0,"cards_transformed":["Defend_R"],"player_choice":"Transformed","damage_taken":0,"max_hp_gain":0,"max_hp_loss":0,"event_name":"Transmorgrifier","floor":2,"gold_loss":0,"cards_obtained":["Pummel"]},{"cards_removed":["Defend_R"],"damage_healed":0,"gold_gain":0,"player_choice":"Purged","damage_taken":0,"max_hp_gain":0,"max_hp_loss":0,"event_name":"Purifier","floor":8,"gold_loss":0}],"is_beta":false,"boss_relics":[],"items_purged_floors":[],"is_endless":false,"potions_floor_spawned":[1,10,12],"killed_by":"Hexaghost","ascension_level":3}}