{"host":"b6iqmq74l2bwzb3l","time":1608142042,"event":{"mods":["Astrologer","BaseMod","Colored Map","Colored Powertips","Googly Eyes","MarisaÅiñ∂âJÅ@ñÇóùçπÅj","Minty Spire (QoL Compilation)","Quick Restart","StSLib","The Cursed"],"gold_per_floor":[119,119,138,148,148,176,176,209,233,261,279,152,169,179,179,179,179],"floor_reached":16,"playtime":411,"items_purged":["Strike_G"],"score":128,"play_id":"8a70a378-459d-40de-805f-70be03a326b2","local_time":"20201217030722","is_ascension_mode":true,"campfire_choices":[{"data":"Neutralize","floor":7,"key":"SMITH"},{"data":"Bouncing Flask","floor":15,"key":"SMITH"}],"circlet_count":0,"master_deck":["Strike_G","Strike_G","Strike_G","Strike_G","Defend_G","Defend_G","Defend_G","Defend_G","Defend_G","Survivor+1","Neutralize+1","Flying Knee","Malaise+1","Bouncing Flask+1","Bane","Deadly Poison","Bane","Deadly Poison"],"relics":["Ring of the Snake","NeowsBlessing","War Paint","Potion Belt","Bronze Scales","Vajra"],"acts_visited":["Exordium"],"potions_floor_usage":[6,6,6,6,8,10,11,16,16],"damage_taken":[{"damage":0,"enemies":"2 Louse","floor":1,"turns":1},{"damage":0,"enemies":"Cultist","floor":3,"turns":1},{"damage":0,"enemies":"Jaw Worm","floor":4,"turns":1},{"damage":18,"enemies":"3 Sentries","floor":6,"turns":7},{"damage":20,"enemies":"Gremlin Nob","floor":8,"turns":6},{"damage":8,"enemies":"Lagavulin","floor":10,"turns":7},{"damage":3,"enemies":"Lots of Slimes","floor":11,"turns":1},{"damage":2,"enemies":"2 Fungi Beasts","floor":13,"turns":4},{"damage":1,"enemies":"Blue Slaver","floor":14,"turns":3},{"damage":31,"enemies":"Slime Boss","floor":16,"turns":7}],"seed_played":"-3984429389369493408","potions_obtained":[{"floor":5,"key":"Block Potion"},{"floor":5,"key":"Regen Potion"},{"floor":5,"key":"EntropicBrew"},{"floor":8,"key":"Explosive Potion"},{"floor":10,"key":"AttackPotion"},{"floor":14,"key":"Strength Potion"}],"is_trial":false,"path_per_floor":["M","?","M","M","?","E","R","E","T","E","M","$","M","M","R","B"],"character_chosen":"THE_SILENT","items_purchased":["Bane"],"campfire_rested":0,"item_purchase_floors":[12],"current_hp_per_floor":[70,70,70,70,70,66,66,46,46,38,35,35,33,32,32,1,1],"gold":179,"neow_bonus":"THREE_ENEMY_KILL","is_daily":false,"chose_seed":false,"campfire_upgraded":2,"win_rate":0.0,"timestamp":1608142042,"path_taken":["M","?","M","?","?","E","R","E","T","E","M","$","M","M","R","BOSS"],"items_purchased_type":["Card"],"build_version":"2020-12-13","purchased_purges":1,"victory":false,"max_hp_per_floor":[70,70,70,70,70,70,70,70,70,70,70,70,70,70,70,70,70],"card_choices":[{"not_picked":["Acrobatics","Dagger Spray"],"picked":"Flying Knee","floor":1},{"not_picked":["Setup","Backflip","Prepared"],"picked":"SKIP","floor":3},{"not_picked":["Malaise","Dodge and Roll","Prepared"],"picked":"SKIP","floor":4},{"not_picked":["Infinite Blades","All Out Attack","Storm of Steel"],"picked":"SKIP","floor":6},{"not_picked":["Heel Hook","Underhanded Strike"],"picked":"Bane","floor":8},{"not_picked":["After Image","Masterful Stab"],"picked":"Deadly Poison","floor":10},{"not_picked":["Well Laid Plans","Outmaneuver","Underhanded Strike"],"picked":"SKIP","floor":11},{"not_picked":["Underhanded Strike","Backstab"],"picked":"Deadly Poison","floor":13},{"not_picked":["Prepared","Dagger Spray","Concentrate"],"picked":"SKIP","floor":14}],"player_experience":314070,"relics_obtained":[{"floor":6,"key":"War Paint"},{"floor":8,"key":"Potion Belt"},{"floor":9,"key":"Bronze Scales"},{"floor":10,"key":"Vajra"}],"event_choices":[{"damage_healed":0,"gold_gain":0,"player_choice":"2 cards matched","damage_taken":0,"max_hp_gain":0,"max_hp_loss":0,"event_name":"Match and Keep!","floor":2,"gold_loss":0,"cards_obtained":["Malaise","Bouncing Flask"]},{"damage_healed":0,"gold_gain":0,"player_choice":"Got Potions","damage_taken":0,"max_hp_gain":0,"max_hp_loss":0,"event_name":"Lab","floor":5,"gold_loss":0}],"is_beta":false,"boss_relics":[],"items_purged_floors":[12],"is_endless":false,"potions_floor_spawned":[8,10,14],"killed_by":"Slime Boss","ascension_level":1}}