{"host":"480qzmvu0s2e3e6w","time":1608125716,"event":{"mods":["BaseMod","Colored Map","DeckTracker","Minty Spire (QoL Compilation)","StSLib","SuperFastMode"],"gold_per_floor":[112,126,145,165,184,184,219,219,219,219,231,231,44,61,61,134,134,147,147,147,159,59,59,85,95,142,176,176,176,51,69,69,69,69],"floor_reached":33,"playtime":1241,"items_purged":["Strike_R","Strike_R","Strike_R"],"score":513,"play_id":"bc293db8-2197-4196-b6d6-4cd226458d21","local_time":"20201216223516","is_ascension_mode":true,"campfire_choices":[{"data":"Armaments","floor":6.0,"key":"SMITH"},{"floor":8.0,"key":"REST"},{"data":"Inflame","floor":10.0,"key":"SMITH"},{"floor":15.0,"key":"REST"},{"data":"Offering","floor":23.0,"key":"SMITH"},{"data":"Corruption","floor":28,"key":"SMITH"},{"data":"Flame Barrier","floor":32,"key":"SMITH"}],"circlet_count":0,"master_deck":["AscendersBane","Defend_R","Defend_R","Defend_R","Defend_R","Bash","Anger","Inflame+1","Armaments+1","Twin Strike","Rage","Shockwave","Battle Trance","Clothesline","Inflame","Offering+1","Body Slam","Evolve","Spot Weakness+1","Corruption+1","Flame Barrier+1","Reckless Charge","Immolate"],"relics":["Burning Blood","NeowsBlessing","Ornamental Fan","Matryoshka","Champion Belt","Coffee Dripper","Meat on the Bone","Paper Frog","CeramicFish","Juzu Bracelet"],"acts_visited":["Exordium","TheCity"],"potions_floor_usage":[25],"damage_taken":[{"damage":0.0,"enemies":"2 Louse","floor":1.0,"turns":1.0},{"damage":0.0,"enemies":"Jaw Worm","floor":2.0,"turns":1.0},{"damage":0.0,"enemies":"Cultist","floor":3.0,"turns":1.0},{"damage":17.0,"enemies":"Exordium Thugs","floor":4.0,"turns":4.0},{"damage":13.0,"enemies":"3 Louse","floor":5.0,"turns":4.0},{"damage":36.0,"enemies":"3 Sentries","floor":7.0,"turns":10.0},{"damage":3.0,"enemies":"2 Fungi Beasts","floor":11.0,"turns":4.0},{"damage":1.0,"enemies":"Gremlin Gang","floor":14.0,"turns":5.0},{"damage":7.0,"enemies":"The Guardian","floor":16.0,"turns":8.0},{"damage":14.0,"enemies":"Spheric Guardian","floor":18.0,"turns":4.0},{"damage":19.0,"enemies":"2 Thieves","floor":21.0,"turns":4.0},{"damage":45.0,"enemies":"Slavers","floor":24.0,"turns":4.0},{"damage":8,"enemies":"Snecko","floor":25,"turns":3},{"damage":27,"enemies":"Gremlin Leader","floor":27,"turns":6},{"damage":28,"enemies":"Automaton","floor":33,"turns":6}],"seed_played":"-9081789329346562243","potions_obtained":[{"floor":1.0,"key":"Ancient Potion"},{"floor":2.0,"key":"Weak Potion"},{"floor":7.0,"key":"DuplicationPotion"},{"floor":14.0,"key":"Explosive Potion"},{"floor":16.0,"key":"Fruit Juice"},{"floor":18.0,"key":"SteroidPotion"}],"is_trial":false,"path_per_floor":["M","M","M","M","M","R","E","R","T","R","M","?","$","M","R","B",null,"M","?","?","M","$","R","E","M","T","E","R","?","$","?","R","B"],"character_chosen":"IRONCLAD","items_purchased":["Battle Trance","Clothesline"],"campfire_rested":2,"item_purchase_floors":[13,13],"current_hp_per_floor":[74,75,75,64,57,57,27,49,49,49,52,17,17,22,44,48,72,64,64,64,64,64,64,25,35,35,26,26,26,26,26,26,0,0],"gold":69,"neow_bonus":"THREE_ENEMY_KILL","is_daily":false,"chose_seed":false,"campfire_upgraded":5,"win_rate":0.0,"timestamp":1608125716,"path_taken":["M","M","M","M","M","R","E","R","T","R","M","?","$","M","R","BOSS","M","?","?","M","$","R","E","M","T","E","R","?","?","?","R","BOSS"],"items_purchased_type":["Card","Card"],"build_version":"2020-12-13","purchased_purges":3,"victory":false,"max_hp_per_floor":[75,75,75,75,75,75,75,75,75,75,75,75,75,75,75,80,80,80,80,80,80,80,80,80,80,80,80,80,80,80,80,80,80,80],"card_choices":[{"not_picked":["Pommel Strike","Entrench"],"picked":"Anger","floor":1.0},{"not_picked":["Rupture","Clash"],"picked":"Inflame","floor":2.0},{"not_picked":["Perfected Strike","Warcry"],"picked":"Armaments","floor":3.0},{"not_picked":["Iron Wave","Wild Strike"],"picked":"Twin Strike","floor":4.0},{"not_picked":["True Grit","Blood for Blood"],"picked":"Rage","floor":5.0},{"not_picked":["Anger","Wild Strike"],"picked":"Shockwave","floor":7.0},{"not_picked":["Cleave","Brutality","Hemokinesis"],"picked":"SKIP","floor":11.0},{"not_picked":["Armaments","Ghostly Armor"],"picked":"Inflame","floor":14.0},{"not_picked":["Corruption","Bludgeon"],"picked":"Offering","floor":16.0},{"not_picked":["Dropkick","True Grit"],"picked":"Body Slam","floor":18.0},{"not_picked":["Havoc+1","Entrench"],"picked":"Spot Weakness+1","floor":21.0},{"not_picked":["Clothesline","Berserk"],"picked":"Corruption","floor":24.0},{"not_picked":["Combust","Thunderclap","Perfected Strike"],"picked":"SKIP","floor":25},{"not_picked":["Sword Boomerang","Armaments"],"picked":"Flame Barrier","floor":27}],"player_experience":598139,"relics_obtained":[{"floor":7.0,"key":"Ornamental Fan"},{"floor":9.0,"key":"Matryoshka"},{"floor":24.0,"key":"Meat on the Bone"},{"floor":26,"key":"Paper Frog"},{"floor":26,"key":"CeramicFish"},{"floor":27,"key":"Juzu Bracelet"}],"event_choices":[{"damage_healed":0.0,"max_hp_gain":0.0,"max_hp_loss":0.0,"gold_gain":0.0,"event_name":"Scrap Ooze","player_choice":"Success","floor":12.0,"gold_loss":0.0,"damage_taken":35.0,"relics_obtained":["Champion Belt"]},{"damage_healed":0.0,"max_hp_gain":0.0,"max_hp_loss":0.0,"gold_gain":0.0,"event_name":"Vampires","player_choice":"Ignored","floor":19.0,"gold_loss":0.0,"damage_taken":0.0},{"damage_healed":0.0,"max_hp_gain":0.0,"max_hp_loss":0.0,"gold_gain":0.0,"event_name":"The Library","player_choice":"Read","floor":20.0,"gold_loss":0.0,"damage_taken":0.0,"cards_obtained":["Evolve"]},{"damage_healed":0,"gold_gain":0,"player_choice":"Ignored","damage_taken":0,"max_hp_gain":0,"max_hp_loss":0,"event_name":"The Mausoleum","floor":29,"gold_loss":0},{"damage_healed":0,"gold_gain":0,"cards_transformed":["Strike_R","Strike_R"],"player_choice":"Became Test Subject","damage_taken":0,"max_hp_gain":0,"max_hp_loss":0,"event_name":"Drug Dealer","floor":31,"gold_loss":0,"cards_obtained":["Reckless Charge","Immolate"]}],"is_beta":false,"boss_relics":[{"not_picked":["Pandora\u0027s Box","SlaversCollar"],"picked":"Coffee Dripper"}],"items_purged_floors":[13,22,30],"is_endless":false,"potions_floor_spawned":[1,2,7,14,16,18],"killed_by":"Automaton","ascension_level":16}}