{"host":"6csbbk4539itd1k2","time":1608122887,"event":{"mods":["BaseMod","Colored Powertips","Downfall","Googly Eyes","Hermit","Minty Spire (QoL Compilation)","Replay The Spire","StSLib","SuperFastMode","The Animator","The Bug Knight","The Cursed","The Hierophant","The Necromancer","The Servant 0.9.4"],"gold_per_floor":[99,10,10,25,37,37,37,37,54,54,67,78,94,115,135,237,237,237,249,276,38,38,55,82,115,131,170,189,133,133,150,175,278,278,278,298,298,433,433,433,515,573,605,626,650,92,92,104,131,131],"floor_reached":51,"playtime":7074,"items_purged":["hexamod:Strike"],"score":781,"play_id":"ba159d49-c166-4663-958c-fe8e4d75a3ed","local_time":"20201216134807","is_ascension_mode":false,"campfire_choices":[{"data":"hexamod:Float","floor":1,"key":"SMITH"},{"data":"hexamod:SearingWound","floor":6,"key":"SMITH"},{"data":"hexamod:HeatCrush","floor":8,"key":"SMITH"},{"data":"hexamod:Sear","floor":10,"key":"SMITH"},{"data":"hexamod:SpectralAdrenaline","floor":18,"key":"SMITH"},{"data":"hexamod:SoulSteal","floor":22,"key":"SMITH"},{"data":"hexamod:TimeOfNeed","floor":37,"key":"SMITH"},{"data":"hexamod:BurningTouch","floor":40,"key":"SMITH"}],"circlet_count":0,"master_deck":["hexamod:Strike","hexamod:Strike","hexamod:Strike","hexamod:Defend","hexamod:Defend","hexamod:Defend","hexamod:Defend","hexamod:Sear+1","hexamod:Float+1","hexamod:SearingWound+1","hexamod:HeatMetal","hexamod:HeatCrush+1","hexamod:Hexaguard","hexamod:BurningTouch","hexamod:BurningTouch+1","hexamod:ThirdSeal","hexamod:FourthSeal","hexamod:SpectersWail","hexamod:SpectralAdrenaline+1","hexamod:ThermalTransfer","hexamod:FifthSeal","hexamod:FirstSeal","hexamod:Hexaguard+1","hexamod:SpectersWail","hexamod:ThermalTransfer+1","hexamod:SecondSeal","hexamod:SoulSteal+1","hexamod:DynamicBlow+1","hexamod:Incineration+1","hexamod:ChargedBarrage+1","hexamod:HauntingEcho+1","hexamod:PhantomFireball+1","hexamod:SpectralAdrenaline+1","hexamod:TimeOfNeed+1","hexamod:SpectersWail+1","hexamod:GhostOfSpirePast+1","hexamod:VolcanoVisage+1","hexamod:Rewind"],"relics":["hexamod:SpiritBrand","TungstenRod","Odd Mushroom","Black Star","Molten Egg 2","Dream Catcher","Replay:Wax Seal","Replay:WaspNest","CaptainsWheel","Lantern","Centennial Puzzle","Coffee Dripper","Sling","Meat on the Bone","Unceasing Top","hexamod:InflammatoryLetter","Blood Vial","Bag of Preparation","Shuriken","TheAbacus"],"acts_visited":["Exordium","TheCity","TheBeyond"],"potions_floor_usage":[32,33,50],"damage_taken":[{"damage":0,"enemies":"downfall:FleeingMerchant","floor":2,"turns":4},{"damage":0,"enemies":"Cultist","floor":4,"turns":3},{"damage":5,"enemies":"2 Louse","floor":5,"turns":3},{"damage":0,"enemies":"Jaw Worm","floor":9,"turns":3},{"damage":0,"enemies":"Gremlin Gang","floor":11,"turns":6},{"damage":0,"enemies":"Exordium Thugs","floor":12,"turns":4},{"damage":7,"enemies":"Exordium Wildlife","floor":13,"turns":4},{"damage":26,"enemies":"The Mushroom Lair","floor":14,"turns":5},{"damage":0,"enemies":"2 Fungi Beasts","floor":15,"turns":3},{"damage":10,"enemies":"downfall:Ironclad","floor":16,"turns":5},{"damage":8,"enemies":"Shell Parasite","floor":19,"turns":7},{"damage":16,"enemies":"Replay:Snechameleon","floor":20,"turns":5},{"damage":0,"enemies":"downfall:FleeingMerchant","floor":21,"turns":4},{"damage":3,"enemies":"Chosen","floor":23,"turns":3},{"damage":22,"enemies":"Book of Stabbing","floor":25,"turns":6},{"damage":13,"enemies":"Centurion and Healer","floor":26,"turns":5},{"damage":0,"enemies":"Gremlin Leader","floor":27,"turns":5},{"damage":1,"enemies":"3 Cultists","floor":28,"turns":5},{"damage":0,"enemies":"downfall:FleeingMerchant","floor":29,"turns":4},{"damage":9,"enemies":"Cultist and Chosen","floor":31,"turns":6},{"damage":4,"enemies":"Snake Plant","floor":32,"turns":3},{"damage":11,"enemies":"downfall:Watcher","floor":33,"turns":5},{"damage":8,"enemies":"Orb Walker","floor":36,"turns":3},{"damage":5,"enemies":"downfall:FleeingMerchant","floor":38,"turns":3},{"damage":12,"enemies":"2 Orb Walkers","floor":42,"turns":5},{"damage":5,"enemies":"Nemesis","floor":43,"turns":3},{"damage":0,"enemies":"3 Darklings","floor":44,"turns":7},{"damage":25,"enemies":"Spire Growth","floor":45,"turns":4},{"damage":0,"enemies":"Sphere and 2 Shapes","floor":48,"turns":3},{"damage":7,"enemies":"Transient","floor":49,"turns":5},{"damage":19,"enemies":"downfall:Defect","floor":50,"turns":5}],"seed_played":"157548938702275283","potions_obtained":[{"floor":4,"key":"Weak Potion"},{"floor":9,"key":"AttackPotion"},{"floor":14,"key":"Strength Potion"},{"floor":15,"key":"Languid Potion"},{"floor":25,"key":"hexamod:DoubleChargePotion"},{"floor":26,"key":"FairyPotion"},{"floor":32,"key":"Toxic Potion"},{"floor":33,"key":"Elixir"},{"floor":36,"key":"Swift Potion"}],"is_trial":false,"path_per_floor":["R","$","?","M","M","R","T","R","M","R","M","M","M","?","M","B",null,"R","M","E","$","R","M","T","E","M","E","M","$","?","M","M","B",null,"R","M","R","$","?","R","T","?","E","M","M","$","?","M","M","B",null],"character_chosen":"THE_SPIRIT","items_purchased":["hexamod:HeatMetal","hexamod:SoulSteal","hexamod:DynamicBlow+1","hexamod:Incineration+1","hexamod:HauntingEcho+1","Sling","Bag of Preparation","Shuriken","TheAbacus"],"campfire_rested":0,"item_purchase_floors":[2,21,21,21,29,38,46,46,46],"current_hp_per_floor":[77,77,77,77,72,72,72,72,72,72,72,72,65,39,39,29,77,77,69,60,60,60,57,57,42,29,29,35,35,35,33,36,25,77,70,62,62,64,64,64,64,59,54,63,47,47,47,56,58,41],"gold":131,"neow_bonus":"TEN_PERCENT_HP_BONUS","is_daily":false,"chose_seed":false,"campfire_upgraded":8,"win_rate":0.0,"timestamp":1608122887,"path_taken":["R","?","?","M","M","R","T","R","?","R","M","M","M","?","M","BOSS","R","M","E","$","R","M","T","E","M","E","M","$","?","?","M","BOSS","R","M","R","$","?","R","T","?","E","M","M","$","?","?","M","BOSS"],"items_purchased_type":["Card","Card","Card","Card","Card","Relic","Relic","Relic","Relic"],"build_version":"2020-12-13","purchased_purges":1,"victory":true,"max_hp_per_floor":[77,77,77,77,77,77,77,77,77,77,77,77,77,77,77,77,77,77,77,77,77,77,77,77,77,77,77,77,77,77,77,77,77,77,77,77,77,77,77,77,77,77,77,77,77,77,77,77,77,77],"card_choices":[{"not_picked":["hexamod:GhostOfSpireFuture","hexamod:Again"],"picked":"hexamod:SearingWound","floor":2},{"not_picked":["hexamod:FastForward","hexamod:GhostShield"],"picked":"hexamod:HeatCrush","floor":4},{"not_picked":["hexamod:GhostOfSpirePast","hexamod:GhostShield"],"picked":"hexamod:Hexaguard","floor":5},{"not_picked":["hexamod:ShieldOfDarkness","hexamod:GhostLash","hexamod:FastForward"],"picked":"SKIP","floor":9},{"not_picked":["hexamod:HauntingEcho","hexamod:GhostOfSpirePresent"],"picked":"hexamod:BurningTouch","floor":11},{"not_picked":["hexamod:RainOfEmbers","hexamod:TurnItUp"],"picked":"hexamod:BurningTouch","floor":12},{"not_picked":["hexamod:GhostShield","hexamod:DynamicBlow"],"picked":"hexamod:ThirdSeal","floor":13},{"not_picked":["hexamod:ShieldOfDarkness","hexamod:GhostflameBarrier"],"picked":"hexamod:FourthSeal","floor":14},{"not_picked":["hexamod:GhostOfSpireFuture","hexamod:InspiringFlames"],"picked":"hexamod:SpectersWail","floor":14},{"not_picked":["hexamod:Again","hexamod:ThirdSeal"],"picked":"hexamod:SpectralAdrenaline","floor":15},{"not_picked":["hexamod:Firestarter","hexamod:GhostLash"],"picked":"hexamod:ThermalTransfer","floor":15},{"not_picked":["hexamod:VolcanoVisage","hexamod:SixthSeal"],"picked":"hexamod:FifthSeal","floor":16},{"not_picked":["hexamod:FourthSeal","hexamod:FifthSeal"],"picked":"hexamod:FirstSeal","floor":19},{"not_picked":["hexamod:RainOfEmbers","hexamod:FourthSeal"],"picked":"hexamod:Hexaguard+1","floor":19},{"not_picked":["hexamod:ShieldOfDarkness","hexamod:ThirdSeal"],"picked":"hexamod:SpectersWail","floor":19},{"not_picked":["hexamod:RecurringNightmare","hexamod:ShieldOfDarkness"],"picked":"hexamod:ThermalTransfer+1","floor":20},{"not_picked":["hexamod:ThirdSeal","hexamod:FirstSeal","hexamod:FifthSeal"],"picked":"SKIP","floor":20},{"not_picked":["hexamod:WildfireWeapon","hexamod:GhostShield","hexamod:InspiringFlames"],"picked":"SKIP","floor":20},{"not_picked":["hexamod:FirstSeal","hexamod:ThirdSeal"],"picked":"hexamod:SecondSeal","floor":21},{"not_picked":["hexamod:Hexaguard","hexamod:ThermalTransfer+1","hexamod:ParanormalForm"],"picked":"SKIP","floor":21},{"not_picked":["hexamod:GhostOfSpirePresent+1","hexamod:GhostShield","hexamod:RainOfEmbers+1"],"picked":"SKIP","floor":23},{"not_picked":["hexamod:Rewind","hexamod:FourthSeal","hexamod:NightmareStrike+1"],"picked":"SKIP","floor":23},{"not_picked":["hexamod:InspiringFlames","hexamod:RetreatToShadows","hexamod:ExtraCrispy+1"],"picked":"SKIP","floor":25},{"not_picked":["hexamod:FastForward","hexamod:FourthSeal","hexamod:ThermalTransfer+1"],"picked":"SKIP","floor":26},{"not_picked":["hexamod:InspiringFlames","hexamod:EtherealExpedition","hexamod:FastForward+1"],"picked":"SKIP","floor":26},{"not_picked":["hexamod:ThirdSeal","hexamod:FifthSeal","hexamod:FourthSeal"],"picked":"SKIP","floor":27},{"not_picked":["hexamod:FastForward","hexamod:ThirdSeal","hexamod:NightmareStrike+1"],"picked":"SKIP","floor":27},{"not_picked":["hexamod:SecondSeal","hexamod:ThirdSeal","hexamod:FirstSeal"],"picked":"SKIP","floor":28},{"not_picked":["hexamod:RadiantFlame","hexamod:AdvancingGuard","hexamod:PhantomCloak"],"picked":"SKIP","floor":28},{"not_picked":["hexamod:Firestarter+1","hexamod:FastForward"],"picked":"hexamod:ChargedBarrage+1","floor":29},{"not_picked":["hexamod:ThirdSeal","hexamod:SecondSeal","hexamod:GhostShield"],"picked":"SKIP","floor":29},{"not_picked":["hexamod:HauntingEcho+1","hexamod:SwordOfDarkness+1"],"picked":"hexamod:PhantomFireball+1","floor":31},{"not_picked":["hexamod:Rewind","hexamod:StepThrough+1"],"picked":"hexamod:SpectralAdrenaline","floor":31},{"not_picked":["hexamod:SecondSeal","hexamod:FifthSeal","hexamod:ThirdSeal"],"picked":"SKIP","floor":31},{"not_picked":["hexamod:BacktrackSmack+1","hexamod:InspiringFlames","hexamod:HauntingEcho+1"],"picked":"SKIP","floor":32},{"not_picked":["hexamod:BurningTouch","hexamod:ThermalTransfer+1","hexamod:Firestarter+1"],"picked":"SKIP","floor":32},{"not_picked":["hexamod:SearingWound","hexamod:TimeWarp+1"],"picked":"hexamod:TimeOfNeed","floor":33},{"not_picked":["hexamod:GhostLash+1","hexamod:Firestarter+1"],"picked":"hexamod:SpectersWail+1","floor":36},{"not_picked":["hexamod:BurningTouch+1","hexamod:FastForward","hexamod:RadiantFlame"],"picked":"SKIP","floor":36},{"not_picked":["hexamod:SpectersWail+1","hexamod:NightmareGuise+1"],"picked":"hexamod:GhostOfSpirePast+1","floor":38},{"not_picked":["hexamod:CatchUp","hexamod:NightmareGuise","hexamod:RetreatToShadows"],"picked":"SKIP","floor":38},{"not_picked":["hexamod:AdvancingGuard+1","hexamod:Haunt"],"picked":"hexamod:VolcanoVisage","floor":42},{"not_picked":["hexamod:PhantomCloak+1","hexamod:ThirdSeal"],"picked":"hexamod:Rewind","floor":43},{"not_picked":["hexamod:VolcanoVisage","hexamod:GhostLash+1","hexamod:NightmareGuise"],"picked":"SKIP","floor":43},{"not_picked":["hexamod:FirstSeal","hexamod:FourthSeal","hexamod:SecondSeal"],"picked":"SKIP","floor":44},{"not_picked":["hexamod:AdvancingGuard+1","hexamod:NightmareGuise","hexamod:Haunt"],"picked":"SKIP","floor":44},{"not_picked":["hexamod:NecessarySacrifice","hexamod:NightmareStrike+1","hexamod:Firestarter+1"],"picked":"SKIP","floor":45},{"not_picked":["hexamod:ThermalTransfer+1","hexamod:NightmareGuise","hexamod:BurningTouch+1"],"picked":"SKIP","floor":45},{"not_picked":["hexamod:BurningTouch","hexamod:PhantomCloak","hexamod:SpectersWail+1"],"picked":"SKIP","floor":48},{"not_picked":["hexamod:NightmareStrike+1","hexamod:SpectersWail+1","hexamod:FifthSeal"],"picked":"SKIP","floor":48},{"not_picked":["hexamod:Hexaguard","hexamod:BurningTouch+1","hexamod:HauntingEcho+1"],"picked":"SKIP","floor":49},{"not_picked":["hexamod:ThermalTransfer+1","hexamod:SwordOfDarkness+1","hexamod:SpectersWail+1"],"picked":"SKIP","floor":49}],"player_experience":142792,"relics_obtained":[{"floor":7,"key":"TungstenRod"},{"floor":14,"key":"Odd Mushroom"},{"floor":20,"key":"Molten Egg 2"},{"floor":20,"key":"Dream Catcher"},{"floor":24,"key":"Replay:Wax Seal"},{"floor":25,"key":"Replay:WaspNest"},{"floor":25,"key":"CaptainsWheel"},{"floor":27,"key":"Lantern"},{"floor":27,"key":"Centennial Puzzle"},{"floor":41,"key":"Meat on the Bone"},{"floor":42,"key":"Unceasing Top"},{"floor":43,"key":"hexamod:InflammatoryLetter"},{"floor":43,"key":"Blood Vial"}],"event_choices":[{"damage_healed":0,"gold_gain":0,"player_choice":"Ignored","damage_taken":0,"max_hp_gain":0,"max_hp_loss":0,"event_name":"NoteForYourself","floor":3,"gold_loss":0},{"damage_healed":0,"gold_gain":0,"player_choice":"Fought Mushrooms","damage_taken":0,"max_hp_gain":0,"max_hp_loss":0,"event_name":"Mushrooms","floor":14,"gold_loss":0},{"damage_healed":0,"gold_gain":0,"player_choice":"Fight","damage_taken":0,"max_hp_gain":0,"max_hp_loss":0,"event_name":"Mysterious Sphere","floor":42,"gold_loss":0},{"damage_healed":0,"gold_gain":0,"player_choice":"Upgraded","damage_taken":0,"max_hp_gain":0,"max_hp_loss":0,"event_name":"Upgrade Shrine","floor":47,"gold_loss":0,"cards_upgraded":["hexamod:VolcanoVisage"]}],"is_beta":false,"boss_relics":[{"not_picked":["Ring of Chaos","Runic Pyramid"],"picked":"Black Star"},{"not_picked":["Snecko Eye","Painkiller Herb"],"picked":"Coffee Dripper"}],"items_purged_floors":[38],"is_endless":false,"potions_floor_spawned":[4,9,14,15,16,19,26,28,31,32,33,36,42,44],"ascension_level":0}}