{"host":"mp3zbolja7t2zuvr","time":1608104957,"event":{"mods":["AchievementEnabler","BaseMod","Minty Spire (QoL Compilation)","Permanent Neow","Relic Stats","StSLib","Synergy Search"],"gold_per_floor":[115,130,143,143,143,143,168,168,240,268,278,289,59,59,59,159,159,178,178,178,195,195,195,195,195],"floor_reached":24,"playtime":804,"items_purged":[],"score":204,"play_id":"540e2c54-5824-453c-886a-10d51d0aa753","local_time":"20201216024917","is_ascension_mode":false,"campfire_choices":[{"data":"EmptyFist","floor":6.0,"key":"SMITH"},{"data":"CrushJoints","floor":8.0,"key":"SMITH"},{"data":"Omniscience","floor":15.0,"key":"SMITH"},{"data":"Conclude","floor":23,"key":"SMITH"}],"circlet_count":0,"master_deck":["Strike_P","Strike_P+1","Strike_P+1","Defend_P","Defend_P","Eruption+1","Vigilance","CutThroughFate","EmptyFist+1","CrushJoints+1","WheelKick","Halt","Tantrum","Conclude+1","Omniscience+1","Devotion","WaveOfTheHand+1"],"relics":["Black Star","Regal Pillow","Torii","Sundial","Tiny Chest","Whetstone","Vajra","Empty Cage","Eternal Feather"],"acts_visited":["Exordium","TheCity"],"potions_floor_usage":[],"damage_taken":[{"damage":8.0,"enemies":"Cultist","floor":1.0,"turns":5.0},{"damage":0.0,"enemies":"2 Louse","floor":2.0,"turns":3.0},{"damage":5.0,"enemies":"Small Slimes","floor":3.0,"turns":4.0},{"damage":13.0,"enemies":"Lagavulin","floor":7.0,"turns":5.0},{"damage":9.0,"enemies":"3 Sentries","floor":10.0,"turns":4.0},{"damage":1.0,"enemies":"2 Fungi Beasts","floor":11.0,"turns":2.0},{"damage":0.0,"enemies":"Exordium Wildlife","floor":12.0,"turns":3.0},{"damage":14.0,"enemies":"The Guardian","floor":16.0,"turns":7.0},{"damage":0.0,"enemies":"Spheric Guardian","floor":18.0,"turns":2.0},{"damage":21.0,"enemies":"2 Thieves","floor":21.0,"turns":4.0},{"damage":19,"enemies":"Book of Stabbing","floor":24,"turns":5}],"seed_played":"-9177673321922901766","potions_obtained":[{"floor":7.0,"key":"GamblersBrew"},{"floor":10.0,"key":"LiquidMemories"},{"floor":12.0,"key":"AttackPotion"},{"floor":21.0,"key":"Dexterity Potion"}],"is_trial":false,"path_per_floor":["M","M","M","?","?","R","E","R","T","E","M","M","$","?","R","B",null,"M","?","T","M","?","R","E"],"character_chosen":"WATCHER","items_purchased":["Conclude","Vajra"],"campfire_rested":0,"item_purchase_floors":[13,13],"current_hp_per_floor":[64,64,59,59,59,59,46,46,46,37,36,36,36,36,36,22,72,72,59,59,38,38,47,28,28],"gold":195,"neow_bonus":"BOSS_RELIC","is_daily":false,"chose_seed":false,"campfire_upgraded":4,"win_rate":0.0,"timestamp":1608104957,"path_taken":["M","?","M","?","?","R","E","R","T","E","M","?","$","?","R","BOSS","M","?","?","?","?","R","E"],"items_purchased_type":["Card","Relic"],"build_version":"2020-12-13","purchased_purges":0,"victory":false,"max_hp_per_floor":[72,72,72,72,72,72,72,72,72,72,72,72,72,72,72,72,72,72,77,77,77,77,77,77,77],"relic_stats":{"Regal Pillow":0,"Torii":13,"counters":[11,44],"Sundial":[4],"Tiny Chest":1,"Eternal Feather":9,"Black Star":2,"Whetstone":["Strike_P","Strike_P"],"obtain_stats":[{"Regal Pillow":7,"Torii":7,"Sundial":9,"Vajra":13,"Tiny Chest":10,"Eternal Feather":20,"Black Star":0,"Whetstone":10,"PureWater":0,"Empty Cage":17},{"Regal Pillow":4,"Torii":4,"Sundial":4,"Vajra":7,"Tiny Chest":5,"Eternal Feather":9,"Black Star":0,"Whetstone":5,"PureWater":0,"Empty Cage":8},{"Regal Pillow":17,"Torii":17,"Sundial":17,"Vajra":26,"Tiny Chest":21,"Eternal Feather":35,"Black Star":0,"Whetstone":21,"PureWater":0,"Empty Cage":33}]},"card_choices":[{"not_picked":["EmptyBody","Prostrate","Crescendo"],"picked":"SKIP","floor":1.0},{"not_picked":["ThirdEye","Collect"],"picked":"CutThroughFate","floor":2.0},{"not_picked":["EmptyBody","FlyingSleeves"],"picked":"EmptyFist","floor":3.0},{"not_picked":["ConjureBlade","Evaluate"],"picked":"CrushJoints","floor":7.0},{"not_picked":["CutThroughFate","Study"],"picked":"WheelKick","floor":10.0},{"not_picked":["BattleHymn","CrushJoints"],"picked":"Halt","floor":11.0},{"not_picked":["EmptyFist","BowlingBash"],"picked":"Tantrum","floor":12.0},{"not_picked":["Establishment","SpiritShield"],"picked":"Devotion","floor":16.0},{"not_picked":["Worship+1","Evaluate","Pray"],"picked":"SKIP","floor":18.0},{"not_picked":["DeceiveReality","Conclude"],"picked":"WaveOfTheHand+1","floor":21.0}],"player_experience":108894,"relics_obtained":[{"floor":7.0,"key":"Regal Pillow"},{"floor":7.0,"key":"Torii"},{"floor":9.0,"key":"Sundial"},{"floor":10.0,"key":"Tiny Chest"},{"floor":10.0,"key":"Whetstone"},{"floor":20.0,"key":"Eternal Feather"}],"event_choices":[{"damage_healed":0.0,"max_hp_gain":0.0,"max_hp_loss":0.0,"gold_gain":0.0,"event_name":"Golden Idol","player_choice":"Ignored","floor":4.0,"gold_loss":0.0,"damage_taken":0.0},{"damage_healed":0.0,"max_hp_gain":0.0,"max_hp_loss":0.0,"gold_gain":0.0,"event_name":"Upgrade Shrine","player_choice":"Upgraded","floor":5.0,"gold_loss":0.0,"damage_taken":0.0,"cards_upgraded":["Eruption"]},{"damage_healed":0.0,"max_hp_gain":0.0,"max_hp_loss":0.0,"gold_gain":0.0,"cards_transformed":["Defend_P"],"event_name":"Living Wall","player_choice":"Change","floor":14.0,"gold_loss":0.0,"damage_taken":0.0,"cards_obtained":["Omniscience"]},{"damage_healed":0.0,"max_hp_gain":5.0,"max_hp_loss":0.0,"gold_gain":0.0,"event_name":"Forgotten Altar","player_choice":"Shed Blood","floor":19.0,"gold_loss":0.0,"damage_taken":18.0},{"damage_healed":0,"gold_gain":0,"player_choice":"Ignored","damage_taken":0,"max_hp_gain":0,"max_hp_loss":0,"event_name":"The Mausoleum","floor":22,"gold_loss":0}],"is_beta":false,"boss_relics":[{"not_picked":["Runic Dome","Velvet Choker"],"picked":"Empty Cage"}],"items_purged_floors":[],"is_endless":false,"potions_floor_spawned":[7,10,12,21],"killed_by":"Book of Stabbing","ascension_level":0}}