{"host":"g8zw5beq5mqt80bj","time":1608114630,"event":{"mods":["2.2 Compatiblity","AchievementEnabler","BaseMod","Colored Map","Colored Powertips","DeckTracker","Highlight Path","Minty Spire (QoL Compilation)","Quick Restart","Random Character Button","Rare Cards Sparkle"],"gold_per_floor":[116,130,130,149,165,193,205,230,268,280,292,323,31,55,55,175,175,195,195,211,52,68,68,68,68,116,215,229,249,262,303,303,432,432,447,447,470,488,488,488,513,531,531,0,0,0,0,15,15,15],"floor_reached":51,"playtime":3972,"items_purged":[],"score":698,"play_id":"31f04a84-7e95-46e8-bf26-c07d537a4151","local_time":"20201216113030","is_ascension_mode":false,"campfire_choices":[{"floor":7.0,"key":"REST"},{"floor":11.0,"key":"REST"},{"floor":15.0,"key":"REST"},{"floor":23.0,"key":"REST"},{"data":"White Noise","floor":25.0,"key":"SMITH"},{"floor":32.0,"key":"REST"},{"data":"Rainbow","floor":40.0,"key":"SMITH"},{"data":"Defragment","floor":45.0,"key":"SMITH"},{"data":"Thunder Strike","floor":49.0,"key":"SMITH"}],"circlet_count":0,"master_deck":["Strike_B","Strike_B","Strike_B","Strike_B","Defend_B","Defend_B","Defend_B","Defend_B","Zap","Dualcast","Cold Snap","White Noise+1","Redo","Steam","Coolheaded","FTL","Coolheaded","FTL","Electrodynamics","Ball Lightning+1","Thunder Strike+1","Defragment+1","Bandage Up","Cold Snap+1","Coolheaded+1","Double Energy","Chill","Sunder+1","Rainbow+1","Coolheaded+1","Go for the Eyes","Storm+1","Madness","Madness","Darkness+1","Amplify","Apotheosis+1","Impatience+1","Turbo+1","Melter","Stack+1"],"relics":["Cracked Core","Orichalcum","Dead Branch","Oddly Smooth Stone","Golden Idol","Vajra","OrangePellets","Nuclear Battery","Nloth\u0027s Gift","Bird Faced Urn","Omamori","Anchor","Philosopher\u0027s Stone","Toxic Egg 2","Toolbox","Art of War"],"acts_visited":["Exordium","TheCity","TheBeyond"],"potions_floor_usage":[50,50,50],"damage_taken":[{"damage":2.0,"enemies":"Jaw Worm","floor":1.0,"turns":3.0},{"damage":0.0,"enemies":"Cultist","floor":2.0,"turns":3.0},{"damage":1.0,"enemies":"2 Louse","floor":4.0,"turns":2.0},{"damage":16.0,"enemies":"Exordium Wildlife","floor":5.0,"turns":4.0},{"damage":14.0,"enemies":"Gremlin Nob","floor":6.0,"turns":4.0},{"damage":13.0,"enemies":"2 Fungi Beasts","floor":8.0,"turns":4.0},{"damage":0.0,"enemies":"Lots of Slimes","floor":12.0,"turns":1.0},{"damage":3.0,"enemies":"Exordium Thugs","floor":14.0,"turns":4.0},{"damage":56.0,"enemies":"The Guardian","floor":16.0,"turns":15.0},{"damage":6.0,"enemies":"Shell Parasite","floor":18.0,"turns":4.0},{"damage":18.0,"enemies":"3 Byrds","floor":20.0,"turns":3.0},{"damage":0.0,"enemies":"Shelled Parasite and Fungi","floor":22.0,"turns":5.0},{"damage":6.0,"enemies":"Centurion and Healer","floor":28.0,"turns":5.0},{"damage":2.0,"enemies":"3 Cultists","floor":29.0,"turns":3.0},{"damage":5.0,"enemies":"Snecko","floor":30.0,"turns":5.0},{"damage":23.0,"enemies":"Slavers","floor":31.0,"turns":5.0},{"damage":32.0,"enemies":"Automaton","floor":33.0,"turns":12.0},{"damage":5.0,"enemies":"3 Darklings","floor":35.0,"turns":3.0},{"damage":1.0,"enemies":"Orb Walker","floor":37.0,"turns":3.0},{"damage":11.0,"enemies":"4 Shapes","floor":38.0,"turns":5.0},{"damage":0.0,"enemies":"Sphere and 2 Shapes","floor":41.0,"turns":3.0},{"damage":16.0,"enemies":"Maw","floor":42.0,"turns":7.0},{"damage":0.0,"enemies":"Spire Growth","floor":48.0,"turns":4.0},{"damage":25,"enemies":"Time Eater","floor":50,"turns":6}],"seed_played":"-8795683892296345868","potions_obtained":[{"floor":2.0,"key":"DistilledChaos"},{"floor":5.0,"key":"SpeedPotion"},{"floor":6.0,"key":"Explosive Potion"},{"floor":12.0,"key":"SmokeBomb"},{"floor":18.0,"key":"ColorlessPotion"},{"floor":22.0,"key":"Energy Potion"},{"floor":28.0,"key":"FocusPotion"},{"floor":30.0,"key":"FocusPotion"},{"floor":35.0,"key":"FocusPotion"}],"is_trial":false,"path_per_floor":["M","M","?","M","M","E","R","M","T","?","R","M","$","M","R","B",null,"M","?","M","$","M","R","T","R","T","?","M","M","M","E","R","B",null,"M","?","M","M","?","R","M","M","T","$","R","$","T","M","R","B",null],"character_chosen":"DEFECT","items_purchased":["Vajra","OrangePellets","Defragment","Bandage Up","Apotheosis+1","Toolbox","Impatience+1","Turbo+1","Melter"],"campfire_rested":5,"item_purchase_floors":[13,13,21,21,44,44,44,44,44],"current_hp_per_floor":[73,73,73,72,56,42,64,51,51,33,55,55,55,52,74,18,75,69,69,51,51,55,75,75,75,75,75,69,75,72,57,75,46,75,74,74,75,74,65,65,73,65,65,65,65,65,65,73,73,58],"gold":15,"neow_bonus":"RANDOM_COMMON_RELIC","is_daily":false,"chose_seed":false,"campfire_upgraded":4,"win_rate":0.0,"timestamp":1608114630,"path_taken":["M","M","?","?","?","E","R","M","T","?","R","M","?","M","R","BOSS","M","?","?","$","M","R","?","R","T","?","M","M","M","E","R","BOSS","M","?","M","?","?","R","M","M","T","?","R","?","?","M","R","BOSS"],"items_purchased_type":["Relic","Relic","Card","Card","Card","Relic","Card","Card","Card"],"build_version":"2020-12-13","purchased_purges":0,"victory":true,"max_hp_per_floor":[75,75,75,75,75,75,75,75,75,75,75,75,75,75,75,75,75,75,75,75,75,75,75,75,75,75,75,75,75,75,75,75,75,75,75,75,75,75,75,75,75,75,75,75,75,75,75,75,75,75],"card_choices":[{"not_picked":["Sweeping Beam","Compile Driver"],"picked":"Cold Snap","floor":1.0},{"not_picked":["Recycle","Redo"],"picked":"White Noise","floor":2.0},{"not_picked":["Gash","Hologram"],"picked":"Redo","floor":4.0},{"not_picked":["Beam Cell","Creative AI"],"picked":"Steam","floor":5.0},{"not_picked":["Reprogram","Static Discharge"],"picked":"Coolheaded","floor":6.0},{"not_picked":["Auto Shields","Storm"],"picked":"FTL","floor":8.0},{"not_picked":["Gash","Hologram"],"picked":"Coolheaded","floor":12.0},{"not_picked":["Streamline","Turbo"],"picked":"FTL","floor":14.0},{"not_picked":["Creative AI","Multi-Cast"],"picked":"Electrodynamics","floor":16.0},{"not_picked":["Conserve Battery","Genetic Algorithm"],"picked":"Ball Lightning+1","floor":18.0},{"not_picked":["Capacitor","Redo"],"picked":"Thunder Strike","floor":20.0},{"not_picked":["Gash","Barrage"],"picked":"Cold Snap+1","floor":22.0},{"not_picked":["Reprogram","Streamline"],"picked":"Coolheaded+1","floor":28.0},{"not_picked":["Ball Lightning","Reinforced Body+1"],"picked":"Double Energy","floor":29.0},{"not_picked":["Reprogram","Hologram"],"picked":"Chill","floor":30.0},{"not_picked":["Redo","Reprogram"],"picked":"Sunder+1","floor":31.0},{"not_picked":["Electrodynamics","All For One"],"picked":"Rainbow","floor":33.0},{"not_picked":["Rebound+1","Hologram"],"picked":"Coolheaded+1","floor":35.0},{"not_picked":["Aggregate","Gash+1"],"picked":"Go for the Eyes","floor":37.0},{"not_picked":["Coolheaded+1","Genetic Algorithm"],"picked":"Storm+1","floor":38.0},{"not_picked":["Stack","Aggregate"],"picked":"Darkness+1","floor":41.0},{"not_picked":["Doom and Gloom","Sweeping Beam+1"],"picked":"Amplify","floor":42.0},{"not_picked":["Ball Lightning","Hologram+1"],"picked":"Stack+1","floor":48.0}],"player_experience":98887,"relics_obtained":[{"floor":6.0,"key":"MawBank"},{"floor":9.0,"key":"Oddly Smooth Stone"},{"floor":24.0,"key":"Bird Faced Urn"},{"floor":26.0,"key":"Omamori"},{"floor":31.0,"key":"Anchor"},{"floor":43.0,"key":"Toxic Egg 2"},{"floor":47.0,"key":"Art of War"}],"event_choices":[{"damage_healed":0.0,"max_hp_gain":0.0,"max_hp_loss":0.0,"gold_gain":0.0,"event_name":"WeMeetAgain","player_choice":"Gave Potion","floor":3.0,"gold_loss":0.0,"damage_taken":0.0,"relics_obtained":["Dead Branch"]},{"damage_healed":0.0,"max_hp_gain":0.0,"max_hp_loss":0.0,"gold_gain":0.0,"event_name":"Golden Idol","player_choice":"Take Damage","floor":10.0,"gold_loss":0.0,"damage_taken":18.0,"relics_obtained":["Golden Idol"]},{"damage_healed":0.0,"max_hp_gain":0.0,"max_hp_loss":0.0,"gold_gain":0.0,"event_name":"N\u0027loth","player_choice":"Traded Relic","floor":19.0,"relics_lost":["MawBank"],"gold_loss":0.0,"damage_taken":0.0,"relics_obtained":["Nloth\u0027s Gift"]},{"damage_healed":0.0,"max_hp_gain":0.0,"max_hp_loss":0.0,"gold_gain":99.0,"event_name":"Nest","player_choice":"Stole From Cult","floor":27.0,"gold_loss":0.0,"damage_taken":0.0},{"damage_healed":0.0,"max_hp_gain":0.0,"max_hp_loss":0.0,"gold_gain":0.0,"event_name":"Lab","player_choice":"Got Potions","floor":36.0,"gold_loss":0.0,"damage_taken":0.0},{"damage_healed":0.0,"max_hp_gain":0.0,"max_hp_loss":0.0,"gold_gain":0.0,"event_name":"Winding Halls","player_choice":"Embrace Madness","floor":39.0,"gold_loss":0.0,"damage_taken":9.0,"cards_obtained":["Madness","Madness"]}],"is_beta":false,"boss_relics":[{"not_picked":["Ectoplasm","Inserter"],"picked":"Nuclear Battery"},{"not_picked":["Runic Pyramid","Coffee Dripper"],"picked":"Philosopher\u0027s Stone"}],"items_purged_floors":[],"is_endless":false,"potions_floor_spawned":[2,5,6,12,18,22,28,30,31,35,42],"ascension_level":0}}