{"host":"wonp23fsqqcu31ie","time":1608160954,"event":{"mods":["2.2 Compatiblity","AchievementEnabler","Aspiration","BaseMod","Bestiary","Better Altar","Better Match","Better Sensory Stone","Better Skull","Better Third Choice","BetterRewards","Block Reminder","Colored Map","Colored Powertips","Conspire","DeckTracker","Displayed Cursed Tome","Downfall","Hermit","Highlight Path","Hubris","Minty Spire (QoL Compilation)","Permanent Neow","Quick Restart","Rare Cards Sparkle","Relic Stats","Replay The Spire","Shade Mod","Shop Mod","StSLib","SuperFastMode","The Animator","The Cursed","The Gatherer","The Necromancer","The Runesmith","The Servant 0.9.4"],"gold_per_floor":[111,189,259,272,272,272,291,319,319,348,348,365,96,107,107,205,205,220,31,81,96,39,51,82,93,119,134,134,134,134,34,34,136,136,156,170,170,9,22,22,48,64,64,96,96,96,96,46,46,73,73,73,73,105,124],"floor_reached":56,"playtime":1941,"items_purged":["Decay","Sickly","Pain"],"score":1272,"play_id":"acf4cba1-e864-4600-b2cc-ead98e15c3fd","local_time":"20201217102234","is_ascension_mode":true,"campfire_choices":[{"floor":6.0,"key":"RECALL"},{"floor":15.0,"key":"REST"},{"floor":28.0,"key":"REST"},{"floor":32.0,"key":"REST"},{"floor":40.0,"key":"REST"},{"data":"Runesmith:UnlimitedPower","floor":46.0,"key":"SMITH"},{"data":"Runesmith:LightningRod","floor":49.0,"key":"SMITH"}],"circlet_count":0,"master_deck":["Runesmith:Strike_RS","Runesmith:Strike_RS","Runesmith:Strike_RS","Runesmith:Defend_RS","Runesmith:Defend_RS","Runesmith:Defend_RS","Runesmith:Defend_RS","Runesmith:CraftFirestone","Runesmith:Fortify","Runesmith:Superposition","Runesmith:CraftMagma","Runesmith:BackupBattery","Runesmith:EnergizedChisel","Runesmith:Firewall","Runesmith:DoubleUp","Runesmith:FieryHammer","Runesmith:Augment","Runesmith:LightningRod+1","CurseOfTheBell","Runesmith:HammerTime+1","Runesmith:UnstableHammer+1","Runesmith:UnstableHammer+1","Runesmith:GoWithTheFlow","Runesmith:Repurpose","Runesmith:Reinforce","Runesmith:HeatExchange+1","Runesmith:UnlimitedPower+1","Runesmith:Permafrost+1","Barrage","animator:Curse_Nutcracker","Glacier+1","Leap+1","Blizzard+1","animator:Curse_GriefSeed","Thunder Strike","expansioncontent:DefensiveMode","Transmutation","conspire:SpireCoStock"],"relics":["Runesmith:BrokenRuby","Cracked Core","conspire:Dentures","aspiration:HummingbirdHeart","aspiration:FrozenJewel","MerchantsRug","Happy Flower","Dream Catcher","Replay:Ringing Soul","ReplayTheSpireMod:Lightbulb","aspiration:Lifesprig","aspiration:HatOfInfinitePower","MealTicket","Ring of Misfortune","ReplayTheSpireMod:Ring of Addiction","White Beast Statue","Chameleon Ring","Cursed Key","hubris:CrackedHourglass","aspiration:DefectSkillbook","SlaversCollar","WarpedTongs","ReplayTheSpireMod:CursedCoin","Turnip","Anchor","hubris:GlazedTorus","ReplayFunnel","Replay:Bottled Eggs"],"acts_visited":["Exordium","TheCity","TheBeyond","TheEnding"],"potions_floor_usage":[55,55,55,55,55],"damage_taken":[{"damage":0.0,"enemies":"2 Louse","floor":1.0,"turns":3.0},{"damage":0.0,"enemies":"Jaw Worm","floor":4.0,"turns":2.0},{"damage":5.0,"enemies":"Small Slimes","floor":7.0,"turns":3.0},{"damage":55.0,"enemies":"Gremlin Nob","floor":8.0,"turns":5.0},{"damage":7.0,"enemies":"Lagavulin","floor":10.0,"turns":6.0},{"damage":0.0,"enemies":"Red Slaver","floor":12.0,"turns":3.0},{"damage":0.0,"enemies":"Large Slime","floor":14.0,"turns":3.0},{"damage":1.0,"enemies":"Hexaghost","floor":16.0,"turns":12.0},{"damage":1.0,"enemies":"3 Byrds","floor":18.0,"turns":5.0},{"damage":0.0,"enemies":"conspire:FuzzyDice","floor":21.0,"turns":7.0},{"damage":8.0,"enemies":"Centurion and Healer","floor":23.0,"turns":6.0},{"damage":46.0,"enemies":"Book of Stabbing","floor":24.0,"turns":7.0},{"damage":7.0,"enemies":"Snake Plant","floor":25.0,"turns":4.0},{"damage":0.0,"enemies":"Snecko","floor":27.0,"turns":4.0},{"damage":46.0,"enemies":"Automaton","floor":33.0,"turns":10.0},{"damage":0.0,"enemies":"Orb Walker","floor":35.0,"turns":3.0},{"damage":1.0,"enemies":"3 Darklings","floor":36.0,"turns":4.0},{"damage":0.0,"enemies":"Jaw Worm Horde","floor":39.0,"turns":2.0},{"damage":0.0,"enemies":"Reptomancer","floor":41.0,"turns":4.0},{"damage":9.0,"enemies":"Sphere and 2 Shapes","floor":42.0,"turns":4.0},{"damage":0.0,"enemies":"Nemesis","floor":44.0,"turns":7.0},{"damage":0.0,"enemies":"Replay:Hell Engine","floor":50.0,"turns":8.0},{"damage":23,"enemies":"Shield and Spear","floor":54,"turns":8},{"damage":5,"enemies":"The Heart","floor":55,"turns":8}],"seed_played":"5949967141430191410","potions_obtained":[{"floor":7.0,"key":"SpeedPotion"},{"floor":8.0,"key":"Energy Potion"},{"floor":12.0,"key":"Elixir"},{"floor":23.0,"key":"Weak Potion"},{"floor":24.0,"key":"sneckomod:MuddlingPotion"},{"floor":25.0,"key":"Doom Potion"},{"floor":29.0,"key":"Elixir"},{"floor":29.0,"key":"Strength Potion"},{"floor":29.0,"key":"FearPotion"},{"floor":33.0,"key":"SteroidPotion"},{"floor":35.0,"key":"Regen Potion"},{"floor":36.0,"key":"Explosive Potion"},{"floor":39.0,"key":"Fruit Juice"},{"floor":41.0,"key":"AttackPotion"},{"floor":42.0,"key":"Guardian:BlockOnCardUsePotion"},{"floor":52,"key":"Ancient Potion"},{"floor":52,"key":"DistilledChaos"}],"is_trial":false,"path_per_floor":["M","?","T","M","?","R","M","E","T","E","?","M","$","M","R","B",null,"M","$","T","M","$","M","E","M","T","M","R","?","?","$","R","B",null,"M","M","?","$","M","R","E","M","T","E","?","R","?","?","R","B",null,"R","$","E","B",null],"character_chosen":"RUNESMITH_CLASS","items_purchased":["MerchantsRug","Happy Flower","Potion Belt","aspiration:Lifesprig","ReplayTheSpireMod:CursedCoin","Turnip"],"campfire_rested":4,"item_purchase_floors":[13,13,19,22,38,38],"current_hp_per_floor":[70,70,70,70,70,70,65,10,10,3,3,3,3,3,24,23,70,72,72,72,75,75,70,24,20,20,23,51,54,54,69,94,49,95,98,100,102,105,115,118,118,112,115,118,125,123,126,129,127,127,127,127,127,102,123],"gold":124,"neow_bonus":"NOSTALGIA","is_daily":false,"chose_seed":false,"campfire_upgraded":2,"win_rate":0.0,"timestamp":1608160954,"path_taken":["M","?","?","M","?","R","?","E","T","E","?","M","$","M","R","BOSS","M","$","?","M","$","M","E","M","T","M","R","?","?","?","R","BOSS","M","M","?","$","?","R","E","M","T","E","?","R","?","?","R","BOSS","R","$","E","BOSS"],"items_purchased_type":["Relic","Relic","Relic","Relic","Relic","Relic"],"build_version":"2020-12-13","purchased_purges":3,"victory":true,"max_hp_per_floor":[70,70,70,70,70,70,70,70,70,70,70,70,70,70,70,70,70,73,73,73,76,76,79,79,82,82,85,88,91,91,91,94,95,95,98,101,102,105,115,118,118,121,122,125,125,123,126,129,127,127,127,127,127,125,125],"relic_stats":{"Dream Catcher":3,"Happy Flower":[35],"counters":[24,127],"MealTicket":15,"Turnip":[7],"Cursed Key":1,"obtain_stats":[{"ReplayFunnel":44,"aspiration:Lifesprig":22,"Cursed Key":34,"Replay:Ringing Soul":17,"Dream Catcher":17,"Chameleon Ring":29,"aspiration:DefectSkillbook":34,"hubris:AstralHammer":17,"MealTicket":26,"Replay:Bottled Eggs":54,"Cracked Core":0,"hubris:GlazedTorus":43,"conspire:Dentures":3,"Potion Belt":19,"MerchantsRug":13,"Runesmith:BrokenRuby":0,"Happy Flower":13,"aspiration:Nostalgia":0,"ReplayTheSpireMod:CursedCoin":38,"ReplayTheSpireMod:Ring of Addiction":29,"Replay:Grab Bag":34,"aspiration:HummingbirdHeart":8,"aspiration:FrozenJewel":10,"White Beast Statue":29,"WarpedTongs":37,"Calling Bell":17,"SlaversCollar":34,"Anchor":41,"Ring of Misfortune":29,"Turnip":38,"hubris:CrackedHourglass":34,"ReplayTheSpireMod:Lightbulb":20,"aspiration:HatOfInfinitePower":24},{"ReplayFunnel":21,"aspiration:Lifesprig":10,"Cursed Key":15,"Replay:Ringing Soul":8,"Dream Catcher":8,"Chameleon Ring":14,"aspiration:DefectSkillbook":15,"hubris:AstralHammer":8,"MealTicket":13,"Replay:Bottled Eggs":23,"Cracked Core":0,"hubris:GlazedTorus":20,"conspire:Dentures":1,"Potion Belt":9,"MerchantsRug":6,"Runesmith:BrokenRuby":0,"Happy Flower":6,"aspiration:Nostalgia":0,"ReplayTheSpireMod:CursedCoin":17,"ReplayTheSpireMod:Ring of Addiction":14,"Replay:Grab Bag":15,"aspiration:HummingbirdHeart":4,"aspiration:FrozenJewel":5,"White Beast Statue":14,"WarpedTongs":17,"Calling Bell":8,"SlaversCollar":15,"Anchor":19,"Ring of Misfortune":14,"Turnip":17,"hubris:CrackedHourglass":15,"ReplayTheSpireMod:Lightbulb":9,"aspiration:HatOfInfinitePower":12},{"ReplayFunnel":104,"aspiration:Lifesprig":49,"Cursed Key":80,"Replay:Ringing Soul":37,"Dream Catcher":37,"Chameleon Ring":70,"aspiration:DefectSkillbook":80,"hubris:AstralHammer":37,"MealTicket":66,"Replay:Bottled Eggs":119,"Cracked Core":0,"hubris:GlazedTorus":97,"conspire:Dentures":3,"Potion Belt":42,"MerchantsRug":22,"Runesmith:BrokenRuby":0,"Happy Flower":22,"aspiration:Nostalgia":0,"ReplayTheSpireMod:CursedCoin":87,"ReplayTheSpireMod:Ring of Addiction":70,"Replay:Grab Bag":80,"aspiration:HummingbirdHeart":13,"aspiration:FrozenJewel":19,"White Beast Statue":70,"WarpedTongs":87,"Calling Bell":37,"SlaversCollar":80,"Anchor":93,"Ring of Misfortune":70,"Turnip":87,"hubris:CrackedHourglass":80,"ReplayTheSpireMod:Lightbulb":42,"aspiration:HatOfInfinitePower":62}],"WarpedTongs":[39]},"card_choices":[{"not_picked":["Runesmith:RuneHurl","Runesmith:Permafrost"],"picked":"Runesmith:Superposition","floor":1.0},{"not_picked":["Runesmith:Overpower","Runesmith:Repurpose"],"picked":"Runesmith:CraftMagma","floor":4.0},{"not_picked":["Runesmith:Empowerment","Runesmith:Repurpose"],"picked":"Runesmith:BackupBattery","floor":7.0},{"not_picked":["Runesmith:Grindstone","Runesmith:HeatExchange"],"picked":"Runesmith:EnergizedChisel","floor":8.0},{"not_picked":["Runesmith:DoubleUp","Runesmith:GenerateForcefield"],"picked":"Runesmith:Firewall","floor":10.0},{"not_picked":["Runesmith:StaticCage","Runesmith:Electrocute"],"picked":"Runesmith:FieryHammer","floor":12.0},{"not_picked":["Runesmith:ShiftingStrike","Runesmith:BackupBattery"],"picked":"Runesmith:Augment","floor":14.0},{"not_picked":["Runesmith:LastStand","Runesmith:Supernova"],"picked":"Runesmith:LightningRod","floor":16.0},{"not_picked":["Runesmith:BackupBattery+1","Runesmith:UnstableHammer"],"picked":"Runesmith:HammerTime","floor":18.0},{"not_picked":["Runesmith:CraftProtectio","Runesmith:Repurpose"],"picked":"Runesmith:UnstableHammer","floor":21.0},{"not_picked":["Runesmith:LastStand","Runesmith:Attraction"],"picked":"Runesmith:UnstableHammer","floor":23.0},{"not_picked":["Runesmith:HeatExchange","Runesmith:Repurpose","Runesmith:Attraction"],"picked":"SKIP","floor":24.0},{"not_picked":["Runesmith:ChiselStab","Runesmith:EnergizedChisel"],"picked":"Runesmith:GoWithTheFlow","floor":25.0},{"not_picked":["Runesmith:HammerTime","Runesmith:ElementalConversion"],"picked":"Runesmith:Repurpose","floor":27.0},{"not_picked":["Runesmith:UnstableHammer","Runesmith:FrozenChisel"],"picked":"Runesmith:Reinforce","floor":28.0},{"not_picked":["Runesmith:CraftReservo","Runesmith:Superposition"],"picked":"Runesmith:HeatExchange+1","floor":32.0},{"not_picked":["Runesmith:CraftIndustria","Runesmith:ArcReactor"],"picked":"Runesmith:UnlimitedPower","floor":33.0},{"not_picked":["Compile Driver+1","Conserve Battery+1","Runesmith:HeatExchange+1"],"picked":"Runesmith:Permafrost+1","floor":35.0},{"not_picked":["Runesmith:Grindstone","Gash+1","hubris:Ukulele+1"],"picked":"Barrage","floor":36.0},{"not_picked":["Leap","Runesmith:Grindstone","Runesmith:HammerThrow+1"],"picked":"Glacier+1","floor":39.0},{"not_picked":["Runesmith:Overpower+1","Runesmith:UnstableHammer","Runesmith:Refine"],"picked":"Leap+1","floor":40.0},{"not_picked":["Runesmith:ShiftingStrike","Reinforced Body+1","Runesmith:Repurpose","BootSequence"],"picked":"SKIP","floor":41.0},{"not_picked":["Runesmith:ShiftingStrike+1","Runesmith:RuneHurl+1","Hello World+1"],"picked":"Blizzard+1","floor":42.0},{"not_picked":["Runesmith:Repurpose+1","Fusion","Rebound"],"picked":"Thunder Strike","floor":44.0},{"not_picked":["Master of Strategy","Dramatic Entrance","expansioncontent:DecasProtection"],"picked":"expansioncontent:DefensiveMode","floor":47.0},{"not_picked":["Replay:SS_hec_2","expansioncontent:HyperBeam","Impatience"],"picked":"Transmutation","floor":47.0},{"not_picked":["hubris:PowerSurge","Defragment+1","Runesmith:Overpower","Runesmith:Repurpose+1"],"picked":"SKIP","floor":54}],"player_experience":620084,"relics_obtained":[{"floor":3.0,"key":"conspire:Dentures"},{"floor":8.0,"key":"aspiration:HummingbirdHeart"},{"floor":10.0,"key":"aspiration:FrozenJewel"},{"floor":17.0,"key":"Dream Catcher"},{"floor":17.0,"key":"Replay:Ringing Soul"},{"floor":17.0,"key":"hubris:AstralHammer"},{"floor":20.0,"key":"ReplayTheSpireMod:Lightbulb"},{"floor":24.0,"key":"aspiration:HatOfInfinitePower"},{"floor":26.0,"key":"MealTicket"},{"floor":29.0,"key":"Ring of Misfortune"},{"floor":29.0,"key":"ReplayTheSpireMod:Ring of Addiction"},{"floor":29.0,"key":"White Beast Statue"},{"floor":29.0,"key":"Chameleon Ring"},{"floor":41.0,"key":"Anchor"},{"floor":43.0,"key":"hubris:GlazedTorus"},{"floor":44.0,"key":"ReplayFunnel"},{"floor":54,"key":"Replay:Bottled Eggs"}],"event_choices":[{"damage_healed":0.0,"max_hp_gain":0.0,"max_hp_loss":0.0,"gold_gain":78.0,"event_name":"Golden Wing","player_choice":"Gained Gold","floor":2.0,"gold_loss":0.0,"damage_taken":0.0},{"damage_healed":0.0,"max_hp_gain":0.0,"max_hp_loss":0.0,"gold_gain":0.0,"event_name":"Wheel of Change","player_choice":"Cursed","floor":5.0,"gold_loss":0.0,"damage_taken":0.0,"cards_obtained":["Decay"]},{"damage_healed":0.0,"max_hp_gain":0.0,"max_hp_loss":0.0,"gold_gain":0.0,"cards_transformed":["Runesmith:Strike_RS"],"event_name":"Transmorgrifier","player_choice":"Transformed","floor":11.0,"gold_loss":0.0,"damage_taken":0.0,"cards_obtained":["Runesmith:DoubleUp"]},{"damage_healed":0.0,"max_hp_gain":0.0,"max_hp_loss":0.0,"gold_gain":0.0,"event_name":"Accursed Blacksmith","player_choice":"Rummage","floor":37.0,"gold_loss":0.0,"damage_taken":0.0,"relics_obtained":["WarpedTongs"],"cards_obtained":["Pain"]},{"damage_healed":0.0,"max_hp_gain":0.0,"max_hp_loss":0.0,"gold_gain":3.0,"event_name":"betterStone:BetterStone","player_choice":"1","floor":47.0,"gold_loss":0.0,"damage_taken":0.0},{"damage_healed":0.0,"max_hp_gain":0.0,"max_hp_loss":0.0,"gold_gain":0.0,"event_name":"conspire:Investor","player_choice":"Invest 1","floor":48.0,"gold_loss":0.0,"damage_taken":0.0}],"is_beta":false,"boss_relics":[{"not_picked":["hubris:VirtuousBlindfold","SacredBark"],"picked":"Calling Bell"},{"not_picked":["Pandora\u0027s Box","aspiration:RitualDagger"],"picked":"Replay:Grab Bag"},{"not_picked":["Coffee Dripper","Fusion Hammer"],"picked":"Cursed Key"},{"not_picked":["Runic Dome","Philosopher\u0027s Stone"],"picked":"hubris:CrackedHourglass"},{"not_picked":["conspire:RunicOctahedron","Kintsugi"],"picked":"aspiration:DefectSkillbook"},{"not_picked":["Runesmith:PocketReactor","aspiration:SecretTechniqueScroll"],"picked":"SlaversCollar"}],"items_purged_floors":[19,31,38],"is_endless":false,"potions_floor_spawned":[7,8,12,23,24,25,33,35,36,39,41,42,44,54],"ascension_level":1}}