{"host":"og6lam4kt3nibbw0","time":1608141216,"event":{"mods":["AchievementEnabler","BaseMod","Colored Map","DeckTracker","Highlight Path","Keyboard Shortcuts","Minty Spire (QoL Compilation)","Permanent Neow","Quick Restart","StSLib","SuperFastMode"],"gold_per_floor":[110,110,35,35,6,6,34,34,59,59,73,101,101,26,26,104,104,121,139,139,64,64,64,98,98,152,179,191,191],"floor_reached":28,"playtime":2099,"items_purged":["Defend_B"],"score":526,"play_id":"791f21d6-3b60-46f7-bbf6-602e30ba09b0","local_time":"20201217025336","is_ascension_mode":true,"campfire_choices":[{"data":"Redo","floor":6.0,"key":"SMITH"},{"data":"Doom and Gloom","floor":8.0,"key":"SMITH"},{"data":"Zap","floor":10.0,"key":"SMITH"},{"floor":15.0,"key":"REST"},{"floor":23.0,"key":"RECALL"}],"circlet_count":0,"master_deck":["AscendersBane","Strike_B+1","Defend_B","Zap+1","Dualcast+1","Redo+1","Conserve Battery","Doom and Gloom+1","BootSequence","Defragment+1","Biased Cognition+1","Coolheaded","Capacitor+1","Conserve Battery","All For One","Consume+1"],"relics":["Cracked Core","NeowsBlessing","Frozen Egg 2","Happy Flower","Bottled Flame","Symbiotic Virus","SacredBark","White Beast Statue","Orichalcum","MawBank"],"acts_visited":["Exordium","TheCity"],"potions_floor_usage":[28,28],"damage_taken":[{"damage":0.0,"enemies":"2 Louse","floor":1.0,"turns":1.0},{"damage":0.0,"enemies":"Gremlin Nob","floor":7.0,"turns":1.0},{"damage":0.0,"enemies":"Jaw Worm","floor":11.0,"turns":1.0},{"damage":13.0,"enemies":"3 Sentries","floor":12.0,"turns":4.0},{"damage":9.0,"enemies":"The Guardian","floor":16.0,"turns":8.0},{"damage":17.0,"enemies":"Shell Parasite","floor":18.0,"turns":3.0},{"damage":0.0,"enemies":"Spheric Guardian","floor":19.0,"turns":3.0},{"damage":18.0,"enemies":"Book of Stabbing","floor":24.0,"turns":3.0},{"damage":24,"enemies":"Slavers","floor":28,"turns":2}],"seed_played":"-5377193070788779422","potions_obtained":[{"floor":11.0,"key":"FearPotion"},{"floor":12.0,"key":"Swift Potion"},{"floor":19.0,"key":"Dexterity Potion"}],"is_trial":false,"path_per_floor":["M","?","?","?","$","R","E","R","T","R","M","E","?","$","R","B",null,"M","M","?","$","?","R","E","$","T","T","E"],"character_chosen":"DEFECT","items_purchased":["Conserve Battery","Defragment+1"],"campfire_rested":1,"item_purchase_floors":[5,14],"current_hp_per_floor":[64,43,43,36,36,36,36,36,36,36,36,23,12,12,33,24,59,42,42,42,42,42,42,24,24,24,24,0,0],"gold":191,"neow_bonus":"THREE_ENEMY_KILL","is_daily":false,"chose_seed":false,"campfire_upgraded":3,"win_rate":0.0,"timestamp":1608141216,"path_taken":["M","?","?","?","$","R","E","R","T","R","M","E","?","?","R","BOSS","M","M","?","$","?","R","E","?","T","?","E"],"items_purchased_type":["Card","Card"],"build_version":"2020-12-13","purchased_purges":1,"victory":false,"max_hp_per_floor":[71,71,71,71,71,71,71,71,71,71,71,71,71,71,71,71,71,71,71,71,71,71,71,71,71,71,71,71,71],"card_choices":[{"not_picked":["Beam Cell","Genetic Algorithm"],"picked":"Redo","floor":1.0},{"not_picked":["Core Surge","Streamline"],"picked":"Doom and Gloom","floor":7.0},{"not_picked":["Recycle","Ball Lightning","Stack"],"picked":"SKIP","floor":11.0},{"not_picked":["Double Energy","Streamline"],"picked":"BootSequence","floor":12.0},{"not_picked":["Meteor Strike","Creative AI+1"],"picked":"Biased Cognition+1","floor":16.0},{"not_picked":["Consume","Cold Snap"],"picked":"Coolheaded","floor":18.0},{"not_picked":["Heatsinks+1","Leap+1"],"picked":"Capacitor+1","floor":19.0},{"not_picked":["Reboot","Ball Lightning"],"picked":"Consume+1","floor":24.0}],"player_experience":773001,"relics_obtained":[{"floor":7.0,"key":"Frozen Egg 2"},{"floor":9.0,"key":"Happy Flower"},{"floor":12.0,"key":"Bottled Flame"},{"floor":24.0,"key":"White Beast Statue"},{"floor":26.0,"key":"Orichalcum"},{"floor":27.0,"key":"MawBank"}],"event_choices":[{"damage_healed":0.0,"max_hp_gain":0.0,"max_hp_loss":0.0,"gold_gain":0.0,"event_name":"Shining Light","player_choice":"Entered Light","floor":2.0,"gold_loss":0.0,"damage_taken":21.0,"cards_upgraded":["Dualcast","Strike_B"]},{"cards_removed":["Strike_B"],"damage_healed":0.0,"max_hp_gain":0.0,"max_hp_loss":0.0,"gold_gain":0.0,"event_name":"The Cleric","player_choice":"Card Removal","floor":3.0,"gold_loss":75.0,"damage_taken":0.0},{"cards_removed":["Defend_B"],"damage_healed":0.0,"max_hp_gain":0.0,"max_hp_loss":0.0,"gold_gain":0.0,"event_name":"Golden Wing","player_choice":"Card Removal","floor":4.0,"gold_loss":0.0,"damage_taken":7.0},{"damage_healed":0.0,"max_hp_gain":0.0,"max_hp_loss":0.0,"gold_gain":0.0,"event_name":"Scrap Ooze","player_choice":"Success","floor":13.0,"gold_loss":0.0,"damage_taken":11.0,"relics_obtained":["Symbiotic Virus"]},{"cards_removed":["Strike_B"],"damage_healed":0.0,"max_hp_gain":0.0,"max_hp_loss":0.0,"gold_gain":0.0,"event_name":"Back to Basics","player_choice":"Elegance","floor":20.0,"gold_loss":0.0,"damage_taken":0.0},{"damage_healed":0.0,"max_hp_gain":0.0,"max_hp_loss":0.0,"gold_gain":0.0,"cards_transformed":["Defend_B","Strike_B"],"event_name":"Drug Dealer","player_choice":"Became Test Subject","floor":22.0,"gold_loss":0.0,"damage_taken":0.0,"cards_obtained":["Conserve Battery","All For One"]}],"is_beta":false,"boss_relics":[{"not_picked":["Coffee Dripper","Ectoplasm"],"picked":"SacredBark"}],"items_purged_floors":[21],"is_endless":false,"potions_floor_spawned":[11,12,18,19,24],"killed_by":"Slavers","ascension_level":20}}