{"host":"0cnf9zf1gia27zti","time":1608150383,"event":{"mods":["BaseMod","BetterRewards","Card Forge","Colored Map","Colored Powertips","Conspire","Downfall","Minty Spire (QoL Compilation)","Practice Mode","Quick Restart","Replay The Spire","Robot Space Explorer","Shade Mod","Spicy Shops","StSLib"],"gold_per_floor":[113,113,89,66,116,143,143,2,2,20,36,53,53,53,53,125,125,35,85,135,201,219,219,219],"floor_reached":23,"playtime":7963,"items_purged":["Strike_G"],"score":337,"play_id":"b7b7059e-6d09-4bac-813c-2954c36bd74a","local_time":"20201216202623","is_ascension_mode":true,"campfire_choices":[{"floor":7,"key":"REST"},{"floor":13,"key":"REST"},{"floor":15,"key":"REST"}],"circlet_count":0,"master_deck":["AscendersBane","Strike_G","Strike_G","Strike_G","Defend_G","Defend_G","Defend_G","Defend_G","Defend_G","Survivor","Neutralize","Infinite Blades","Skewer","Flying Knee","Flying Knee","Prepared","Accuracy","Cloak And Dagger","Prepared","Accuracy+1","Prepared","Choke","Poison Darts","Cloak And Dagger","conspire:DoublingDagger","Prepared","Prepared+1","PiercingWail"],"relics":["Ring of the Snake","Hammer of Thor","Seething Fire","Anvil of the Gods","Replay:Wax Seal","Kunai","Prayer Wheel","SsserpentHead","conspire:TopHat","Shuriken","Divine Protection","MutagenicStrength"],"acts_visited":["Exordium","TheCity"],"potions_floor_usage":[6,12,21],"damage_taken":[{"damage":0,"enemies":"Jaw Worm","floor":1,"turns":5},{"damage":10,"enemies":"3 Sentries","floor":6,"turns":9},{"damage":0,"enemies":"Cultist","floor":10,"turns":3},{"damage":0,"enemies":"Small Slimes","floor":11,"turns":3},{"damage":0,"enemies":"Looter","floor":12,"turns":4},{"damage":37,"enemies":"Fading Forest","floor":16,"turns":11},{"damage":0,"enemies":"Chosen","floor":18,"turns":4},{"damage":1,"enemies":"Shell Parasite","floor":21,"turns":2},{"damage":43,"enemies":"3 Cultists","floor":22,"turns":7},{"damage":22,"enemies":"Gremlin Leader","floor":23,"turns":2}],"seed_played":"-319627906190498302","potions_obtained":[{"floor":1,"key":"SpeedPotion"},{"floor":6,"key":"Swift Potion"},{"floor":18,"key":"CunningPotion"}],"is_trial":false,"path_per_floor":["M","?","$","$","?","E","R","$","T","M","M","M","R","$","R","B",null,"M","?","?","M","M","E"],"character_chosen":"THE_SILENT","items_purchased":["Replay:Wax Seal","Kunai","Infinite Blades","Skewer","Prayer Wheel","Flying Knee","Accuracy","Cloak And Dagger","Shuriken"],"campfire_rested":3,"item_purchase_floors":[0,0,0,0,0,0,3,4,8],"current_hp_per_floor":[31,31,31,31,24,14,35,35,35,35,35,35,56,56,70,33,61,61,61,61,60,17,0,0],"gold":219,"neow_bonus":"","is_daily":false,"chose_seed":false,"campfire_upgraded":0,"win_rate":0.0,"timestamp":1608150383,"path_taken":["M","?","?","$","?","E","R","$","T","M","M","M","R","$","R","BOSS","M","?","?","?","M","E"],"items_purchased_type":["Relic","Relic","Card","Card","Relic","Card","Card","Card","Relic"],"build_version":"2020-12-13","purchased_purges":1,"victory":false,"max_hp_per_floor":[70,70,70,70,70,70,70,70,70,70,70,70,70,70,70,70,70,70,70,70,70,70,70,70],"card_choices":[{"not_picked":["Riddle With Holes","PiercingWail"],"picked":"Prepared","floor":1},{"not_picked":["Deflect","Outmaneuver","Dodge and Roll"],"picked":"SKIP","floor":1},{"not_picked":["Wraith Form v2","Concentrate","Dodge and Roll"],"picked":"SKIP","floor":6},{"not_picked":["Sucker Punch","Flechettes"],"picked":"Prepared","floor":10},{"not_picked":["Sucker Punch","Dagger Throw","Underhanded Strike"],"picked":"SKIP","floor":10},{"not_picked":["Quick Slash","ReplayTheSpireMod:The Works"],"picked":"Accuracy","floor":11},{"not_picked":["Replay:Poison Smokescreen","Deflect","Predator"],"picked":"SKIP","floor":11},{"not_picked":["Replay:Poison Smokescreen","Deflect","Predator"],"picked":"SKIP","floor":11},{"not_picked":["Poisoned Stab","Catalyst"],"picked":"Prepared","floor":12},{"not_picked":["Toxin Wave","Adrenaline"],"picked":"Choke","floor":12},{"not_picked":["ReplayTheSpireMod:Necrosis","Corpse Explosion"],"picked":"Poison Darts","floor":16},{"not_picked":["Dash","Slice"],"picked":"Cloak And Dagger","floor":18},{"not_picked":["Sucker Punch","Flying Knee"],"picked":"conspire:DoublingDagger","floor":18},{"not_picked":["All Out Attack","Bane"],"picked":"Prepared","floor":21},{"not_picked":["PiercingWail","Bane"],"picked":"Prepared+1","floor":21},{"not_picked":["Endless Agony+1","Slice"],"picked":"PiercingWail","floor":22},{"not_picked":["Dagger Spray","Flechettes","Bane+1"],"picked":"SKIP","floor":22}],"player_experience":2068378,"relics_obtained":[{"floor":6,"key":"conspire:TopHat"},{"floor":9,"key":"Divine Protection"}],"event_choices":[{"damage_healed":0,"gold_gain":0,"player_choice":"Trade","damage_taken":0,"relics_obtained":["SsserpentHead"],"max_hp_gain":0,"max_hp_loss":0,"event_name":"FaceTrader","floor":2,"gold_loss":0},{"cards_removed":["Strike_G"],"damage_healed":0,"gold_gain":0,"player_choice":"Card Removal","damage_taken":7,"max_hp_gain":0,"max_hp_loss":0,"event_name":"Golden Wing","floor":5,"gold_loss":0},{"damage_healed":0,"gold_gain":0,"player_choice":"Inject Mutagens","damage_taken":0,"relics_obtained":["MutagenicStrength"],"max_hp_gain":0,"max_hp_loss":0,"event_name":"Drug Dealer","floor":19,"gold_loss":0},{"damage_healed":0,"gold_gain":0,"player_choice":"Upgraded","damage_taken":0,"max_hp_gain":0,"max_hp_loss":0,"event_name":"Upgrade Shrine","floor":20,"gold_loss":0,"cards_upgraded":["Accuracy"]}],"is_beta":false,"boss_relics":[{"not_picked":["Snecko Scales","Busted Crown","Replay:Drink Me"]}],"items_purged_floors":[0],"is_endless":false,"potions_floor_spawned":[1,6,18],"killed_by":"Gremlin Leader","ascension_level":13}}