{"host":"ljavmhyz2e552xgo","time":1608146575,"event":{"mods":["BaseMod","Better Third Choice","Downfall","Friendly Minions","Minty Spire (QoL Compilation)","Permanent Neow","Spicy Shops","StSLib"],"gold_per_floor":[99,109,129,145,155,192,218,143,166,166,195,214,14,39,67,67,67],"floor_reached":16,"playtime":1067,"items_purged":["sneckomod:Strike"],"score":133,"play_id":"2ab277a3-20b7-4d4f-a8d6-adf83e2a2d05","local_time":"20201216132255","is_ascension_mode":false,"campfire_choices":[{"data":"sneckomod:SnekBite","floor":1,"key":"SMITH"},{"data":"sneckomod:DiceBoulder","floor":8,"key":"SMITH"},{"floor":10,"key":"RECALL"}],"circlet_count":0,"master_deck":["sneckomod:Strike","sneckomod:Strike","sneckomod:Defend","sneckomod:Defend","sneckomod:Defend","sneckomod:TailWhip","sneckomod:SnekBite+1","sneckomod:Unknown","sneckomod:Unknown","sneckomod:Nope","sneckomod:UnknownBlock","sneckomod:UnknownUncommonPower","sneckomod:DiceBoulder+1","sneckomod:Mudshield","sneckomod:PureSnecko","sneckomod:QuickMove","sneckomod:UnknownClassTHE_CHAMP_GRAY","sneckomod:ImprovisedAttack","sneckomod:UnknownUncommonPower","sneckomod:Nope","sneckomod:CheapStock","sneckomod:UnknownUncommonAttack"],"relics":["sneckomod:SneckoSoul","CeramicFish","Potion Belt","downfall:HeartBlessingGreen"],"acts_visited":["Exordium"],"potions_floor_usage":[11,13,15,16],"damage_taken":[{"damage":0,"enemies":"Cultist","floor":2,"turns":3},{"damage":0,"enemies":"2 Louse","floor":3,"turns":2},{"damage":6,"enemies":"Jaw Worm","floor":4,"turns":4},{"damage":4,"enemies":"Red Slaver","floor":5,"turns":4},{"damage":25,"enemies":"Gremlin Nob","floor":6,"turns":4},{"damage":4,"enemies":"Large Slime","floor":9,"turns":6},{"damage":3,"enemies":"Blue Slaver","floor":11,"turns":2},{"damage":9,"enemies":"Exordium Thugs","floor":12,"turns":6},{"damage":0,"enemies":"downfall:FleeingMerchant","floor":13,"turns":4},{"damage":10,"enemies":"Exordium Wildlife","floor":14,"turns":4},{"damage":0,"enemies":"Large Slime","floor":15,"turns":9},{"damage":30,"enemies":"downfall:Silent","floor":16,"turns":4}],"seed_played":"-8028152750437396408","potions_obtained":[{"floor":4,"key":"ColorlessPotion"},{"floor":5,"key":"LiquidBronze"},{"floor":6,"key":"hexamod:EctoCoolerPotion"},{"floor":14,"key":"Block Potion"}],"is_trial":false,"path_per_floor":["R","M","M","M","M","E","T","R","M","R","M","M","$","M","M","B"],"character_chosen":"THE_SNECKO","items_purchased":["sneckomod:UnknownUncommonPower","sneckomod:Nope"],"campfire_rested":0,"item_purchase_floors":[13,13],"current_hp_per_floor":[81,81,82,77,75,50,50,50,46,46,43,35,36,26,27,0,0],"gold":67,"neow_bonus":"TWENTY_PERCENT_HP_BONUS","is_daily":false,"chose_seed":false,"campfire_upgraded":2,"win_rate":0.0,"timestamp":1608146575,"path_taken":["R","M","M","M","M","E","T","R","?","R","M","M","$","M","M","BOSS"],"items_purchased_type":["Card","Card"],"build_version":"2020-12-13","purchased_purges":1,"victory":false,"max_hp_per_floor":[108,108,109,110,110,110,110,110,110,110,110,111,112,112,113,113,113],"card_choices":[{"not_picked":["sneckomod:QuickBite","sneckomod:UnknownCommonSkill"],"picked":"sneckomod:Nope","floor":2},{"not_picked":["sneckomod:IronFang","sneckomod:RainOfDice"],"picked":"sneckomod:UnknownBlock","floor":3},{"not_picked":["sneckomod:UnknownCommonAttack","sneckomod:Nope"],"picked":"sneckomod:UnknownUncommonPower","floor":4},{"not_picked":["sneckomod:UnknownStrike","sneckomod:UnknownClassGUARDIAN"],"picked":"sneckomod:DiceBoulder","floor":5},{"not_picked":["sneckomod:UnknownClassRED","sneckomod:UnknownCommonSkill"],"picked":"sneckomod:Mudshield","floor":6},{"not_picked":["sneckomod:UnknownCommonSkill","sneckomod:RainOfDice"],"picked":"sneckomod:PureSnecko","floor":9},{"not_picked":["sneckomod:UnknownVulnerable","sneckomod:IronFang"],"picked":"sneckomod:QuickMove","floor":11},{"not_picked":["sneckomod:IronFang","sneckomod:DiceCrush"],"picked":"sneckomod:UnknownClassTHE_CHAMP_GRAY","floor":12},{"not_picked":["sneckomod:UnknownWeak","sneckomod:Nope"],"picked":"sneckomod:ImprovisedAttack","floor":13},{"not_picked":["sneckomod:UnknownClassTHE_CHAMP_GRAY","sneckomod:UnknownCommonSkill"],"picked":"sneckomod:CheapStock","floor":14},{"not_picked":["sneckomod:UnknownBlock","sneckomod:DiceBlock"],"picked":"sneckomod:UnknownUncommonAttack","floor":15}],"player_experience":1400644,"relics_obtained":[{"floor":6,"key":"CeramicFish"},{"floor":7,"key":"Potion Belt"}],"event_choices":[],"is_beta":false,"boss_relics":[],"items_purged_floors":[13],"is_endless":false,"potions_floor_spawned":[4,5,6,14],"killed_by":"downfall:Silent","ascension_level":0}}