{"host":"wshh0nphwn6jv7vj","time":1608098146,"event":{"mods":["BaseMod","Bestiary","Minty Spire (QoL Compilation)"],"gold_per_floor":[114,39,39,39,39,74,74,100,148,181,197,225,225,241,241,315,315,327,10,22,33,33,73,73,107,107,107,141,161,161,184,184,184,184],"floor_reached":33,"playtime":1248,"items_purged":["Strike_G"],"score":754,"play_id":"ebc98e2d-802c-4fff-8ebc-803df11f0eed","local_time":"20201216005546","is_ascension_mode":true,"campfire_choices":[{"data":"Footwork","floor":7,"key":"SMITH"},{"data":"Riddle With Holes","floor":15,"key":"SMITH"},{"floor":27,"key":"REST"},{"data":"Blind","floor":30,"key":"SMITH"},{"data":"Envenom","floor":32,"key":"SMITH"}],"circlet_count":0,"master_deck":["AscendersBane","Strike_G","Strike_G","Defend_G","Defend_G","Defend_G","Defend_G","Defend_G","Survivor","Neutralize","Footwork+1","Storm of Steel","Bane","Riddle With Holes+1","Poisoned Stab","Predator","Dash","Acrobatics","Envenom+1","Blade Dance","Blind+1","Slice+1","Leg Sweep","Riddle With Holes","Backflip","Footwork+1"],"relics":["Ring of the Snake","NeowsBlessing","Strawberry","Bottled Lightning","Akabeko","Nunchaku","Shuriken","Matryoshka","WristBlade","MealTicket","CeramicFish","White Beast Statue","Frozen Egg 2","Potion Belt","Bag of Preparation","Singing Bowl","Meat on the Bone"],"acts_visited":["Exordium","TheCity"],"potions_floor_usage":[10,10,12,16,23,25,27,28,33,33],"damage_taken":[{"damage":0,"enemies":"Small Slimes","floor":1,"turns":1},{"damage":0,"enemies":"3 Sentries","floor":6,"turns":1},{"damage":0,"enemies":"Gremlin Nob","floor":8,"turns":1},{"damage":7,"enemies":"Lagavulin","floor":10,"turns":10},{"damage":0,"enemies":"2 Louse","floor":11,"turns":1},{"damage":0,"enemies":"Gremlin Nob","floor":12,"turns":1},{"damage":0,"enemies":"Jaw Worm","floor":14,"turns":2},{"damage":6,"enemies":"Slime Boss","floor":16,"turns":7},{"damage":0,"enemies":"Spheric Guardian","floor":18,"turns":2},{"damage":3,"enemies":"Chosen","floor":20,"turns":3},{"damage":24,"enemies":"Centurion and Healer","floor":21,"turns":5},{"damage":21,"enemies":"Gremlin Leader","floor":23,"turns":7},{"damage":18,"enemies":"Book of Stabbing","floor":25,"turns":5},{"damage":0,"enemies":"Slavers","floor":28,"turns":1},{"damage":0,"enemies":"3 Cultists","floor":29,"turns":2},{"damage":0,"enemies":"Shelled Parasite and Fungi","floor":31,"turns":1},{"damage":93,"enemies":"Collector","floor":33,"turns":10}],"seed_played":"-7127999978699199896","potions_obtained":[{"floor":6,"key":"SkillPotion"},{"floor":8,"key":"Dexterity Potion"},{"floor":10,"key":"LiquidMemories"},{"floor":11,"key":"BlessingOfTheForge"},{"floor":16,"key":"Fruit Juice"},{"floor":21,"key":"Poison Potion"},{"floor":23,"key":"SteroidPotion"},{"floor":25,"key":"Strength Potion"},{"floor":28,"key":"EssenceOfSteel"},{"floor":29,"key":"Block Potion"},{"floor":31,"key":"FairyPotion"}],"is_trial":false,"path_per_floor":["M","?","$","?","?","E","R","E","T","E","M","E","?","M","R","B",null,"M","$","M","M","?","E","T","E","T","R","E","M","R","M","R","B"],"character_chosen":"THE_SILENT","items_purchased":["MealTicket","Blind"],"campfire_rested":1,"item_purchase_floors":[19,19],"current_hp_per_floor":[59,59,59,59,59,66,66,66,66,59,59,59,59,59,59,53,68,68,68,65,41,56,35,35,17,17,45,45,47,47,47,47,0,0],"gold":184,"neow_bonus":"THREE_ENEMY_KILL","is_daily":false,"chose_seed":false,"campfire_upgraded":4,"win_rate":0.0,"timestamp":1608098146,"path_taken":["M","?","$","?","?","E","R","E","T","E","M","E","?","M","R","BOSS","M","$","M","M","?","E","?","E","T","R","E","M","R","M","R","BOSS"],"items_purchased_type":["Relic","Card"],"build_version":"2020-12-13","purchased_purges":1,"victory":false,"max_hp_per_floor":[66,66,66,66,66,73,73,73,73,73,73,73,73,73,73,73,73,73,73,73,73,73,73,73,73,73,78,78,80,80,80,80,80,80],"card_choices":[{"not_picked":["Flying Knee","Endless Agony"],"picked":"Footwork","floor":1},{"not_picked":["Dodge and Roll","Prepared"],"picked":"Bane","floor":6},{"not_picked":["Accuracy","Deadly Poison"],"picked":"Riddle With Holes","floor":8},{"not_picked":["Catalyst","Blade Dance"],"picked":"Poisoned Stab","floor":10},{"not_picked":["Quick Slash","Bane"],"picked":"Predator","floor":11},{"not_picked":["Choke","PiercingWail"],"picked":"Dash","floor":12},{"not_picked":["Deflect","PiercingWail"],"picked":"Acrobatics","floor":14},{"not_picked":["Malaise","Die Die Die"],"picked":"Envenom","floor":16},{"not_picked":["Well Laid Plans","Blur"],"picked":"Blade Dance","floor":18},{"not_picked":["Distraction","Deadly Poison","Sucker Punch"],"picked":"SKIP","floor":20},{"not_picked":["Sucker Punch","Bane"],"picked":"Slice+1","floor":21},{"not_picked":["Outmaneuver","Quick Slash"],"picked":"Leg Sweep","floor":23},{"not_picked":["Cloak And Dagger","Distraction"],"picked":"Riddle With Holes","floor":25},{"not_picked":["Outmaneuver","Escape Plan"],"picked":"Backflip","floor":28},{"not_picked":["Distraction","Blur","Riddle With Holes"],"picked":"Singing Bowl","floor":29},{"not_picked":["Finisher","Prepared"],"picked":"Footwork+1","floor":31}],"player_experience":1419680,"relics_obtained":[{"floor":6,"key":"Strawberry"},{"floor":8,"key":"Bottled Lightning"},{"floor":9,"key":"Akabeko"},{"floor":10,"key":"Nunchaku"},{"floor":12,"key":"Shuriken"},{"floor":23,"key":"CeramicFish"},{"floor":24,"key":"White Beast Statue"},{"floor":24,"key":"Frozen Egg 2"},{"floor":25,"key":"Potion Belt"},{"floor":26,"key":"Bag of Preparation"},{"floor":26,"key":"Singing Bowl"},{"floor":28,"key":"Meat on the Bone"}],"event_choices":[{"cards_removed":["Strike_G"],"damage_healed":0,"gold_gain":0,"player_choice":"Card Removal","damage_taken":0,"max_hp_gain":0,"max_hp_loss":0,"event_name":"The Cleric","floor":2,"gold_loss":75},{"damage_healed":0,"gold_gain":0,"cards_transformed":["Strike_G"],"player_choice":"Change","damage_taken":0,"max_hp_gain":0,"max_hp_loss":0,"event_name":"Living Wall","floor":4,"gold_loss":0,"cards_obtained":["Storm of Steel"]},{"damage_healed":0,"gold_gain":0,"player_choice":"Ignored","damage_taken":0,"max_hp_gain":0,"max_hp_loss":0,"event_name":"Liars Game","floor":5,"gold_loss":0},{"damage_healed":0,"gold_gain":0,"player_choice":"Searched \u00271\u0027 times","damage_taken":0,"relics_obtained":["Matryoshka"],"max_hp_gain":0,"max_hp_loss":0,"event_name":"Dead Adventurer","floor":13,"gold_loss":0},{"damage_healed":15,"gold_gain":0,"player_choice":"Heal","damage_taken":0,"max_hp_gain":0,"max_hp_loss":0,"event_name":"The Library","floor":22,"gold_loss":0}],"is_beta":false,"boss_relics":[{"not_picked":["Sozu","Philosopher\u0027s Stone"],"picked":"WristBlade"}],"items_purged_floors":[19],"is_endless":false,"potions_floor_spawned":[6,8,10,11,16,21,23,25,28,29,31],"killed_by":"Collector","ascension_level":15}}