{"host":"fdq5pmhluajjrf8d","time":1608081952,"event":{"mods":["BaseMod","Minty Spire (QoL Compilation)"],"gold_per_floor":[110,90,104,115,126,126,24,24,24,24,41,55,75,134,134,134,134],"floor_reached":16,"playtime":561,"items_purged":[],"score":183,"play_id":"855b4487-b7c0-4b8e-9cfd-6a12dbb5f6cf","local_time":"20201215202552","is_ascension_mode":true,"campfire_choices":[{"floor":6,"key":"REST"},{"data":"Zap","floor":8,"key":"SMITH"},{"data":"Dramatic Entrance","floor":10,"key":"SMITH"},{"floor":15,"key":"REST"}],"circlet_count":0,"master_deck":["AscendersBane","Strike_B","Strike_B","Strike_B","Strike_B","Defend_B","Defend_B","Defend_B","Defend_B","Zap+1","Dualcast","Beam Cell","Ball Lightning","Leap","Rebound","Dramatic Entrance+1","Thunder Strike","FTL"],"relics":["Cracked Core","WingedGreaves","HornCleat","White Beast Statue"],"acts_visited":["Exordium"],"potions_floor_usage":[13,14,16],"damage_taken":[{"damage":4,"enemies":"2 Louse","floor":1,"turns":2},{"damage":1,"enemies":"Cultist","floor":3,"turns":3},{"damage":7,"enemies":"Jaw Worm","floor":4,"turns":2},{"damage":13,"enemies":"Exordium Thugs","floor":5,"turns":4},{"damage":0,"enemies":"Blue Slaver","floor":11,"turns":2},{"damage":0,"enemies":"Looter","floor":12,"turns":1},{"damage":0,"enemies":"Exordium Wildlife","floor":13,"turns":1},{"damage":16,"enemies":"Lagavulin Event","floor":14,"turns":5},{"damage":47,"enemies":"Hexaghost","floor":16,"turns":9}],"seed_played":"8326840135441784700","potions_obtained":[{"floor":1,"key":"EssenceOfSteel"},{"floor":2,"key":"EssenceOfSteel"},{"floor":5,"key":"Explosive Potion"},{"floor":14,"key":"SkillPotion"}],"is_trial":false,"path_per_floor":["M","?","M","M","M","R","$","R","T","R","M","M","M","?","R","B"],"character_chosen":"DEFECT","items_purchased":["Dramatic Entrance"],"campfire_rested":2,"item_purchase_floors":[7],"current_hp_per_floor":[42,42,41,34,21,42,42,42,42,42,42,42,42,26,47,0,0],"gold":134,"neow_bonus":"ONE_RARE_RELIC","is_daily":false,"chose_seed":false,"campfire_upgraded":2,"win_rate":0.0,"timestamp":1608081952,"path_taken":["M","?","M","M","M","R","?","R","T","R","M","M","M","?","R","BOSS"],"items_purchased_type":["Card"],"build_version":"2020-12-13","purchased_purges":0,"victory":false,"max_hp_per_floor":[71,71,71,71,71,71,71,71,71,71,71,71,71,71,71,71,71],"card_choices":[{"not_picked":["Consume","Conserve Battery"],"picked":"Beam Cell","floor":1},{"not_picked":["Redo","Hello World"],"picked":"Ball Lightning","floor":3},{"not_picked":["Steam","Conserve Battery"],"picked":"Leap","floor":4},{"not_picked":["Beam Cell","Steam"],"picked":"Rebound","floor":5},{"not_picked":["Beam Cell","Sweeping Beam"],"picked":"Thunder Strike","floor":11},{"not_picked":["Compile Driver","Coolheaded","Barrage"],"picked":"SKIP","floor":12},{"not_picked":["Go for the Eyes","Turbo"],"picked":"FTL","floor":13}],"player_experience":1866871,"relics_obtained":[{"floor":9,"key":"HornCleat"},{"floor":14,"key":"White Beast Statue"}],"event_choices":[{"damage_healed":0,"gold_gain":0,"player_choice":"Bought 1 Potion","damage_taken":0,"max_hp_gain":0,"max_hp_loss":0,"event_name":"The Woman in Blue","floor":2,"gold_loss":0},{"damage_healed":0,"gold_gain":0,"player_choice":"Searched \u00271\u0027 times","damage_taken":0,"max_hp_gain":0,"max_hp_loss":0,"event_name":"Dead Adventurer","floor":14,"gold_loss":0}],"is_beta":false,"boss_relics":[],"items_purged_floors":[],"is_endless":false,"potions_floor_spawned":[1,5,14],"killed_by":"Hexaghost","ascension_level":19}}