{"host":"wbdly04l9mkn9nrc","time":1608106565,"event":{"mods":["AchievementEnabler","BaseMod","BetterRewards","Minty Spire (QoL Compilation)","StSLib","[IsaacMod]ÒÔÈö¼âËþ"],"gold_per_floor":[119,44,60,72,0,0,0,0,68,143,143,182,182,220,220,339,339,355,355,373,373,126,170,194,209,287,287,287,320,340,277,277,375,375,395,176,196,471,237,272,288,314,314,325,341,354,95,95,95,95],"floor_reached":51,"playtime":4834,"items_purged":["Strike_P","Defend_P+1","Injury","Strike_P+1","Regret","Defend_P+1"],"score":1282,"play_id":"5ee3341d-f65e-4000-a42b-e46c7516e62f","local_time":"20201216161605","is_ascension_mode":true,"campfire_choices":[{"data":"Collect","floor":6,"key":"SMITH"},{"floor":11,"key":"REST"},{"data":"Apotheosis","floor":13,"key":"SMITH"},{"data":"Eruption","floor":15,"key":"SMITH"},{"data":"DeusExMachina","floor":28,"key":"SMITH"},{"data":"WaveOfTheHand","floor":32,"key":"SMITH"},{"data":"BattleHymn","floor":49,"key":"SMITH"}],"circlet_count":0,"master_deck":["Strike_P+1","Strike_P+1","Defend_P+1","Eruption+1","Vigilance","Apotheosis+1","TalkToTheHand","FearNoEvil","Conclude+1","FollowUp","Wallop","FlyingSleeves","Collect+1","EmptyBody+1","ThirdEye+1","DeusExMachina+1","CrushJoints+1","CrushJoints","CarveReality","Adaptation","WaveOfTheHand+1","SpiritShield","ClearTheMind+1","WindmillStrike","Indignation+1","EmptyFist+1","FollowUp+1","Crescendo+1","BattleHymn+1"],"relics":["PureWater","HushsDoor","BookofShadows","Singing Bowl","Membership Card","Happy Flower","Bloody Idol","MoneyPower","MealTicket","DeathBook","MagicMushroom","BelialBook","SatanicBible","NineVolt","Pear","Kunai","Thread and Needle","VioletLotus","Meat on the Bone","War Paint","Whetstone","Mummified Hand","TuHaoJin","Mercury Hourglass","Sundial"],"acts_visited":["Exordium","TheCity","TheBeyond"],"potions_floor_usage":[42,50],"damage_taken":[{"damage":0,"enemies":"2 Louse","floor":1,"turns":2},{"damage":0,"enemies":"Small Slimes","floor":3,"turns":1},{"damage":0,"enemies":"Jaw Worm","floor":4,"turns":3},{"damage":0,"enemies":"Lagavulin","floor":12,"turns":3},{"damage":0,"enemies":"3 Sentries","floor":14,"turns":3},{"damage":0,"enemies":"Slime Boss","floor":16,"turns":4},{"damage":0,"enemies":"Shell Parasite","floor":18,"turns":1},{"damage":0,"enemies":"3 Byrds","floor":20,"turns":3},{"damage":0,"enemies":"Book of Stabbing","floor":23,"turns":3},{"damage":0,"enemies":"Centurion and Healer","floor":24,"turns":3},{"damage":5,"enemies":"Shelled Parasite and Fungi","floor":25,"turns":3},{"damage":0,"enemies":"Gremlin Leader","floor":29,"turns":2},{"damage":0,"enemies":"Snecko","floor":30,"turns":2},{"damage":0,"enemies":"Champ","floor":33,"turns":7},{"damage":0,"enemies":"3 Darklings","floor":35,"turns":1},{"damage":0,"enemies":"Orb Walker","floor":37,"turns":3},{"damage":0,"enemies":"Giant Head","floor":40,"turns":4},{"damage":0,"enemies":"Spire Growth","floor":41,"turns":4},{"damage":49,"enemies":"Reptomancer","floor":42,"turns":6},{"damage":4,"enemies":"Sphere and 2 Shapes","floor":44,"turns":1},{"damage":7,"enemies":"3 Darklings","floor":45,"turns":3},{"damage":0,"enemies":"Transient","floor":46,"turns":5},{"damage":0,"enemies":"Time Eater","floor":50,"turns":4}],"seed_played":"214720101581867887","potions_obtained":[{"floor":4,"key":"SkillPotion"},{"floor":12,"key":"LiquidBronze"},{"floor":16,"key":"Block Potion"},{"floor":33,"key":"BlessingOfTheForge"},{"floor":44,"key":"Block Potion"}],"is_trial":false,"path_per_floor":["M","$","M","M","$","R","?","$","T","?","R","E","R","E","R","B",null,"M","?","M","?","$","E","M","M","T","?","R","E","M","$","R","B",null,"M","$","M","?","$","E","M","E","T","M","M","M","$","?","R","B",null],"character_chosen":"WATCHER","items_purchased":["Apotheosis","Singing Bowl","TalkToTheHand","FearNoEvil","Membership Card","Conclude","Wallop","Happy Flower","BelialBook","SatanicBible","NineVolt","WindmillStrike","Meat on the Bone","War Paint","Whetstone","Sundial","BattleHymn"],"campfire_rested":1,"item_purchase_floors":[0,0,0,0,0,0,2,5,17,22,22,36,36,39,39,47,47],"current_hp_per_floor":[40,40,40,40,40,40,40,40,40,29,50,50,50,50,50,50,69,69,69,71,71,71,83,83,78,78,78,78,83,83,83,83,83,83,83,83,83,83,83,83,83,53,53,56,55,63,78,78,78,79],"gold":95,"neow_bonus":"","is_daily":false,"chose_seed":false,"campfire_upgraded":6,"win_rate":0.0,"timestamp":1608106565,"path_taken":["M","$","M","M","$","R","?","$","T","?","R","E","R","E","R","BOSS","M","?","M","?","$","E","M","M","T","?","R","E","M","$","R","BOSS","M","$","?","?","$","E","M","E","T","M","M","M","$","?","R","BOSS"],"items_purchased_type":["Card","Relic","Card","Card","Relic","Card","Card","Relic","Relic","Relic","Relic","Card","Relic","Relic","Relic","Relic","Card"],"build_version":"2020-12-13","purchased_purges":6,"victory":true,"max_hp_per_floor":[72,72,72,72,72,72,72,72,72,72,72,72,72,72,72,72,69,69,69,71,71,71,83,83,83,83,83,83,83,83,83,83,83,83,83,83,83,83,83,83,83,85,85,87,87,89,89,89,89,89],"card_choices":[{"not_picked":["Prostrate","Crescendo"],"picked":"FollowUp","floor":1},{"not_picked":["Study","LikeWater"],"picked":"FlyingSleeves","floor":3},{"not_picked":["ThirdEye","FollowUp"],"picked":"Collect","floor":4},{"not_picked":["Wallop","Consecrate"],"picked":"EmptyBody","floor":12},{"not_picked":["BowlingBash","JustLucky"],"picked":"ThirdEye","floor":14},{"not_picked":["Brilliance","Omniscience"],"picked":"DeusExMachina","floor":16},{"not_picked":["Evaluate","FollowUp"],"picked":"CrushJoints","floor":18},{"not_picked":["Wireheading","FlurryOfBlows","BowlingBash"],"picked":"Singing Bowl","floor":20},{"not_picked":["BowlingBash","LessonLearned","Halt"],"picked":"Singing Bowl","floor":23},{"not_picked":["EmptyBody","FlurryOfBlows"],"picked":"CrushJoints","floor":24},{"not_picked":["EmptyBody","Vault"],"picked":"CarveReality","floor":25},{"not_picked":["EmptyFist","FearNoEvil"],"picked":"Adaptation","floor":29},{"not_picked":["Wallop","Meditate"],"picked":"WaveOfTheHand","floor":30},{"not_picked":["Alpha","DevaForm"],"picked":"SpiritShield","floor":33},{"not_picked":["Wireheading","Perseverance"],"picked":"ClearTheMind+1","floor":35},{"not_picked":["ForeignInfluence","FollowUp+1"],"picked":"Indignation+1","floor":37},{"not_picked":["Prostrate","FlurryOfBlows+1"],"picked":"EmptyFist+1","floor":40},{"not_picked":["Protect+1","BowlingBash+1"],"picked":"FollowUp+1","floor":41},{"not_picked":["Evaluate+1","Protect+1","EmptyFist"],"picked":"Singing Bowl","floor":42},{"not_picked":["DeusExMachina","Vengeance","ClearTheMind"],"picked":"Singing Bowl","floor":44},{"not_picked":["Perseverance+1","FollowUp+1"],"picked":"Crescendo+1","floor":45},{"not_picked":["Adaptation","EmptyFist+1","SandsOfTime+1"],"picked":"Singing Bowl","floor":46}],"player_experience":85940,"relics_obtained":[{"floor":9,"key":"MoneyPower"},{"floor":12,"key":"MealTicket"},{"floor":14,"key":"DeathBook"},{"floor":23,"key":"Pear"},{"floor":26,"key":"Kunai"},{"floor":29,"key":"Thread and Needle"},{"floor":40,"key":"Mummified Hand"},{"floor":42,"key":"TuHaoJin"},{"floor":43,"key":"Mercury Hourglass"}],"event_choices":[{"damage_healed":0,"gold_gain":0,"player_choice":"Take Wound","damage_taken":0,"relics_obtained":["Golden Idol"],"max_hp_gain":0,"max_hp_loss":0,"event_name":"Golden Idol","floor":7,"gold_loss":0,"cards_obtained":["Injury"]},{"damage_healed":0,"gold_gain":75,"player_choice":"Gather Gold","damage_taken":11,"max_hp_gain":0,"max_hp_loss":0,"event_name":"World of Goop","floor":10,"gold_loss":0},{"damage_healed":0,"gold_gain":0,"player_choice":"Simplicity","damage_taken":0,"max_hp_gain":0,"max_hp_loss":0,"event_name":"Back to Basics","floor":21,"gold_loss":0,"cards_upgraded":["Strike_P","Strike_P","Strike_P","Defend_P","Defend_P","Defend_P","Defend_P"]},{"damage_healed":0,"gold_gain":0,"player_choice":"Gave Idol","damage_taken":0,"relics_obtained":["Bloody Idol"],"max_hp_gain":0,"max_hp_loss":0,"event_name":"Forgotten Altar","floor":27,"relics_lost":["Golden Idol"],"gold_loss":0},{"damage_healed":0,"gold_gain":275,"player_choice":"Desecrate","damage_taken":0,"max_hp_gain":0,"max_hp_loss":0,"event_name":"Golden Shrine","floor":38,"gold_loss":0,"cards_obtained":["Regret"]},{"cards_removed":["Defend_P"],"damage_healed":0,"gold_gain":0,"player_choice":"Removed Skill","damage_taken":0,"max_hp_gain":0,"max_hp_loss":0,"event_name":"Falling","floor":48,"gold_loss":0}],"is_beta":false,"boss_relics":[{"not_picked":["Empty Cage","Runic Dome"],"picked":"MagicMushroom"},{"not_picked":[]},{"not_picked":["HolyWater","Tiny House"],"picked":"VioletLotus"},{"not_picked":[]}],"items_purged_floors":[2,22,31,36,39,47],"is_endless":false,"potions_floor_spawned":[4,12,16,24,29,30,33,37,40,44,46],"ascension_level":3}}