{"host":"8aazbu429xvxw5ti","time":1608096634,"event":{"mods":["2.2 Compatiblity","BaseMod","Colored Map","DeckTracker","Highlight Path","Keyboard Shortcuts","Minty Spire (QoL Compilation)","Permanent Neow","Quick Restart","StSLib","SuperFastMode","everything is the same but u backflip on backflip"],"gold_per_floor":[115,65,85,95,45,72,72,88,88,88,99,125,125,187,187,289,289,300,319,220,220,220],"floor_reached":21,"playtime":987,"items_purged":["Strike_R","Strike_R","Strike_R"],"score":255,"play_id":"96c241dd-6c38-4534-b4a5-ef1099cab909","local_time":"20201216143034","is_ascension_mode":true,"campfire_choices":[{"data":"Rampage","floor":7.0,"key":"SMITH"},{"floor":15.0,"key":"REST"}],"circlet_count":0,"master_deck":["Strike_R","Strike_R","Defend_R","Defend_R","Defend_R","Defend_R","Bash+1","Flame Barrier","Rampage+1","Shrug It Off","Bloodletting+1","Headbutt","Thunderclap","Brutality","Shrug It Off+1","Warcry","True Grit"],"relics":["Black Blood","Smiling Mask","Akabeko","Shovel","Odd Mushroom"],"acts_visited":["Exordium","TheCity"],"potions_floor_usage":[],"damage_taken":[{"damage":9.0,"enemies":"Jaw Worm","floor":1.0,"turns":4.0},{"damage":0.0,"enemies":"Small Slimes","floor":3.0,"turns":3.0},{"damage":5.0,"enemies":"Cultist","floor":4.0,"turns":4.0},{"damage":33.0,"enemies":"3 Sentries","floor":6.0,"turns":10.0},{"damage":0.0,"enemies":"Red Slaver","floor":8.0,"turns":4.0},{"damage":4.0,"enemies":"Looter","floor":11.0,"turns":3.0},{"damage":33.0,"enemies":"Lagavulin","floor":12.0,"turns":5.0},{"damage":2.0,"enemies":"The Mushroom Lair","floor":14.0,"turns":4.0},{"damage":39.0,"enemies":"The Guardian","floor":16.0,"turns":10.0},{"damage":5,"enemies":"3 Byrds","floor":18,"turns":4},{"damage":53,"enemies":"Spheric Guardian","floor":19,"turns":8},{"damage":23,"enemies":"Snake Plant","floor":21,"turns":4}],"seed_played":"6081289847463302533","potions_obtained":[{"floor":1.0,"key":"FearPotion"},{"floor":11.0,"key":"Strength Potion"},{"floor":12.0,"key":"ColorlessPotion"},{"floor":14.0,"key":"PowerPotion"}],"is_trial":false,"path_per_floor":["M","$","M","M","$","E","R","M","T","?","M","E","?","?","R","B",null,"M","M","$","M"],"character_chosen":"IRONCLAD","items_purchased":["True Grit"],"campfire_rested":1,"item_purchase_floors":[20],"current_hp_per_floor":[69,69,75,76,76,49,49,55,55,60,62,35,18,22,47,14,67,74,33,33,10,10],"gold":220,"neow_bonus":"RANDOM_COMMON_RELIC","is_daily":false,"chose_seed":false,"campfire_upgraded":1,"win_rate":0.0,"timestamp":1608096634,"path_taken":["M","$","M","M","$","E","R","M","T","?","M","E","?","?","R","BOSS","M","M","$","M"],"items_purchased_type":["Card"],"build_version":"2020-12-13","purchased_purges":3,"victory":false,"max_hp_per_floor":[80,80,80,80,80,80,80,80,80,85,85,85,85,85,85,85,85,85,85,85,85,85],"card_choices":[{"not_picked":["Battle Trance","Sword Boomerang"],"picked":"Flame Barrier","floor":1.0},{"not_picked":["Intimidate","Disarm","Flex"],"picked":"SKIP","floor":3.0},{"not_picked":["Bloodletting","Burning Pact"],"picked":"Rampage","floor":4.0},{"not_picked":["Limit Break","Iron Wave"],"picked":"Shrug It Off","floor":6.0},{"not_picked":["Clothesline","Sword Boomerang","Wild Strike"],"picked":"SKIP","floor":8.0},{"not_picked":["Twin Strike","Inflame"],"picked":"Bloodletting","floor":11.0},{"not_picked":["Clothesline","Iron Wave"],"picked":"Headbutt","floor":12.0},{"not_picked":["Clothesline","Feel No Pain"],"picked":"Thunderclap","floor":14.0},{"not_picked":["Feed","Juggernaut"],"picked":"Brutality","floor":16.0},{"not_picked":["Havoc","Dark Embrace"],"picked":"Shrug It Off+1","floor":18},{"not_picked":["Flex","Havoc"],"picked":"Warcry","floor":19}],"player_experience":417566,"relics_obtained":[{"floor":6.0,"key":"Akabeko"},{"floor":12.0,"key":"Shovel"},{"floor":14.0,"key":"Odd Mushroom"}],"event_choices":[{"damage_healed":0.0,"max_hp_gain":5.0,"max_hp_loss":0.0,"gold_gain":0.0,"event_name":"Big Fish","player_choice":"Donut","floor":10.0,"gold_loss":0.0,"damage_taken":0.0},{"damage_healed":0.0,"max_hp_gain":0.0,"max_hp_loss":0.0,"gold_gain":0.0,"event_name":"Shining Light","player_choice":"Entered Light","floor":13.0,"gold_loss":0.0,"damage_taken":17.0,"cards_upgraded":["Bloodletting","Bash"]},{"damage_healed":0.0,"max_hp_gain":0.0,"max_hp_loss":0.0,"gold_gain":0.0,"event_name":"Mushrooms","player_choice":"Fought Mushrooms","floor":14.0,"gold_loss":0.0,"damage_taken":0.0}],"is_beta":false,"boss_relics":[{"not_picked":["Busted Crown","Runic Cube"],"picked":"Black Blood"}],"items_purged_floors":[2,5,20],"is_endless":false,"potions_floor_spawned":[1,11,12,14],"killed_by":"Snake Plant","ascension_level":7}}