{"host":"m5n96f98ibl1zi71","time":1608098612,"event":{"mods":["Aspiration","BaseMod","Conspire","Curses Come First","Downfall","Hubris","Minty Spire (QoL Compilation)","Quick Restart","Shop Mod","StSLib","Uncapped"],"gold_per_floor":[118,118,68,85,101,101,101,131,203,235,235,266,266,295,295,392,392,402,419,105,105],"floor_reached":20,"playtime":1413,"items_purged":["Venomology"],"score":350,"play_id":"8675799e-fdc6-4709-8989-d70873c70f5e","local_time":"20201216160332","daily_mods":["Specialized","Diverse","DeadlyEvents","Elite Swarm"],"is_ascension_mode":false,"campfire_choices":[{"data":"hexamod:GhostLash","floor":6,"key":"SMITH"},{"floor":11,"key":"REST"},{"floor":13,"key":"REST"},{"data":"Alpha","floor":15,"key":"SMITH"}],"circlet_count":0,"master_deck":["conspire:GhostlyStrike","conspire:GhostlyStrike","conspire:GhostlyStrike","conspire:GhostlyDefend","conspire:GhostlyDefend","conspire:GhostlyDefend","conspire:GhostlyDefend","Eruption","Vigilance","hexamod:GhostLash+1","hexamod:GhostLash","hexamod:GhostLash","hexamod:GhostLash","hexamod:GhostLash","sneckomod:UnknownClassGREEN","hexamod:EmpoweringStance","Alpha","Alpha+1","hexamod:BacktrackSmack","sneckomod:UnknownBlock+1","expansioncontent:AwakenDeath"],"relics":["PureWater","hubris:Towel","Potion Belt","hubris:BottledRain","Letter Opener","hubris:Metronome","hubris:TenFootPole","Sozu","hubris:HerbalPaste"],"acts_visited":["Exordium","TheCity"],"potions_floor_usage":[8,10,20,20,20],"damage_taken":[{"damage":3,"enemies":"Jaw Worm","floor":1,"turns":3},{"damage":0,"enemies":"2 Louse","floor":4,"turns":1},{"damage":0,"enemies":"Small Slimes","floor":5,"turns":2},{"damage":9,"enemies":"Lagavulin","floor":8,"turns":4},{"damage":17,"enemies":"Gremlin Nob","floor":10,"turns":4},{"damage":8,"enemies":"3 Sentries","floor":12,"turns":7},{"damage":10,"enemies":"Lagavulin","floor":14,"turns":4},{"damage":43,"enemies":"The Guardian","floor":16,"turns":8},{"damage":2,"enemies":"Chosen","floor":18,"turns":4},{"damage":0,"enemies":"Spheric Guardian","floor":19,"turns":3},{"damage":67,"enemies":"hubris:Merchant","floor":20,"turns":7}],"seed_played":"5221634251235238395","potions_obtained":[{"floor":1,"key":"Block Potion"},{"floor":10,"key":"SpeedPotion"},{"floor":12,"key":"champ:CounterPotion"},{"floor":14,"key":"FearPotion"},{"floor":16,"key":"SteroidPotion"}],"is_trial":true,"path_per_floor":["M","?","?","M","M","R","?","E","T","E","R","E","R","E","R","B",null,"M","M","$"],"character_chosen":"WATCHER","items_purchased":["hubris:HerbalPaste","expansioncontent:AwakenDeath"],"campfire_rested":2,"item_purchase_floors":[20,20],"current_hp_per_floor":[69,69,69,69,69,69,69,60,60,43,64,56,72,62,62,19,72,70,70,6,6],"gold":105,"neow_bonus":"","is_daily":false,"chose_seed":false,"campfire_upgraded":2,"win_rate":0.0,"timestamp":1608098612,"path_taken":["M","?","?","M","M","R","?","?","T","E","R","?","R","E","R","BOSS","M","M","$"],"items_purchased_type":["Relic","Card"],"build_version":"2020-12-13","purchased_purges":1,"victory":false,"max_hp_per_floor":[72,72,72,72,72,72,72,72,72,72,72,72,72,72,72,72,72,72,72,72,72],"card_choices":[{"not_picked":["Steam Power","Go for the Eyes"],"picked":"sneckomod:UnknownClassGREEN","floor":1},{"not_picked":["CutThroughFate","Slimebound:ProtectTheBoss","Stack"],"picked":"SKIP","floor":4},{"not_picked":["Wireheading","Guardian:VentSteam","Malaise"],"picked":"SKIP","floor":5},{"not_picked":["champ:SteelEdge","champ:ShieldSlam"],"picked":"Venomology","floor":8},{"not_picked":["sneckomod:UnknownRareAttack","Fiend Fire"],"picked":"hexamod:EmpoweringStance","floor":10},{"not_picked":["hexamod:TimeWarp","Core Surge"],"picked":"Alpha","floor":12},{"not_picked":["champ:CrownThrow","Venomology"],"picked":"Alpha","floor":14},{"not_picked":["Slimebound:Chomp","Redo"],"picked":"hexamod:BacktrackSmack","floor":18},{"not_picked":["SignatureMove","Perfected Strike"],"picked":"sneckomod:UnknownBlock+1","floor":19}],"player_experience":382902,"relics_obtained":[{"floor":8,"key":"Potion Belt"},{"floor":9,"key":"hubris:BottledRain"},{"floor":10,"key":"Letter Opener"},{"floor":12,"key":"hubris:Metronome"},{"floor":14,"key":"hubris:TenFootPole"}],"event_choices":[{"damage_healed":0,"gold_gain":0,"player_choice":"Agree","damage_taken":0,"max_hp_gain":0,"max_hp_loss":0,"event_name":"conspire:LoneGhost","floor":2,"gold_loss":0},{"cards_removed":["conspire:GhostlyStrike"],"damage_healed":0,"gold_gain":0,"player_choice":"Card Removal","damage_taken":0,"max_hp_gain":0,"max_hp_loss":0,"event_name":"The Cleric","floor":3,"gold_loss":50}],"is_beta":false,"boss_relics":[{"not_picked":["hubris:CrackedHourglass","VioletLotus"],"picked":"Sozu"}],"items_purged_floors":[20],"is_endless":true,"potions_floor_spawned":[1,10,12,14,16,18],"killed_by":"hubris:Merchant","ascension_level":0}}