{"host":"b94931fzay7ri6da","time":1608107984,"event":{"mods":["AchievementEnabler","BaseMod","Colored Map","Colored Powertips","Downfall","Minty Spire (QoL Compilation)","Quick Restart","StSLib","SuperFastMode"],"gold_per_floor":[115,131,141,141,152,152,177,192,192,192,192],"floor_reached":10,"playtime":361,"items_purged":[],"score":74,"play_id":"847d81f0-7777-423a-9b9f-69a1d5a15e72","local_time":"20201216083944","is_ascension_mode":true,"campfire_choices":[{"data":"Alpha","floor":6,"key":"SMITH"}],"circlet_count":0,"master_deck":["Strike_P","Strike_P","Strike_P","Strike_P","Defend_P","Defend_P","Defend_P","Defend_P","Eruption","Vigilance","Swivel","FollowUp","EmptyFist","Alpha+1","InnerPeace","InnerPeace"],"relics":["PureWater","Art of War","Omamori","Bag of Marbles","Shuriken"],"acts_visited":["Exordium"],"potions_floor_usage":[10],"damage_taken":[{"damage":0,"enemies":"Cultist","floor":1,"turns":2},{"damage":7,"enemies":"Small Slimes","floor":2,"turns":5},{"damage":14,"enemies":"Jaw Worm","floor":3,"turns":2},{"damage":6,"enemies":"Red Slaver","floor":5,"turns":4},{"damage":25,"enemies":"Gremlin Nob","floor":7,"turns":4},{"damage":7,"enemies":"Blue Slaver","floor":8,"turns":4},{"damage":19,"enemies":"3 Sentries","floor":10,"turns":2}],"seed_played":"5043086662894678311","potions_obtained":[{"floor":2,"key":"DuplicationPotion"},{"floor":3,"key":"Energy Potion"},{"floor":7,"key":"hexamod:EctoCoolerPotion"}],"is_trial":false,"path_per_floor":["M","M","M","?","M","R","E","M","T","E"],"character_chosen":"WATCHER","items_purchased":[],"campfire_rested":0,"item_purchase_floors":[],"current_hp_per_floor":[72,65,51,51,45,45,20,13,13,0,0],"gold":192,"neow_bonus":"RANDOM_COMMON_RELIC","is_daily":false,"chose_seed":false,"campfire_upgraded":1,"win_rate":0.0,"timestamp":1608107984,"path_taken":["M","?","M","?","M","R","E","?","T","E"],"items_purchased_type":[],"build_version":"2020-12-13","purchased_purges":0,"victory":false,"max_hp_per_floor":[72,72,72,72,72,72,72,72,72,72,72],"card_choices":[{"not_picked":["Consecrate","JustLucky"],"picked":"Swivel","floor":1},{"not_picked":["Protect","SashWhip"],"picked":"FollowUp","floor":2},{"not_picked":["Protect","WaveOfTheHand"],"picked":"EmptyFist","floor":3},{"not_picked":["Wallop","LikeWater"],"picked":"Alpha","floor":5},{"not_picked":["WaveOfTheHand","EmptyBody"],"picked":"InnerPeace","floor":7},{"not_picked":["Worship","DeceiveReality"],"picked":"InnerPeace","floor":8}],"player_experience":301927,"relics_obtained":[{"floor":7,"key":"Bag of Marbles"},{"floor":9,"key":"Shuriken"}],"event_choices":[{"damage_healed":0,"gold_gain":0,"player_choice":"Gave Potion","damage_taken":0,"relics_obtained":["Omamori"],"max_hp_gain":0,"max_hp_loss":0,"event_name":"WeMeetAgain","floor":4,"gold_loss":0}],"is_beta":false,"boss_relics":[],"items_purged_floors":[],"is_endless":false,"potions_floor_spawned":[2,3,7],"killed_by":"3 Sentries","ascension_level":1}}