{"host":"d7qmn60fs48wu5y6","time":1608152105,"event":{"mods":["BaseMod","Downfall","Marisa????????","Minty Spire (QoL Compilation)","Shade Mod","StSLib","The Bug Knight","The Cursed","The Disciple","The Necromancer","The Servant 0.9.4"],"gold_per_floor":[112,112,112,112,112,146,146,177,177,195,205,205,223,242,242,337,387,397,143,162,15,25,60,73,73,73,100,119,119,139,139,139,242,242,262,279,179,229,242,267,283,283,283,315,315,143,159,176,176,176,176,176,0,35,35,35],"floor_reached":55,"playtime":4054,"items_purged":["Strike_W","Strike_W","Strike_W"],"score":904,"play_id":"a341d070-2ef6-4003-aba1-7dd9139c0058","local_time":"20201216125505","is_ascension_mode":false,"campfire_choices":[{"data":"Negative_Energy_Mist","floor":7,"key":"SMITH"},{"data":"Life_Drain","floor":12,"key":"SMITH"},{"data":"Negative_Energy_Mist","floor":15,"key":"SMITH"},{"data":"Summon_Vampire_Lady","floor":25,"key":"SMITH"},{"floor":29,"key":"REST"},{"floor":32,"key":"REST"},{"floor":42,"key":"RECALL"},{"floor":45,"key":"REST"},{"data":"Summon_Vampire_Lady","floor":49,"key":"SMITH"},{"data":"Summon_Vampire_Lady","floor":52,"key":"SMITH"}],"circlet_count":0,"master_deck":["Defend_W","Defend_W+1","Defend_W","Defend_W","Negative_Energy_Arrows+1","Bone_Wall","Bones_to_Steel+1","Negative_Energy_Arrows","Negative_Energy_Mist+1","Life_Drain+1","Bone_Bullets","Stop_Heart","Negative_Energy_Mist+1","Summon_Vampire_Lady+1","Bone_Prison","Blood_Curse+1","Summon_Vampire_Lady+1","Epidemic","Shackles_Of_Pain+1","Bone_Armory","Siphon_Strength","Summon_Vampire_Lady","Chill_Blood","Bone_Armor","Siphon_Strength","Bone_Armor","Summon_Vampire_Lady+1","Bone_Armor","Negative_Energy_Burst","Bone_Armory","Negative_Energy_Shield","Slay_Living+1","Summon_Vampire_Lady+1","Toxic_Smoke_Screen","Bone_Armor+1"],"relics":["Vampire_Amulet","NeowsBlessing","Dream Catcher","Pantograph","Tiny House","Toy Ornithopter","HollowMod:LifeEnderRelic","Singing Bowl","Busted Crown","Turnip","Question Card","Shuriken","Oddly Smooth Stone","DollysMirror","HornCleat"],"acts_visited":["Exordium","TheCity","TheBeyond","TheEnding"],"potions_floor_usage":[10,14,18,24,24,30,40,40,40,50,50],"damage_taken":[{"damage":0,"enemies":"2 Louse","floor":1,"turns":2},{"damage":0,"enemies":"Gremlin Nob","floor":6,"turns":1},{"damage":0,"enemies":"Lagavulin","floor":8,"turns":1},{"damage":2,"enemies":"Small Slimes","floor":10,"turns":4},{"damage":2,"enemies":"Cultist","floor":11,"turns":6},{"damage":10,"enemies":"Gremlin Gang","floor":13,"turns":11},{"damage":9,"enemies":"3 Louse","floor":14,"turns":4},{"damage":17,"enemies":"Hexaghost","floor":16,"turns":10},{"damage":13,"enemies":"3 Byrds","floor":18,"turns":8},{"damage":42,"enemies":"Spheric Guardian","floor":20,"turns":6},{"damage":28,"enemies":"Centurion and Healer","floor":22,"turns":9},{"damage":69,"enemies":"Gremlin Leader","floor":23,"turns":6},{"damage":37,"enemies":"Snake Plant","floor":24,"turns":5},{"damage":45,"enemies":"Book of Stabbing","floor":27,"turns":9},{"damage":84,"enemies":"3 Cultists","floor":28,"turns":7},{"damage":35,"enemies":"Cultist and Chosen","floor":30,"turns":8},{"damage":50,"enemies":"Champ","floor":33,"turns":14},{"damage":48,"enemies":"Orb Walker","floor":35,"turns":7},{"damage":7,"enemies":"3 Shapes","floor":36,"turns":9},{"damage":26,"enemies":"Mind Bloom Boss Battle","floor":38,"turns":8},{"damage":41,"enemies":"Maw","floor":39,"turns":10},{"damage":100,"enemies":"Reptomancer","floor":40,"turns":9},{"damage":42,"enemies":"Sphere and 2 Shapes","floor":41,"turns":8},{"damage":93,"enemies":"Nemesis","floor":44,"turns":9},{"damage":62,"enemies":"3 Darklings","floor":47,"turns":9},{"damage":26,"enemies":"Transient","floor":48,"turns":5},{"damage":90,"enemies":"Awakened One","floor":50,"turns":19},{"damage":133,"enemies":"Shield and Spear","floor":54,"turns":9},{"damage":92,"enemies":"The Heart","floor":55,"turns":6}],"seed_played":"-127575953223359160","potions_obtained":[{"floor":1,"key":"DistilledChaos"},{"floor":6,"key":"DistilledChaos"},{"floor":11,"key":"DuplicationPotion"},{"floor":13,"key":"Regen Potion"},{"floor":17,"key":"hexamod:EctoCoolerPotion"},{"floor":18,"key":"GamblersBrew"},{"floor":20,"key":"Regen Potion"},{"floor":28,"key":"ColorlessPotion"},{"floor":30,"key":"Block Potion"},{"floor":36,"key":"Fire Potion"},{"floor":44,"key":"DuplicationPotion"},{"floor":48,"key":"sneckomod:MuddlingPotion"}],"is_trial":false,"path_per_floor":["M","?","?","?","?","E","R","E","T","M","M","R","M","M","R","B",null,"M","$","M","$","M","E","M","R","T","E","M","R","M","?","R","B",null,"M","M","$","?","M","E","M","R","T","E","R","$","M","M","R","B",null,"R","$","E","B"],"character_chosen":"NECROMANCER","items_purchased":["Summon_Vampire_Lady","Epidemic","Bone_Armory","Siphon_Strength","Negative_Energy_Shield","DollysMirror","Toxic_Smoke_Screen"],"campfire_rested":3,"item_purchase_floors":[19,19,21,21,46,53,53],"current_hp_per_floor":[75,75,60,53,53,55,55,57,57,65,75,75,75,75,75,72,80,80,80,74,74,80,38,68,68,68,57,12,36,43,37,62,72,84,62,84,84,86,88,65,71,71,71,47,76,76,76,87,87,96,96,96,96,28,0,0],"gold":35,"neow_bonus":"THREE_ENEMY_KILL","is_daily":false,"chose_seed":false,"campfire_upgraded":6,"win_rate":0.0,"timestamp":1608152105,"path_taken":["M","?","?","?","?","E","R","E","T","M","M","R","M","M","R","BOSS","M","$","M","$","M","E","M","R","T","E","M","R","M","?","R","BOSS","M","?","$","?","M","E","M","R","T","E","R","$","M","M","R","BOSS","R","$","E","BOSS"],"items_purchased_type":["Card","Card","Card","Card","Card","Relic","Card"],"build_version":"2020-12-13","purchased_purges":3,"victory":false,"max_hp_per_floor":[75,75,75,75,75,75,75,75,75,75,75,75,75,75,75,75,80,80,80,80,80,80,80,80,80,80,82,82,82,84,84,84,84,84,84,84,84,86,88,90,92,92,92,92,94,94,94,96,96,96,96,96,96,96,96,96],"card_choices":[{"not_picked":["Thousand_Bone_Knives","Death_March_Dance"],"picked":"Bones_to_Steel","floor":1},{"not_picked":["Shackles_Of_Pain","Blood_for_Blood"],"picked":"Negative_Energy_Mist","floor":6},{"not_picked":["Blood_Whip","Bone_Bullets"],"picked":"Life_Drain","floor":8},{"not_picked":["Death_Coil","Shackles_Of_Pain","Summon_Lich"],"picked":"SKIP","floor":10},{"not_picked":["Spectral_Walk","Flesh_Made_Foul"],"picked":"Bone_Bullets","floor":11},{"not_picked":["Negative_Energy_Sphere","Bone_Bullets"],"picked":"Stop_Heart","floor":13},{"not_picked":["Negative_Energy_Sphere","Spectral_Armor"],"picked":"Negative_Energy_Mist","floor":14},{"not_picked":["Summon_Death_Knight","Negative_Energy_Bomb"],"picked":"Summon_Vampire_Lady","floor":16},{"not_picked":["Summon_Undead","Shackles_Of_Pain"],"picked":"Bone_Prison","floor":17},{"not_picked":["Whirlwind_of_Bones","Bone_Bullets"],"picked":"Blood_Curse+1","floor":18},{"not_picked":["Life_Drain","Chill_Blood"],"picked":"Shackles_Of_Pain+1","floor":20},{"not_picked":["Chill_Blood","Vampiric_Strike+1"],"picked":"Summon_Vampire_Lady","floor":22},{"not_picked":["Thousand_Bone_Knives+1","Bones_to_Steel","Toxic_Smoke_Screen"],"picked":"SKIP","floor":23},{"not_picked":["Vampiric_Strike+1","Bones_to_Steel"],"picked":"Chill_Blood","floor":24},{"not_picked":["Bones_to_Steel+1","Strike_from_Beyond","Summon_Undead_Army"],"picked":"Singing Bowl","floor":27},{"not_picked":["Bone_Bullets","Plague_Bolt"],"picked":"Bone_Armor","floor":28},{"not_picked":["Bone_Bullets+1","Scare+1"],"picked":"Siphon_Strength","floor":29},{"not_picked":["Skeleton_Dragon","Epidemic","Scare"],"picked":"Singing Bowl","floor":30},{"not_picked":["Vampiric_Strike","Pandemic"],"picked":"Bone_Armor","floor":32},{"not_picked":["Blood_Magic","Grasp_Heart"],"picked":"Summon_Vampire_Lady","floor":33},{"not_picked":[],"picked":"Bone_Armor","floor":35},{"not_picked":[],"picked":"Negative_Energy_Burst","floor":36},{"not_picked":["Bone_Spikes+1"],"picked":"Singing Bowl","floor":38},{"not_picked":["Bone_Spikes"],"picked":"Singing Bowl","floor":39},{"not_picked":["Negative_Energy_Sphere"],"picked":"Singing Bowl","floor":40},{"not_picked":["Blood_for_Blood","Thousand_Bone_Knives"],"picked":"Singing Bowl","floor":41},{"not_picked":["Consume_Illness"],"picked":"Bone_Armory","floor":44},{"not_picked":["Toxic_Smoke_Screen+1","Death_March_Dance+1"],"picked":"Singing Bowl","floor":45},{"not_picked":["Negative_Energy_Shield"],"picked":"Slay_Living+1","floor":47},{"not_picked":["Strike_from_Beyond","Blood_Whip+1"],"picked":"Singing Bowl","floor":48},{"not_picked":["Chill_Blood+1"],"picked":"Bone_Armor+1","floor":54}],"player_experience":874307,"relics_obtained":[{"floor":6,"key":"Dream Catcher"},{"floor":8,"key":"Pantograph"},{"floor":23,"key":"Toy Ornithopter"},{"floor":26,"key":"HollowMod:LifeEnderRelic"},{"floor":27,"key":"Singing Bowl"},{"floor":38,"key":"Turnip"},{"floor":40,"key":"Question Card"},{"floor":43,"key":"Shuriken"},{"floor":44,"key":"Oddly Smooth Stone"},{"floor":54,"key":"HornCleat"}],"event_choices":[{"damage_healed":0,"gold_gain":0,"player_choice":"Ignored","damage_taken":0,"max_hp_gain":0,"max_hp_loss":0,"event_name":"Liars Game","floor":2,"gold_loss":0},{"damage_healed":0,"gold_gain":0,"player_choice":"Entered Light","damage_taken":15,"max_hp_gain":0,"max_hp_loss":0,"event_name":"Shining Light","floor":3,"gold_loss":0,"cards_upgraded":["Bones_to_Steel","Defend_W"]},{"cards_removed":["Strike_W"],"damage_healed":0,"gold_gain":0,"player_choice":"Card Removal","damage_taken":7,"max_hp_gain":0,"max_hp_loss":0,"event_name":"Golden Wing","floor":4,"gold_loss":0},{"damage_healed":0,"gold_gain":0,"player_choice":"1 cards matched","damage_taken":0,"max_hp_gain":0,"max_hp_loss":0,"event_name":"Match and Keep!","floor":5,"gold_loss":0,"cards_obtained":["Negative_Energy_Arrows"]},{"damage_healed":0,"gold_gain":0,"player_choice":"","damage_taken":6,"max_hp_gain":0,"max_hp_loss":0,"event_name":"Knowing Skull","floor":31,"potions_obtained":[],"gold_loss":0,"cards_obtained":[]},{"damage_healed":0,"gold_gain":0,"player_choice":"Fight","damage_taken":0,"max_hp_gain":0,"max_hp_loss":0,"event_name":"MindBloom","floor":38,"gold_loss":0}],"is_beta":false,"boss_relics":[{"not_picked":["Snecko Eye","Fusion Hammer"],"picked":"Tiny House"},{"not_picked":["Runic Pyramid","Velvet Choker"],"picked":"Busted Crown"}],"items_purged_floors":[19,37,46],"is_endless":false,"potions_floor_spawned":[1,6,11,13,18,20,23,28,30,36,44,48],"killed_by":"The Heart","ascension_level":0}}