{"host":"p7j7o00jacnw7qzt","time":1608078706,"event":{"mods":["BaseMod","Colored Map","Colored Powertips","DeckTracker","Highlight Path","Minty Spire (QoL Compilation)","Relic Stats"],"gold_per_floor":[118,134,134,134,134,165,165,90,90,115,153,12,25,59,59,153,153,167,183,207,225,249,283,283,158,158,183,183,215,227,265,277,363,375,407,434,446,43,54,54,87,104,158,184,200,200,215,241,241,241,241,241,241,34,66,66],"floor_reached":57,"playtime":2627,"items_purged":["Defend_G","Strike_G","Strike_G","Strike_G","Strike_G"],"score":3430,"play_id":"6279fd5f-1762-45fd-b0ac-c9663bfdc9ed","local_time":"20201215193146","is_ascension_mode":true,"campfire_choices":[{"data":"Blade Dance","floor":7.0,"key":"SMITH"},{"data":"Accuracy","floor":15.0,"key":"SMITH"},{"data":"Acrobatics","floor":28.0,"key":"SMITH"},{"data":"Expertise","floor":30.0,"key":"SMITH"},{"data":"Calculated Gamble","floor":32.0,"key":"SMITH"},{"data":"Acrobatics","floor":40.0,"key":"SMITH"},{"floor":46.0,"key":"RECALL"},{"data":"Blade Dance","floor":49.0,"key":"SMITH"},{"data":"Calculated Gamble","floor":53.0,"key":"SMITH"}],"circlet_count":0,"master_deck":["AscendersBane","Defend_G","Defend_G","Defend_G","Defend_G","Survivor","Neutralize","Blade Dance+1","Expertise+1","Backstab","Acrobatics+1","Blade Dance+1","Accuracy+1","After Image","Concentrate+1","Calculated Gamble+1","Calculated Gamble+1","After Image","Acrobatics+1","Terror","Escape Plan","Reflex"],"relics":["Ring of the Snake","NeowsBlessing","Bloody Idol","Pantograph","FossilizedHelix","Lantern","MealTicket","Letter Opener","Black Star","Bronze Scales","Dream Catcher","Smiling Mask","Nunchaku","MawBank","Oddly Smooth Stone","Tingsha","Ginger","WristBlade","DollysMirror","Centennial Puzzle","Strawberry","Happy Flower","Potion Belt","Mummified Hand","StrikeDummy","Regal Pillow","Eternal Feather","Pear","Pen Nib"],"acts_visited":["Exordium","TheCity","TheBeyond","TheEnding"],"potions_floor_usage":[56,56,56,56,56,56],"damage_taken":[{"damage":0.0,"enemies":"Cultist","floor":1.0,"turns":1.0},{"damage":0.0,"enemies":"Small Slimes","floor":2.0,"turns":1.0},{"damage":0.0,"enemies":"3 Sentries","floor":6.0,"turns":1.0},{"damage":0.0,"enemies":"2 Louse","floor":10.0,"turns":3.0},{"damage":18.0,"enemies":"Gremlin Nob","floor":11.0,"turns":4.0},{"damage":0.0,"enemies":"Blue Slaver","floor":13.0,"turns":2.0},{"damage":0.0,"enemies":"Lagavulin","floor":14.0,"turns":3.0},{"damage":8.0,"enemies":"The Guardian","floor":16.0,"turns":13.0},{"damage":6.0,"enemies":"2 Thieves","floor":18.0,"turns":3.0},{"damage":2.0,"enemies":"Shell Parasite","floor":19.0,"turns":4.0},{"damage":0.0,"enemies":"Sentry and Sphere","floor":20.0,"turns":3.0},{"damage":0.0,"enemies":"Centurion and Healer","floor":21.0,"turns":3.0},{"damage":0.0,"enemies":"Cultist and Chosen","floor":22.0,"turns":3.0},{"damage":17.0,"enemies":"Book of Stabbing","floor":23.0,"turns":4.0},{"damage":0.0,"enemies":"Gremlin Leader","floor":27.0,"turns":4.0},{"damage":0.0,"enemies":"Slavers","floor":29.0,"turns":2.0},{"damage":0.0,"enemies":"Gremlin Leader","floor":31.0,"turns":2.0},{"damage":1.0,"enemies":"Champ","floor":33.0,"turns":5.0},{"damage":0.0,"enemies":"3 Darklings","floor":35.0,"turns":1.0},{"damage":0.0,"enemies":"Orb Walker","floor":36.0,"turns":2.0},{"damage":0.0,"enemies":"Sphere and 2 Shapes","floor":39.0,"turns":1.0},{"damage":9.0,"enemies":"Reptomancer","floor":41.0,"turns":3.0},{"damage":0.0,"enemies":"Transient","floor":42.0,"turns":5.0},{"damage":0.0,"enemies":"Nemesis","floor":44.0,"turns":1.0},{"damage":0.0,"enemies":"Spire Growth","floor":45.0,"turns":2.0},{"damage":0.0,"enemies":"3 Darklings","floor":47.0,"turns":2.0},{"damage":0.0,"enemies":"Giant Head","floor":48.0,"turns":3.0},{"damage":13.0,"enemies":"Time Eater","floor":50.0,"turns":7.0},{"damage":0.0,"enemies":"Awakened One","floor":51.0,"turns":3.0},{"damage":0.0,"enemies":"Shield and Spear","floor":55.0,"turns":1.0},{"damage":22,"enemies":"The Heart","floor":56,"turns":4}],"seed_played":"-8746265782384358144","potions_obtained":[{"floor":10.0,"key":"FearPotion"},{"floor":11.0,"key":"Regen Potion"},{"floor":20.0,"key":"FearPotion"},{"floor":21.0,"key":"LiquidBronze"},{"floor":29.0,"key":"Fire Potion"},{"floor":33.0,"key":"CunningPotion"},{"floor":35.0,"key":"CultistPotion"},{"floor":45.0,"key":"GamblersBrew"},{"floor":55.0,"key":"CultistPotion"}],"is_trial":false,"path_per_floor":["M","M","?","?","?","E","R","$","T","M","E","$","M","E","R","B",null,"M","M","M","M","M","E","?","$","T","E","R","E","R","E","R","B",null,"M","M","?","$","M","R","E","M","T","E","M","R","M","E","R","B","B",null,"R","$","E","B",null],"character_chosen":"THE_SILENT","items_purchased":["Accuracy","DollysMirror","Acrobatics","Centennial Puzzle","Reflex","EntropicBrew"],"campfire_rested":0,"item_purchase_floors":[12,38,38,38,54,54],"current_hp_per_floor":[59,59,59,52,47,47,47,47,47,47,29,44,44,44,44,52,58,52,50,50,50,50,33,33,48,48,53,53,58,60,60,60,60,60,60,60,60,60,60,60,63,67,67,67,67,67,67,67,67,54,67,67,67,67,77,55],"gold":66,"neow_bonus":"THREE_ENEMY_KILL","is_daily":false,"chose_seed":false,"campfire_upgraded":8,"win_rate":0.0,"timestamp":1608078706,"path_taken":["M","?","?","?","?","E","R","$","T","M","E","$","M","E","R","BOSS","M","M","M","M","M","E","?","$","T","E","R","E","R","E","R","BOSS","M","M","?","$","?","R","E","M","T","E","M","R","M","E","R","BOSS","BOSS","R","$","E","BOSS"],"items_purchased_type":["Card","Relic","Card","Relic","Card","Potion"],"build_version":"2020-12-13","purchased_purges":5,"victory":true,"max_hp_per_floor":[66,66,60,60,60,60,60,60,60,60,60,60,60,60,60,60,60,60,60,60,60,60,60,60,60,60,60,60,60,60,60,60,60,60,60,60,60,60,60,60,67,67,67,67,67,67,67,67,67,67,67,67,67,67,77,77],"relic_stats":{"Regal Pillow":0,"Happy Flower":[9],"counters":[31,96],"Tingsha":[902],"Eternal Feather":0,"Pen Nib":[2],"Letter Opener":[651],"Ginger":[7],"Smiling Mask":225,"MawBank":108,"Dream Catcher":0,"Nunchaku":[29],"Centennial Puzzle":[9],"Mummified Hand":[19],"Bloody Idol":22,"Pantograph":29,"Bronze Scales":[129],"MealTicket":30,"Black Star":8,"obtain_stats":[{"Lantern":9,"Regal Pillow":48,"Ginger":31,"Smiling Mask":27,"Dream Catcher":23,"Nunchaku":27,"Centennial Puzzle":38,"WristBlade":34,"DollysMirror":38,"Mummified Hand":44,"Pantograph":5,"Strawberry":41,"MealTicket":11,"Ring of the Snake":0,"Potion Belt":43,"Pear":55,"NeowsBlessing":0,"Happy Flower":41,"Golden Idol":3,"Oddly Smooth Stone":29,"Tingsha":31,"Eternal Feather":48,"Pen Nib":55,"Letter Opener":14,"MawBank":29,"Bronze Scales":23,"Bloody Idol":24,"Black Star":17,"StrikeDummy":44,"FossilizedHelix":6},{"Lantern":3,"Regal Pillow":27,"Ginger":17,"Smiling Mask":15,"Dream Catcher":14,"Nunchaku":15,"Centennial Puzzle":20,"WristBlade":18,"DollysMirror":20,"Mummified Hand":24,"Pantograph":2,"Strawberry":22,"MealTicket":5,"Ring of the Snake":0,"Potion Belt":23,"Pear":30,"NeowsBlessing":0,"Happy Flower":22,"Golden Idol":2,"Oddly Smooth Stone":16,"Tingsha":17,"Eternal Feather":27,"Pen Nib":30,"Letter Opener":7,"MawBank":16,"Bronze Scales":14,"Bloody Idol":14,"Black Star":8,"StrikeDummy":24,"FossilizedHelix":3},{"Lantern":3,"Regal Pillow":81,"Ginger":56,"Smiling Mask":52,"Dream Catcher":48,"Nunchaku":52,"Centennial Puzzle":64,"WristBlade":61,"DollysMirror":64,"Mummified Hand":74,"Pantograph":2,"Strawberry":68,"MealTicket":10,"Ring of the Snake":0,"Potion Belt":73,"Pear":92,"NeowsBlessing":0,"Happy Flower":68,"Golden Idol":2,"Oddly Smooth Stone":54,"Tingsha":56,"Eternal Feather":81,"Pen Nib":92,"Letter Opener":15,"MawBank":54,"Bronze Scales":48,"Bloody Idol":48,"Black Star":28,"StrikeDummy":74,"FossilizedHelix":3}],"Ring of the Snake":[62]},"card_choices":[{"not_picked":["Quick Slash","Underhanded Strike"],"picked":"Blade Dance","floor":1.0},{"not_picked":["Deflect","Catalyst"],"picked":"Expertise","floor":2.0},{"not_picked":["Slice","PiercingWail"],"picked":"Backstab","floor":6.0},{"not_picked":["Infinite Blades","Underhanded Strike"],"picked":"Acrobatics","floor":10.0},{"not_picked":["Cloak And Dagger","Underhanded Strike"],"picked":"Blade Dance","floor":11.0},{"not_picked":["Catalyst","Blade Dance","Skewer"],"picked":"SKIP","floor":13.0},{"not_picked":["Sucker Punch","Predator"],"picked":"After Image","floor":14.0},{"not_picked":["Heel Hook","Dodge and Roll"],"picked":"Concentrate+1","floor":18.0},{"not_picked":["Dagger Throw","Cloak And Dagger","Bane"],"picked":"SKIP","floor":19.0},{"not_picked":["Sucker Punch","Bouncing Flask","Finisher"],"picked":"SKIP","floor":20.0},{"not_picked":["Escape Plan","Dagger Throw"],"picked":"Calculated Gamble","floor":21.0},{"not_picked":["Caltrops+1","Prepared","Sucker Punch"],"picked":"SKIP","floor":22.0},{"not_picked":["Heel Hook","Sucker Punch"],"picked":"Calculated Gamble","floor":23.0},{"not_picked":["Deflect","Corpse Explosion","Endless Agony"],"picked":"SKIP","floor":27.0},{"not_picked":["Setup","Crippling Poison","Leg Sweep"],"picked":"SKIP","floor":29.0},{"not_picked":["Expertise","Blade Dance","Crippling Poison"],"picked":"SKIP","floor":31.0},{"not_picked":["Bane","Well Laid Plans+1","Prepared"],"picked":"SKIP","floor":35.0},{"not_picked":["Concentrate","Slice","Deflect"],"picked":"SKIP","floor":36.0},{"not_picked":["Flying Knee+1","Leg Sweep","Predator"],"picked":"SKIP","floor":39.0},{"not_picked":["Dash","Flying Knee"],"picked":"Terror","floor":41.0},{"not_picked":["Unload","Dagger Throw","Heel Hook"],"picked":"SKIP","floor":42.0},{"not_picked":["Catalyst+1","Flying Knee","Poisoned Stab"],"picked":"SKIP","floor":44.0},{"not_picked":["Catalyst+1","Flying Knee","Poisoned Stab"],"picked":"SKIP","floor":44.0},{"not_picked":["Bouncing Flask","Poisoned Stab","Slice"],"picked":"SKIP","floor":45.0},{"not_picked":["Prepared+1","Dagger Throw","Cloak And Dagger+1"],"picked":"SKIP","floor":47.0},{"not_picked":["Finisher+1","Quick Slash+1"],"picked":"Escape Plan","floor":48.0},{"not_picked":["Blur","Terror","Endless Agony"],"picked":"SKIP","floor":55.0}],"player_experience":873785,"relics_obtained":[{"floor":6.0,"key":"FossilizedHelix"},{"floor":9.0,"key":"Lantern"},{"floor":11.0,"key":"MealTicket"},{"floor":14.0,"key":"Letter Opener"},{"floor":23.0,"key":"Bronze Scales"},{"floor":23.0,"key":"Dream Catcher"},{"floor":27.0,"key":"Smiling Mask"},{"floor":27.0,"key":"Nunchaku"},{"floor":29.0,"key":"MawBank"},{"floor":29.0,"key":"Oddly Smooth Stone"},{"floor":31.0,"key":"Tingsha"},{"floor":31.0,"key":"Ginger"},{"floor":41.0,"key":"Strawberry"},{"floor":41.0,"key":"Happy Flower"},{"floor":43.0,"key":"Potion Belt"},{"floor":44.0,"key":"Mummified Hand"},{"floor":44.0,"key":"StrikeDummy"},{"floor":48.0,"key":"Regal Pillow"},{"floor":48.0,"key":"Eternal Feather"},{"floor":55.0,"key":"Pear"},{"floor":55.0,"key":"Pen Nib"}],"event_choices":[{"damage_healed":0.0,"max_hp_gain":0.0,"max_hp_loss":6.0,"gold_gain":0.0,"event_name":"Golden Idol","player_choice":"Lose Max HP","floor":3.0,"gold_loss":0.0,"damage_taken":0.0,"relics_obtained":["Golden Idol"]},{"cards_removed":["Strike_G"],"damage_healed":0.0,"max_hp_gain":0.0,"max_hp_loss":0.0,"gold_gain":0.0,"event_name":"Golden Wing","player_choice":"Card Removal","floor":4.0,"gold_loss":0.0,"damage_taken":7.0},{"damage_healed":0.0,"max_hp_gain":0.0,"max_hp_loss":0.0,"gold_gain":0.0,"event_name":"Scrap Ooze","player_choice":"Success","floor":5.0,"gold_loss":0.0,"damage_taken":5.0,"relics_obtained":["Pantograph"]},{"damage_healed":0.0,"max_hp_gain":0.0,"max_hp_loss":0.0,"gold_gain":0.0,"event_name":"Forgotten Altar","player_choice":"Gave Idol","floor":24.0,"relics_lost":["Golden Idol"],"gold_loss":0.0,"damage_taken":0.0,"relics_obtained":["Bloody Idol"]},{"damage_healed":0.0,"max_hp_gain":0.0,"max_hp_loss":0.0,"gold_gain":0.0,"event_name":"Match and Keep!","player_choice":"0 cards matched","floor":37.0,"gold_loss":0.0,"damage_taken":0.0,"cards_obtained":[]}],"is_beta":false,"boss_relics":[{"not_picked":["Runic Dome","Sozu"],"picked":"Black Star"},{"not_picked":["Fusion Hammer","Pandora\u0027s Box"],"picked":"WristBlade"}],"items_purged_floors":[8,12,25,38,54],"is_endless":false,"potions_floor_spawned":[10,11,14,19,20,21,29,33,35,42,45,55],"ascension_level":20}}