{"host":"exexdi9os29xec1d","time":1608127024,"event":{"mods":["Act Like it!","BaseMod","Colored Map","Conspire","Decade(王小明)","Downfall","Gensokyo","Hero for Fun","HololiveMod","Hubris","Infinite Spire","KinomotoSakuraMod(木之本樱)","Koishi","LagranYue(拉格朗・月)","Marisa（F雨　魔理沙）","Minty Spire (QoL Compilation)","READ ME - Guardian Mod","Remilia（蕾米莉亚）","Replay The Spire","Shop Mod","StSLib","The Animator","The Bladedancer","The Bug Knight","The Cursed","The Disciple","The Hierophant","The Necromancer","The Servant 0.9.4","Youmu（魂魄妖梦）","[地精首领爬塔]The Maniac"],"gold_per_floor":[112,132,82,93,107,121,180,195,274,274,22,22,22,22,22,22,22,36,36,54,54,54,54,54,54,107,126,137,149,159,178,178,279,279,312,350,384,427,427,427,427,468,543,543,591,591,591,648,648,648],"floor_reached":51,"playtime":7480,"items_purged":[],"score":1020,"play_id":"a604539c-c6e1-4af2-a3db-12792460f6a3","local_time":"20201216215704","is_ascension_mode":false,"campfire_choices":[{"data":"Backflip","floor":10.0,"key":"SMITH"},{"floor":12.0,"key":"REST"},{"data":"conspire:PoisonWeapons","floor":15.0,"key":"SMITH"},{"data":"Burst","floor":23,"key":"SMITH"},{"data":"Footwork","floor":25,"key":"SMITH"},{"floor":32,"key":"REST"},{"data":"Bouncing Flask","floor":40,"key":"SMITH"},{"data":"Blur","floor":44,"key":"SMITH"},{"data":"Catalyst","floor":46,"key":"SMITH"}],"circlet_count":0,"master_deck":["Strike_G","Strike_G","Strike_G","Defend_G","Defend_G","Defend_G","Defend_G","Defend_G","Survivor","Neutralize","Dagger Spray","Footwork+1","conspire:PoisonWeapons+1","Crippling Poison+1","Backflip+1","Draining Mist","Burst+1","infinitespire:Fortify","PiercingWail+1","infinitespire:Fortify","Burst+1","Blur+1","Distraction","Deadly Poison+1","Backflip+1","Bouncing Flask+1","PiercingWail+1","Parasite","Catalyst+1"],"relics":["Ring of the Snake","LagranYue:RandomDrawCardRelic","Bronze Scales","Mirror","infinitespire:BottledMercury","conspire:SeveredTorchhead","HornCleat","Sozu","infinitespire:PuzzleCube","infinitespire:EvilPickle","hubris:HollowSoul","conspire:Dentures","Mango","hubris:Towel"],"acts_visited":["Exordium","TheCity","TheBeyond"],"potions_floor_usage":[33],"damage_taken":[{"damage":0.0,"enemies":"conspire:RoseBush","floor":1.0,"turns":4.0},{"damage":0.0,"enemies":"Small Slimes","floor":2.0,"turns":4.0},{"damage":2.0,"enemies":"Cultist","floor":4.0,"turns":4.0},{"damage":4.0,"enemies":"Blue Slaver","floor":5.0,"turns":5.0},{"damage":4.0,"enemies":"Large Slime","floor":6.0,"turns":8.0},{"damage":11.0,"enemies":"2 Fungi Beasts","floor":8.0,"turns":2.0},{"damage":4.0,"enemies":"conspire:2 RoseBushes","floor":14.0,"turns":6.0},{"damage":6.0,"enemies":"Fading Forest","floor":16.0,"turns":11.0},{"damage":11,"enemies":"conspire:FuzzyDice","floor":18,"turns":5},{"damage":0,"enemies":"3 Byrds","floor":20,"turns":4},{"damage":0,"enemies":"Snake Plant","floor":27,"turns":4},{"damage":0,"enemies":"Snecko","floor":28,"turns":6},{"damage":0,"enemies":"Centurion and Healer","floor":29,"turns":59},{"damage":9,"enemies":"Shelled Parasite and Fungi","floor":30,"turns":7},{"damage":0,"enemies":"conspire:HollyBat","floor":31,"turns":9},{"damage":14,"enemies":"Pondfish","floor":33,"turns":15},{"damage":5,"enemies":"Orb Walker","floor":35,"turns":3},{"damage":0,"enemies":"3 Darklings","floor":36,"turns":2},{"damage":0,"enemies":"Maw","floor":37,"turns":8},{"damage":3,"enemies":"Sphere and 2 Shapes","floor":38,"turns":9},{"damage":0,"enemies":"Writhing Mass","floor":42,"turns":6},{"damage":11,"enemies":"2 Orb Walkers","floor":45,"turns":7},{"damage":0,"enemies":"Maw","floor":48,"turns":8},{"damage":61,"enemies":"Donu and Deca","floor":50,"turns":14}],"seed_played":"-2667802167691965135","potions_obtained":[{"floor":1.0,"key":"Reflective Coating"},{"floor":4.0,"key":"infinitespire:BlackPotion"},{"floor":7.0,"key":"Toxic Potion"},{"floor":20,"key":"Fire Potion"}],"is_trial":false,"path_per_floor":["M","M","?","M","M","M","?","M","T","R","$","R","$","M","R","B",null,"M","?","M","?","AVR","R","?","R","T","M","M","M","M","M","R","B",null,"M","M","M","M","?","R","?","M","T","R","?","R","?","M","R_BF","B",null],"character_chosen":"THE_SILENT","items_purchased":["infinitespire:BottledMercury"],"campfire_rested":2,"item_purchase_floors":[11],"current_hp_per_floor":[70,70,70,68,64,60,32,21,21,21,21,42,42,38,38,42,70,59,42,42,42,42,42,42,42,42,42,42,42,33,33,54,40,70,65,65,65,62,62,62,62,62,62,62,65,65,65,65,80,19],"gold":648,"neow_bonus":"THREE_CARDS","is_daily":false,"chose_seed":false,"campfire_upgraded":7,"win_rate":0.0,"timestamp":1608127024,"path_taken":["M","M","?","M","M","M","?","M","T","R","$","R","$","M","R","BOSS","M","?","M","?","AVR","R","?","R","T","M","M","M","M","M","R","BOSS","M","?","M","M","?","R","?","M","T","R","?","R","?","M","R_BF","BOSS"],"items_purchased_type":["Relic"],"build_version":"2020-12-13","purchased_purges":0,"victory":true,"max_hp_per_floor":[70,70,70,70,70,70,70,70,70,70,70,70,70,70,70,70,70,70,70,70,70,70,70,70,70,70,70,70,70,70,70,70,70,70,70,70,70,70,70,70,66,66,66,66,80,80,80,80,80,80],"card_choices":[{"not_picked":["Poisoned Stab","hubris:SlightOfHand"],"picked":"Dagger Spray","floor":0.0},{"not_picked":["Bane","Hidden Blade"],"picked":"Footwork","floor":1.0},{"not_picked":["Backstab","Quick Slash"],"picked":"conspire:PoisonWeapons","floor":2.0},{"not_picked":["Blade Dance","Poisoned Stab"],"picked":"Crippling Poison","floor":4.0},{"not_picked":["Deflect","hubris:Sniper","Prepared"],"picked":"SKIP","floor":5.0},{"not_picked":["Reflex","Fluid Movement"],"picked":"Backflip","floor":6.0},{"not_picked":["Blade Dance","Dagger Throw"],"picked":"Draining Mist","floor":7.0},{"not_picked":["Blade Dance","Dagger Throw","Underhanded Strike"],"picked":"SKIP","floor":8.0},{"not_picked":["Backflip","hubris:SlightOfHand","Blade Dance"],"picked":"SKIP","floor":14.0},{"not_picked":["Die Die Die","Malaise"],"picked":"Burst","floor":16.0},{"not_picked":["Dagger Spray","ReplayTheSpireMod:Shiv Toss","Distraction"],"picked":"SKIP","floor":18},{"not_picked":["hubris:InfiniteBlow","infinitespire:SealOfDarkness+"],"picked":"infinitespire:Fortify","floor":19},{"not_picked":["Backstab+1","ReplayTheSpireMod:Shiv Toss+1"],"picked":"PiercingWail+1","floor":20},{"not_picked":["Dagger Spray","Blade Dance","Deflect"],"picked":"SKIP","floor":27},{"not_picked":["PiercingWail","Dagger Throw"],"picked":"Blur","floor":28},{"not_picked":["After Image","Prepared"],"picked":"Distraction","floor":29},{"not_picked":["Quick Slash","Prepared"],"picked":"Deadly Poison+1","floor":30},{"not_picked":["Sucker Punch","Dodge and Roll+1","hubris:Counter+1"],"picked":"SKIP","floor":31},{"not_picked":["Dodge and Roll+1","hubris:Sniper+1","Bane"],"picked":"SKIP","floor":35},{"not_picked":["Dagger Spray+1","Masterful Stab"],"picked":"Backflip+1","floor":36},{"not_picked":["Outmaneuver","Skewer"],"picked":"Bouncing Flask","floor":37},{"not_picked":["Dash","Blade Dance+1"],"picked":"PiercingWail+1","floor":38},{"not_picked":["Reflex+1","Quick Slash+1","ReplayTheSpireMod:Tripwire"],"picked":"SKIP","floor":42},{"not_picked":["Flechettes","Acrobatics"],"picked":"Catalyst","floor":45},{"not_picked":["Hidden Blade+1","Finisher","Skewer+1"],"picked":"SKIP","floor":48}],"player_experience":61522,"relics_obtained":[{"floor":7.0,"key":"Bronze Scales"},{"floor":9.0,"key":"Mirror"},{"floor":26,"key":"infinitespire:PuzzleCube"},{"floor":43,"key":"conspire:Dentures"},{"floor":45,"key":"Mango"}],"event_choices":[{"cards_removed":["Strike_G"],"damage_healed":0.0,"max_hp_gain":0.0,"max_hp_loss":0.0,"gold_gain":0.0,"event_name":"The Cleric","player_choice":"Card Removal","floor":3.0,"gold_loss":50.0,"damage_taken":0.0},{"damage_healed":0,"gold_gain":0,"player_choice":"Copied","damage_taken":0,"max_hp_gain":0,"max_hp_loss":0,"event_name":"Duplicator","floor":24,"gold_loss":0,"cards_obtained":["Burst"]},{"cards_removed":["Strike_G"],"damage_healed":0,"gold_gain":0,"player_choice":"Removed Attack","damage_taken":0,"max_hp_gain":0,"max_hp_loss":0,"event_name":"Falling","floor":39,"gold_loss":0},{"damage_healed":0,"gold_gain":0,"player_choice":"Max HP","damage_taken":0,"max_hp_gain":0,"max_hp_loss":4,"event_name":"Winding Halls","floor":41,"gold_loss":0},{"damage_healed":0,"gold_gain":0,"player_choice":"Fight","damage_taken":0,"max_hp_gain":0,"max_hp_loss":0,"event_name":"Mysterious Sphere","floor":45,"gold_loss":0}],"is_beta":false,"boss_relics":[{"not_picked":["Black Star","hubris:CrackedHourglass"],"picked":"conspire:SeveredTorchhead"},{"not_picked":["Hololive_Finger","Hololive_ChaosS"],"picked":"hubris:HollowSoul"}],"items_purged_floors":[],"is_endless":false,"potions_floor_spawned":[1,4,8,14,16,20,29,31,33,35,48],"ascension_level":0}}