{"host":"xz534terrkr331jc","time":1608112379,"event":{"mods":["BaseMod","Better Third Choice","Downfall","Hermit","Jorbs\u0027s Wanderer Trilogy","Marisa????????","Minty Spire (QoL Compilation)","Shade Mod","StSLib","The Cursed","The Hierophant","The Servant 0.9.4","The Wild Card"],"gold_per_floor":[118,43,43,63,83,83,83,102,172,172,198,53,53,85,85,188,188,204,223,223,123,142,142,160,160,186,61,81,81,180,280,280,378,378,391,371,85,98,153,153,163,163,188,201,212,230,240,251,251,251],"floor_reached":51,"playtime":5062,"items_purged":["Shade:Strike_Shade","Shade:Strike_Shade","Shade:Strike_Shade"],"score":859,"play_id":"e594bc2d-a525-4cb1-b4f7-a268fc8b72f2","local_time":"20201216105259","is_ascension_mode":false,"campfire_choices":[{"data":"Shade:AnimateDead","floor":6,"key":"SMITH"},{"data":"Shade:Bonestorm","floor":13,"key":"SMITH"},{"data":"Shade:FreshBones","floor":15,"key":"SMITH"},{"data":"Shade:FingerOfDeath","floor":23,"key":"SMITH"},{"data":"Shade:FleshToFlesh","floor":25,"key":"SMITH"},{"data":"Shade:FleshOffering","floor":29,"key":"SMITH"},{"floor":32,"key":"REST"},{"data":"Shade:Defend_Shade","floor":40,"key":"SMITH"},{"data":"Shade:AuraOfUnlife","floor":42,"key":"SMITH"},{"data":"Shade:Trample","floor":49,"key":"SMITH"}],"circlet_count":0,"master_deck":["Shade:Strike_Shade","Shade:Defend_Shade","Shade:Defend_Shade","Shade:Defend_Shade+1","Shade:Defend_Shade+1","Shade:AnimateDead+1","Shade:CarefulCut","Shade:GraveStillness+1","Shade:FingerOfDeath+1","Shade:FreshBones+1","Shade:Bonestorm+1","Shade:FleshToFlesh+1","Shade:FleshOffering+1","Shade:Trample+1","Shade:AuraOfUnlife+1","Shade:Brains+1","Shade:CloudOfShrapnel+1"],"relics":["Shade:YorickPolishedSkull","Gremlin Horn","Art of War","Lee\u0027s Waffle","CaptainsWheel","FaceOfCleric","Happy Flower","StoneCalendar","Question Card","Busted Crown","FossilizedHelix","CatCart","Ancient Tea Set"],"acts_visited":["Exordium","TheCity","TheBeyond"],"potions_floor_usage":[31,33,50,50],"damage_taken":[{"damage":0,"enemies":"Jaw Worm","floor":1,"turns":5},{"damage":0,"enemies":"Cultist","floor":4,"turns":4},{"damage":1,"enemies":"2 Louse","floor":5,"turns":2},{"damage":0,"enemies":"Looter","floor":8,"turns":3},{"damage":20,"enemies":"Gremlin Nob","floor":11,"turns":5},{"damage":1,"enemies":"Lagavulin","floor":14,"turns":7},{"damage":0,"enemies":"The Guardian","floor":16,"turns":9},{"damage":14,"enemies":"2 Thieves","floor":18,"turns":3},{"damage":0,"enemies":"Shell Parasite","floor":19,"turns":3},{"damage":0,"enemies":"3 Cultists","floor":22,"turns":4},{"damage":6,"enemies":"Centurion and Healer","floor":24,"turns":6},{"damage":0,"enemies":"Snake Plant","floor":28,"turns":3},{"damage":8,"enemies":"Colosseum Slavers","floor":31,"turns":3},{"damage":11,"enemies":"Colosseum Nobs","floor":31,"turns":4},{"damage":1,"enemies":"Collector","floor":33,"turns":7},{"damage":0,"enemies":"3 Shapes","floor":35,"turns":2},{"damage":0,"enemies":"3 Darklings","floor":38,"turns":3},{"damage":20,"enemies":"Orin","floor":39,"turns":11},{"damage":0,"enemies":"Sphere and 2 Shapes","floor":41,"turns":4},{"damage":0,"enemies":"Spire Growth","floor":44,"turns":4},{"damage":0,"enemies":"Jaw Worm Horde","floor":45,"turns":4},{"damage":0,"enemies":"Transient","floor":46,"turns":5},{"damage":0,"enemies":"3 Darklings","floor":47,"turns":4},{"damage":0,"enemies":"Jaw Worm Horde","floor":48,"turns":3},{"damage":60,"enemies":"Awakened One","floor":50,"turns":17}],"seed_played":"-2347135820779730220","potions_obtained":[{"floor":4,"key":"SmokeBomb"},{"floor":11,"key":"Fire Potion"},{"floor":31,"key":"Energy Potion"},{"floor":33,"key":"Guardian:BlockOnCardUsePotion"},{"floor":36,"key":"Energy Potion"},{"floor":38,"key":"EssenceOfSteel"},{"floor":44,"key":"Regen Potion"}],"is_trial":false,"path_per_floor":["M","$","?","M","M","R","?","M","T","?","E","$","R","E","R","B",null,"M","M","?","$","M","R","M","R","T","$","M","R","?","?","R","B",null,"M","?","$","M","?","R","M","R","T","M","M","M","M","M","R","B",null],"character_chosen":"SHADE","items_purchased":["Lee\u0027s Waffle","FossilizedHelix"],"campfire_rested":1,"item_purchase_floors":[12,37],"current_hp_per_floor":[71,71,71,71,70,70,56,56,56,61,41,83,83,82,82,82,83,69,69,69,69,70,70,65,65,65,65,66,66,66,49,75,75,89,90,90,90,91,72,72,73,73,73,74,75,76,77,78,78,31],"gold":251,"neow_bonus":"TEN_PERCENT_HP_BONUS","is_daily":false,"chose_seed":false,"campfire_upgraded":9,"win_rate":0.0,"timestamp":1608112379,"path_taken":["M","$","?","?","M","R","?","M","T","?","E","?","R","E","R","BOSS","M","M","?","$","M","R","?","R","T","$","M","R","?","?","R","BOSS","M","?","?","M","?","R","M","R","T","M","M","M","?","M","R","BOSS"],"items_purchased_type":["Relic","Relic"],"build_version":"2020-12-13","purchased_purges":3,"victory":true,"max_hp_per_floor":[71,71,71,71,71,71,71,71,71,76,76,83,83,83,83,83,83,83,83,83,83,84,84,85,85,85,85,86,86,86,88,88,89,89,90,90,90,91,92,92,93,93,93,94,95,96,97,98,98,99],"card_choices":[{"not_picked":["Shade:Premonition","Shade:GreyBargain"],"picked":"Shade:GraveStillness","floor":1},{"not_picked":["Shade:Bonestorm","Shade:GraveStillness"],"picked":"Shade:FingerOfDeath","floor":4},{"not_picked":["Shade:CoffinDance","Shade:GreyBargain"],"picked":"Shade:FreshBones","floor":5},{"not_picked":["Shade:BoneShards","Shade:Frenzy"],"picked":"Shade:Bonestorm","floor":8},{"not_picked":["Shade:FleshLikeOak","Shade:Patience","Shade:RavenousHorde"],"picked":"SKIP","floor":11},{"not_picked":["Shade:DangerousRitual","Shade:StitchTogether","Shade:LoseControl"],"picked":"SKIP","floor":14},{"not_picked":["Shade:AncientSpear","Shade:Doomsay"],"picked":"Shade:FleshToFlesh","floor":18},{"not_picked":["Shade:FingerOfDeath","Shade:Doomsay"],"picked":"Shade:FleshOffering","floor":19},{"not_picked":["Shade:Asphyxiate","Shade:Doomsay","Shade:FingerOfDeath+1"],"picked":"SKIP","floor":22},{"not_picked":["Shade:GoDigging","Shade:SkeletonHug","Shade:RitualOffering"],"picked":"SKIP","floor":24},{"not_picked":["Shade:FeralStrike","Shade:GraveStillness+1"],"picked":"Shade:Trample","floor":28},{"not_picked":["Shade:Asphyxiate+1"],"picked":"Shade:AuraOfUnlife","floor":35},{"not_picked":["Shade:TouchOfTheGrave+1","Shade:FreshBones"],"picked":"SKIP","floor":38},{"not_picked":["Shade:Excise+1"],"picked":"Shade:Brains+1","floor":41},{"not_picked":["Shade:Doomsay+1","Shade:Carnophage"],"picked":"SKIP","floor":44},{"not_picked":["Shade:FleshLikeOak+1"],"picked":"Shade:CloudOfShrapnel+1","floor":45},{"not_picked":["Shade:BoneShards+1","Shade:FleshOffering+1"],"picked":"SKIP","floor":46},{"not_picked":["Shade:SkeletonHug+1","Shade:FeralStrike"],"picked":"SKIP","floor":47},{"not_picked":["Shade:Trample+1","Shade:FeralStrike+1"],"picked":"SKIP","floor":48}],"player_experience":540246,"relics_obtained":[{"floor":9,"key":"Gremlin Horn"},{"floor":11,"key":"Art of War"},{"floor":14,"key":"CaptainsWheel"},{"floor":26,"key":"Happy Flower"},{"floor":31,"key":"StoneCalendar"},{"floor":31,"key":"Question Card"},{"floor":39,"key":"CatCart"},{"floor":43,"key":"Ancient Tea Set"}],"event_choices":[{"damage_healed":0,"gold_gain":0,"player_choice":"Ignored","damage_taken":0,"max_hp_gain":0,"max_hp_loss":0,"event_name":"NoteForYourself","floor":3,"gold_loss":0},{"damage_healed":70,"gold_gain":0,"player_choice":"Upgrade","damage_taken":14,"max_hp_gain":0,"max_hp_loss":71,"event_name":"betterThird:BetterShining","floor":7,"gold_loss":0,"cards_upgraded":["Shade:Defend_Shade","Shade:GraveStillness"]},{"damage_healed":0,"gold_gain":0,"player_choice":"Donut","damage_taken":0,"max_hp_gain":5,"max_hp_loss":0,"event_name":"Big Fish","floor":10,"gold_loss":0},{"damage_healed":0,"gold_gain":0,"player_choice":"Trade","damage_taken":0,"relics_obtained":["FaceOfCleric"],"max_hp_gain":0,"max_hp_loss":0,"event_name":"FaceTrader","floor":20,"gold_loss":0},{"damage_healed":0,"gold_gain":99,"player_choice":"Steal","damage_taken":0,"max_hp_gain":0,"max_hp_loss":0,"event_name":"betterThird:BetterNest","floor":30,"gold_loss":0},{"damage_healed":0,"gold_gain":0,"player_choice":"Fight","damage_taken":0,"max_hp_gain":0,"max_hp_loss":0,"event_name":"Colosseum","floor":31,"gold_loss":0},{"damage_healed":0,"gold_gain":0,"player_choice":"Fought Nobs","damage_taken":0,"max_hp_gain":0,"max_hp_loss":0,"event_name":"Colosseum","floor":31,"gold_loss":0},{"damage_healed":0,"gold_gain":0,"player_choice":"Bought 1 Potion","damage_taken":0,"max_hp_gain":0,"max_hp_loss":0,"event_name":"The Woman in Blue","floor":36,"gold_loss":0},{"damage_healed":0,"gold_gain":0,"player_choice":"Fight","damage_taken":0,"max_hp_gain":0,"max_hp_loss":0,"event_name":"OrinTheCat","floor":39,"gold_loss":0}],"is_beta":false,"boss_relics":[{"not_picked":["Philosopher\u0027s Stone","Empty Cage"],"picked":"Shade:YorickPolishedSkull"},{"not_picked":["Runic Pyramid","Cursed Key"],"picked":"Busted Crown"}],"items_purged_floors":[2,21,27],"is_endless":false,"potions_floor_spawned":[4,11,22,31,31,33,38,39,44,46,48],"ascension_level":0}}