{"host":"ks0rgj8xgppw8yky","time":1608144528,"event":{"mods":["BaseMod","Better Match","Better Note","Better Sensory Stone","Colored Powertips","Conspire","Downfall","GungeonMod","Hubris","Jorbs\u0027s Wanderer Trilogy","Marisa????????","Minty Spire (QoL Compilation)","StSLib","The Bug Knight","The Druid","The Forsaken","The Jungle","The Servant 0.9.4"],"gold_per_floor":[117,134,134,134,154,154,179,179,206,206,216,202,222,222,222,325,325,335,351,361,375,375,375,375,375,399,419,419,419],"floor_reached":28,"playtime":3503,"items_purged":[],"score":222,"play_id":"4c9fcbb1-cb19-49a1-91b3-adb48c3d432a","local_time":"20201216134848","is_ascension_mode":false,"campfire_choices":[{"data":"HollowMod:DashSlash","floor":6,"key":"SMITH"},{"data":"HollowMod:GoodIntentions","floor":8,"key":"SMITH"},{"data":"HollowMod:MawleksShell","floor":10,"key":"SMITH"},{"data":"HollowMod:DashSlash","floor":15,"key":"SMITH"},{"floor":23,"key":"REST"},{"floor":25,"key":"REST"}],"circlet_count":0,"master_deck":["HollowMod:NailStrikeStart","HollowMod:NailStrikeStart+1","HollowMod:NailStrikeStart","HollowMod:NailStrikeStart","HollowMod:QuickDashStart","HollowMod:QuickDashStart","HollowMod:QuickDashStart","HollowMod:QuickDashStart","HollowMod:FocusHealStart+1","HollowMod:PogoStrike","HollowMod:GoodIntentions+1","HollowMod:HowlingWraiths","HollowMod:DashSlash+1","HollowMod:MawleksShell+1","HollowMod:DashSlash+1","HollowMod:GoodIntentions","HollowMod:AwokenDreamNail+1","HollowMod:FastStrike","HollowMod:SoulStrike","HollowMod:NewGlowingWomb+1","HollowMod:InfectionAssault+1","HollowMod:DashSlash"],"relics":["HollowMod:VesselMask","Calipers","Toy Ornithopter","WarpedTongs","conspire:SlowCooker","MutagenicStrength","Whetstone"],"acts_visited":["Exordium","TheCity"],"potions_floor_usage":[13,13,19,19,28],"damage_taken":[{"damage":0,"enemies":"Small Slimes","floor":1,"turns":5},{"damage":1,"enemies":"Cultist","floor":2,"turns":4},{"damage":3,"enemies":"Jaw Worm","floor":5,"turns":4},{"damage":22,"enemies":"3 Sentries","floor":7,"turns":8},{"damage":7,"enemies":"Lots of Slimes","floor":11,"turns":6},{"damage":6,"enemies":"Exordium Thugs","floor":12,"turns":4},{"damage":7,"enemies":"3 Louse","floor":13,"turns":4},{"damage":35,"enemies":"The Guardian","floor":16,"turns":23},{"damage":19,"enemies":"Spheric Guardian","floor":18,"turns":9},{"damage":17,"enemies":"2 Thieves","floor":19,"turns":5},{"damage":20,"enemies":"Snecko","floor":20,"turns":4},{"damage":52,"enemies":"Centurion and Healer","floor":21,"turns":10},{"damage":13,"enemies":"Chosen and Byrds","floor":27,"turns":6},{"damage":50,"enemies":"Slavers","floor":28,"turns":3}],"seed_played":"5596456109330435742","potions_obtained":[{"floor":7,"key":"conspire:TimeTravelPotion"},{"floor":11,"key":"sneckomod:MuddlingPotion"},{"floor":16,"key":"ColorlessPotion"},{"floor":18,"key":"Weak Potion"},{"floor":27,"key":"Fire Potion"}],"is_trial":false,"path_per_floor":["M","M","?","?","M","R","E","R","T","R","M","M","M","?","R","B",null,"M","M","M","M","?","R","?","R","T","M","E"],"character_chosen":"THE_BUGKNIGHT","items_purchased":[],"campfire_rested":2,"item_purchase_floors":[],"current_hp_per_floor":[75,74,74,74,75,75,63,63,63,63,66,66,75,75,75,52,75,62,61,47,5,5,27,27,49,49,42,0,0],"gold":419,"neow_bonus":"UPGRADE_CARD","is_daily":false,"chose_seed":false,"campfire_upgraded":4,"win_rate":0.0,"timestamp":1608144528,"path_taken":["M","M","?","?","?","R","E","R","T","R","M","M","M","?","R","BOSS","M","M","?","M","?","R","?","R","T","M","E"],"items_purchased_type":[],"build_version":"2020-12-13","purchased_purges":0,"victory":false,"max_hp_per_floor":[75,75,75,75,75,75,75,75,75,75,75,75,75,75,75,75,75,75,75,75,75,75,75,75,75,75,75,75,75],"card_choices":[{"not_picked":["HollowMod:InfectedAttack","HollowMod:CornifersMapStart"],"picked":"HollowMod:GoodIntentions","floor":1},{"not_picked":["HollowMod:VengefulVoid","HollowMod:DreamGate"],"picked":"HollowMod:HowlingWraiths","floor":2},{"not_picked":["HollowMod:CornifersMapStart","HollowMod:WraithStrike"],"picked":"HollowMod:DashSlash","floor":5},{"not_picked":["HollowMod:HeavyBlow","HollowMod:WraithStrike"],"picked":"HollowMod:MawleksShell","floor":7},{"not_picked":["HollowMod:LifebloodCocoon","HollowMod:MidwifesHunger","HollowMod:DreamGate"],"picked":"SKIP","floor":11},{"not_picked":["HollowMod:CloakDash","HollowMod:DescendingDark"],"picked":"HollowMod:DashSlash","floor":12},{"not_picked":["HollowMod:TaintedHusks","HollowMod:QuirrelsAssistance"],"picked":"HollowMod:GoodIntentions","floor":13},{"not_picked":["HollowMod:MidwifesHunger","HollowMod:theNailsmith"],"picked":"HollowMod:AwokenDreamNail","floor":16},{"not_picked":["HollowMod:ShapeofUnn","HollowMod:SiblingsShadow"],"picked":"HollowMod:FastStrike","floor":18},{"not_picked":["HollowMod:LifebloodCocoon","HollowMod:MonarchWings"],"picked":"HollowMod:SoulStrike","floor":19},{"not_picked":["HollowMod:SoulSplash","HollowMod:SiblingsSouls"],"picked":"HollowMod:NewGlowingWomb+1","floor":20},{"not_picked":["HollowMod:BrokenVessel","HollowMod:SiblingsSouls"],"picked":"HollowMod:InfectionAssault+1","floor":21},{"not_picked":["HollowMod:ShapeofUnn","HollowMod:PureNailStrike"],"picked":"HollowMod:DashSlash","floor":27}],"player_experience":948305,"relics_obtained":[{"floor":7,"key":"Calipers"},{"floor":9,"key":"Toy Ornithopter"},{"floor":26,"key":"Whetstone"}],"event_choices":[{"cards_removed":["HollowMod:NailStrikeStart"],"damage_healed":0,"gold_gain":0,"player_choice":"Give","damage_taken":0,"max_hp_gain":0,"max_hp_loss":0,"event_name":"betterNote:BetterNote","floor":4,"gold_loss":0,"cards_obtained":["None"]},{"damage_healed":0,"gold_gain":0,"player_choice":"Rummage","damage_taken":0,"relics_obtained":["WarpedTongs"],"max_hp_gain":0,"max_hp_loss":0,"event_name":"Accursed Blacksmith","floor":14,"gold_loss":0,"cards_obtained":["Pain"]},{"cards_removed":["Pain"],"damage_healed":0,"gold_gain":0,"player_choice":"Elegance","damage_taken":0,"max_hp_gain":0,"max_hp_loss":0,"event_name":"Back to Basics","floor":22,"gold_loss":0},{"damage_healed":0,"gold_gain":0,"player_choice":"Inject Mutagens","damage_taken":0,"relics_obtained":["MutagenicStrength"],"max_hp_gain":0,"max_hp_loss":0,"event_name":"Drug Dealer","floor":24,"gold_loss":0}],"is_beta":false,"boss_relics":[{"not_picked":["Sozu","Coffee Dripper"],"picked":"conspire:SlowCooker"}],"items_purged_floors":[],"is_endless":false,"potions_floor_spawned":[7,11,16,18,27],"killed_by":"Slavers","ascension_level":0}}