{"host":"tbhNathan","time":1608093348,"event":{"mods":["AchievementEnabler","BaseMod","Better Third Choice","Highlight Path","Minty Spire (QoL Compilation)","StSLib"],"gold_per_floor":[113,113,188,208,0,0,33,33,60,105,128,160,172,202,214,328,340,364,91,91,105,105,140,140,151,151,151,151],"floor_reached":27,"playtime":5303,"items_purged":[],"score":291,"play_id":"04aadca9-1de5-4b19-875e-520dcedb1bfc","local_time":"20201216043548","is_ascension_mode":false,"campfire_choices":[{"floor":6,"key":"REST"},{"floor":13,"key":"REST"},{"data":"CrushJoints","floor":15,"key":"SMITH"},{"floor":24,"key":"REST"}],"circlet_count":0,"master_deck":["Strike_P","Strike_P","Strike_P","Strike_P","Defend_P","Defend_P","Defend_P","Eruption","Vigilance","Crescendo","CrushJoints+1","Enlightenment","Indignation","Sanctity","JustLucky","Swivel","FlyingSleeves","Blasphemy","SashWhip","Tantrum","EmptyFist","CutThroughFate+1"],"relics":["Snecko Eye","Bottled Flame","MawBank","InkBottle","Empty Cage","Lizard Tail","betterThird:NestCultRelic","Sundial","White Beast Statue"],"acts_visited":["Exordium","TheCity"],"potions_floor_usage":[10,12,16,23],"damage_taken":[{"damage":2,"enemies":"Jaw Worm","floor":1,"turns":3},{"damage":14,"enemies":"2 Louse","floor":4,"turns":3},{"damage":15,"enemies":"Lagavulin","floor":7,"turns":5},{"damage":14,"enemies":"Gremlin Nob","floor":10,"turns":3},{"damage":0,"enemies":"Small Slimes","floor":11,"turns":4},{"damage":41,"enemies":"Exordium Thugs","floor":12,"turns":5},{"damage":0,"enemies":"2 Fungi Beasts","floor":14,"turns":3},{"damage":0,"enemies":"Slime Boss","floor":16,"turns":3},{"damage":17,"enemies":"3 Byrds","floor":18,"turns":6},{"damage":20,"enemies":"Spheric Guardian","floor":21,"turns":4},{"damage":29,"enemies":"Book of Stabbing","floor":23,"turns":5},{"damage":40,"enemies":"Centurion and Healer","floor":25,"turns":6},{"damage":53,"enemies":"Slavers","floor":27,"turns":4}],"seed_played":"6500834530359926430","potions_obtained":[{"floor":7,"key":"BottledMiracle"},{"floor":10,"key":"Regen Potion"},{"floor":12,"key":"ColorlessPotion"},{"floor":18,"key":"FearPotion"},{"floor":25,"key":"FearPotion"}],"is_trial":false,"path_per_floor":["M","?","?","M","?","R","E","?","T","E","M","M","R","M","R","B",null,"M","$","?","M","?","E","R","M","T","E"],"character_chosen":"WATCHER","items_purchased":["Lizard Tail"],"campfire_rested":3,"item_purchase_floors":[19],"current_hp_per_floor":[70,70,59,45,51,74,59,64,64,50,50,21,45,45,45,45,83,66,66,66,46,46,17,41,1,1,0,0],"gold":151,"neow_bonus":"BOSS_RELIC","is_daily":false,"chose_seed":false,"campfire_upgraded":1,"win_rate":0.0,"timestamp":1608093348,"path_taken":["M","?","?","M","?","R","E","?","T","E","M","?","R","M","R","BOSS","M","$","?","M","?","E","R","M","T","E"],"items_purchased_type":["Relic"],"build_version":"2020-12-07","purchased_purges":0,"victory":false,"max_hp_per_floor":[72,72,72,72,78,78,78,83,83,83,83,83,83,83,83,83,83,83,83,83,83,83,83,83,83,83,83,83],"card_choices":[{"not_picked":["CutThroughFate","EmptyMind"],"picked":"Crescendo","floor":1},{"not_picked":["Collect","EmptyFist"],"picked":"CrushJoints","floor":4},{"not_picked":["WaveOfTheHand","Protect"],"picked":"Indignation","floor":7},{"not_picked":["WaveOfTheHand","MasterReality"],"picked":"Sanctity","floor":10},{"not_picked":["DeceiveReality","Protect"],"picked":"JustLucky","floor":11},{"not_picked":["Evaluate","PathToVictory"],"picked":"Swivel","floor":12},{"not_picked":["CutThroughFate","CarveReality"],"picked":"FlyingSleeves","floor":14},{"not_picked":["Brilliance","Establishment"],"picked":"Blasphemy","floor":16},{"not_picked":["ClearTheMind","WaveOfTheHand"],"picked":"SashWhip","floor":18},{"not_picked":["BowlingBash","Crescendo"],"picked":"Tantrum","floor":21},{"not_picked":["CrushJoints","ThirdEye"],"picked":"EmptyFist","floor":23},{"not_picked":["FlyingSleeves","Pray"],"picked":"CutThroughFate+1","floor":25}],"player_experience":148656,"relics_obtained":[{"floor":7,"key":"Bottled Flame"},{"floor":9,"key":"MawBank"},{"floor":10,"key":"InkBottle"},{"floor":23,"key":"Sundial"},{"floor":26,"key":"White Beast Statue"}],"event_choices":[{"damage_healed":70,"gold_gain":0,"player_choice":"Embrace Burn","damage_taken":0,"max_hp_gain":0,"max_hp_loss":72,"event_name":"betterThird:BetterShining","floor":2,"gold_loss":0},{"damage_healed":0,"gold_gain":75,"player_choice":"Gold","damage_taken":11,"max_hp_gain":0,"max_hp_loss":0,"event_name":"betterThird:BetterGoop","floor":3,"gold_loss":0},{"damage_healed":0,"gold_gain":0,"player_choice":"RENOUNCE","damage_taken":208,"max_hp_gain":0,"max_hp_loss":0,"event_name":"betterThird:BetterSerpent","floor":5,"gold_loss":208,"cards_obtained":["Enlightenment"]},{"damage_healed":0,"gold_gain":0,"player_choice":"Donut","damage_taken":0,"max_hp_gain":5,"max_hp_loss":0,"event_name":"Big Fish","floor":8,"gold_loss":0},{"damage_healed":0,"gold_gain":0,"player_choice":"Madness","damage_taken":0,"relics_obtained":["betterThird:NestCultRelic"],"max_hp_gain":0,"max_hp_loss":0,"event_name":"betterThird:BetterNest","floor":20,"gold_loss":0},{"damage_healed":0,"gold_gain":0,"player_choice":"Ignored","damage_taken":0,"max_hp_gain":0,"max_hp_loss":0,"event_name":"Vampires","floor":22,"gold_loss":0}],"is_beta":true,"boss_relics":[{"not_picked":["Coffee Dripper","Runic Pyramid"],"picked":"Empty Cage"}],"items_purged_floors":[],"is_endless":false,"potions_floor_spawned":[7,10,12,18,25],"killed_by":"Slavers","ascension_level":0}}