{"host":"i9wanet4r0ff4t9y","time":1608113928,"event":{"mods":["2.2 Compatiblity","Act Like it!","BaseMod","Bestiary","Better Altar","Better Match","Better Note","Better Sensory Stone","Better Skull","Better Third Choice","Better Vampires","BetterRewards","CapriCore","Downfall","Minty Spire (QoL Compilation)","READ ME - Guardian Mod","READ ME - Snecko Mod","Relic Stats","Replay The Spire","Say the Spire","Spicy Shops","StSLib","The Disciple","Waifu the Spire"],"gold_per_floor":[119,135,135,100,100,141,141,160,160,160,160,198,214,239,239,369,369,387,406,12,36,59,99,99,99,170,201,201,239,257,33,33,154,154,174,174,174,26,26,62,62,103,103,161,192,213,232,268,268,268],"floor_reached":51,"playtime":1894,"items_purged":[],"score":1558,"play_id":"0f6226be-da6d-4e18-87cd-99f52e883d83","local_time":"20201216111848","is_ascension_mode":true,"campfire_choices":[{"data":"Rupture","floor":7,"key":"SMITH"},{"data":"Whirlwind","floor":10,"key":"SMITH"},{"data":"Carnage","floor":15,"key":"SMITH"},{"data":"Eclipse","floor":25,"key":"SMITH"},{"data":"ReplayTheSpireMod:Brewmster","floor":28,"key":"SMITH"},{"data":"Eclipse","floor":32,"key":"SMITH"},{"floor":41,"key":"REST"},{"data":"Brutality","floor":49,"key":"SMITH"}],"circlet_count":0,"master_deck":["Strike_R","Strike_R","Strike_R","Strike_R+1","Strike_R+1","Defend_R","Defend_R","Defend_R","Defend_R","Bash","Rupture+1","Flex","Dropkick","Iron Wave","Cleave","Uppercut","Whirlwind+1","Heavy Blade","Pummel","Combust","Carnage+1","Eclipse+1","ReplayTheSpireMod:Muscle Training","ReplayTheSpireMod:Brewmster+1","expansioncontent:SuperHexaguard","Heavy Blade","Defy Death","Eclipse+1","ReplayTheSpireMod:Muscle Training","Replay:Undeath\u0027s Touch","expansioncontent:TimeRipple","Brutality+1","Disarm","Madness","Madness","Demon Form+1","Doubt","HandOfGreed","Searing Blow+1","Shrug It Off","Parasite","Headbutt+1","Juggernaut","Run Through+1"],"relics":["Burning Blood","Frozen Eye","Pondfish Scales","StoneCalendar","Charon\u0027s Ashes","Golden Idol","Ring of Peace","ReplayTheSpireMod:Ring of Collecting","Kunai","ReplayTheSpireMod:Ring of Addiction","Iron Hammer","Toy Ornithopter","Chameleon Ring","Bag of Preparation","Busted Crown","Membership Card","Ice Cream","ReplayTheSpireMod:ShopPack","Lizard Tail","ReplayTheSpireMod:Ring of Exchange","Ornamental Fan","Blood Vial","Pantograph","ReplayTheSpireMod:Spearhead","HandDrill","Bag of Marbles","Empty Cage","Vajra","Blue Doll","Lantern","Ring of Misfortune","Simple Rune","HornCleat","ReplayTheSpireMod:Lightbulb"],"acts_visited":["Exordium","TheCity","TheBeyond"],"potions_floor_usage":[12,16,16,22,22,22,23,23,23,23,27,27,29,29,29,30,33,33,33,33,33,33,35,40,40,40,40,40,40,40,42,45,45,45,45,46,47,47,50,50,50,50,50],"damage_taken":[{"damage":0,"enemies":"Cultist","floor":1,"turns":3},{"damage":8,"enemies":"2 Louse","floor":2,"turns":2},{"damage":13,"enemies":"Lagavulin","floor":6,"turns":6},{"damage":0,"enemies":"Small Slimes","floor":8,"turns":4},{"damage":0,"enemies":"3 Sentries","floor":12,"turns":4},{"damage":0,"enemies":"Exordium Thugs","floor":13,"turns":2},{"damage":0,"enemies":"Looter","floor":14,"turns":3},{"damage":13,"enemies":"Hexaghost","floor":16,"turns":7},{"damage":4,"enemies":"Chosen","floor":18,"turns":4},{"damage":1,"enemies":"3 Byrds","floor":19,"turns":3},{"damage":30,"enemies":"Sentry and Sphere","floor":21,"turns":5},{"damage":14,"enemies":"Centurion and Healer","floor":22,"turns":6},{"damage":22,"enemies":"Gremlin Leader","floor":23,"turns":7},{"damage":23,"enemies":"Slavers","floor":27,"turns":4},{"damage":10,"enemies":"Gremlin Leader","floor":29,"turns":4},{"damage":12,"enemies":"Snake Plant","floor":30,"turns":4},{"damage":6,"enemies":"Champ","floor":33,"turns":7},{"damage":1,"enemies":"Orb Walker","floor":35,"turns":4},{"damage":38,"enemies":"Giant Head","floor":40,"turns":6},{"damage":9,"enemies":"R_Hoarder","floor":42,"turns":6},{"damage":26,"enemies":"3 Shapes","floor":44,"turns":4},{"damage":22,"enemies":"Nemesis","floor":45,"turns":5},{"damage":1,"enemies":"Writhing Mass","floor":46,"turns":4},{"damage":0,"enemies":"Spire Growth","floor":47,"turns":4},{"damage":16,"enemies":"R_Hoarder","floor":48,"turns":6},{"damage":76,"enemies":"Time Eater","floor":50,"turns":8}],"seed_played":"1594470445007148410","potions_obtained":[{"floor":2,"key":"LiquidMemories"},{"floor":9,"key":"Doom Potion"},{"floor":12,"key":"Languid Potion"},{"floor":16,"key":"Regen Potion"},{"floor":21,"key":"Flashbang"},{"floor":23,"key":"Adrenaline Potion"},{"floor":30,"key":"Languid Potion"},{"floor":35,"key":"SpeedPotion"},{"floor":40,"key":"Energy Potion"}],"is_trial":false,"path_per_floor":["M","M","?","?","?","E","R","M","T","R","?","E","M","M","R","B",null,"M","M","$","M","M","E","?","R","T","E","R","E","M","$","R","B",null,"M","?","?","$","?","E","R","E","T","M","E","M","M","E","R","B",null],"character_chosen":"IRONCLAD","items_purchased":["Frozen Eye","Pondfish Scales","StoneCalendar","Rupture","Flex","Dropkick","Membership Card","Ice Cream","ReplayTheSpireMod:ShopPack","ReplayTheSpireMod:Muscle Training","ReplayTheSpireMod:Spearhead","HandDrill","Bag of Marbles","expansioncontent:TimeRipple","Vajra","HandOfGreed"],"campfire_rested":1,"item_purchase_floors":[0,0,0,0,0,0,20,20,20,20,31,31,31,31,38,38],"current_hp_per_floor":[35,33,33,51,51,44,44,50,50,50,50,61,67,73,73,66,71,73,73,71,47,71,71,81,81,81,67,67,76,73,73,73,79,79,79,69,54,54,54,53,76,74,74,56,77,77,77,67,67,48],"gold":268,"neow_bonus":"","is_daily":false,"chose_seed":false,"campfire_upgraded":7,"win_rate":0.0,"timestamp":1608113928,"path_taken":["M","?","?","?","?","E","R","?","T","R","?","E","M","?","R","BOSS","M","M","$","M","M","E","?","R","T","E","R","E","?","$","R","BOSS","M","?","?","$","?","E","R","E","T","M","E","?","M","E","R","BOSS"],"items_purchased_type":["Relic","Relic","Relic","Card","Card","Card","Relic","Relic","Relic","Card","Relic","Relic","Relic","Card","Relic","Card"],"build_version":"2020-12-13","purchased_purges":0,"victory":true,"max_hp_per_floor":[75,75,75,75,75,75,75,75,75,75,75,75,75,75,75,73,73,73,73,71,71,71,71,81,81,81,79,79,79,79,79,79,79,79,79,79,79,79,77,77,77,77,77,77,77,77,77,77,77,77],"relic_stats":{"counters":[210,982],"Golden Idol":192,"StoneCalendar":[52],"Charon\u0027s Ashes":[400],"Bag of Preparation":[42],"Burning Blood":1071,"Blood Vial":11,"Lizard Tail":0,"Busted Crown":42,"Ornamental Fan":[120],"Pantograph":16,"HandDrill":[22],"Kunai":[33],"obtain_stats":[{"Golden Egg":34,"Sling":47,"Old Coin":24,"Blood Vial":22,"Replay:Ringing Soul":47,"Sundial":17,"MealTicket":26,"Replay:Bottled Flurry":49,"HandDrill":31,"Kunai":10,"Replay:Wax Seal":0,"Electric Blood":17,"betterAltar:BloodRelic":27,"ReplayTheSpireMod:Ring of Addiction":36,"Replay:Ancient Bell":34,"Akabeko":31,"Ooze Armor":34,"Bird Faced Urn":9,"ReplayTheSpireMod:Ring of Collecting":5,"Mark of Pain":17,"Regal Pillow":24,"Lantern":34,"Torii":47,"Singing Bowl":0,"Magic Flower":0,"StoneCalendar":0,"Blue Doll":43,"King of Hearts":47,"Replay:Multitool":25,"Bag of Preparation":54,"Cursed Key":34,"Burning Blood":0,"Pet Ghost":44,"Replay:Rubber Ducky":34,"Shovel":34,"Ring of Peace":5,"Toolbox":0,"Chemical X":21,"InkBottle":34,"Paper Frog":23,"Potion Belt":36,"Lee\u0027s Waffle":44,"Golden Idol":3,"Thread and Needle":20,"PreservedInsect":22,"Omamori":42,"Ring of Greed":10,"Frozen Egg 2":0,"MawBank":27,"Replay:Arrowhead":48,"Busted Crown":17,"Ornamental Fan":37,"Bloody Idol":22,"Ring of Misfortune":36,"betterThird:SlimedRelic":3,"Turnip":23,"Art of War":40,"Garlic":12,"Durian":0,"ReplayTheSpireMod:Lightbulb":27,"Toy Ornithopter":28,"Ice Cream":6,"Calipers":6,"Nilry\u0027s Codex":22,"CeramicFish":24,"Vajra":8,"Lizard Tail":42,"Centennial Puzzle":2,"HornCleat":52,"FaceOfCleric":13,"DollysMirror":44,"Strawberry":10,"Prayer Wheel":40,"Iron Hammer":9,"Toxic Egg 2":36,"Girya":23,"Happy Flower":14,"ReplayTheSpireMod:CursedCoin":19,"Dead Branch":17,"Oddly Smooth Stone":41,"Charon\u0027s Ashes":0,"Letter Opener":9,"Replay:Kaleidoscope":37,"War Paint":6,"WarpedTongs":29,"Bottled Flame":26,"Replay:Baseball":38,"ReplayTheSpireMod:Spearhead":31,"ReplayTheSpireMod:Shallot":27,"Shuriken":34,"Bronze Scales":45,"Molten Egg 2":43,"Onion Ring":54,"Simple Rune":27,"ReplayTheSpireMod:TigerMarble":23,"Grinning Jar":6,"ReplayFunnel":14,"ReplayTheSpireMod:Ring of Exchange":26,"Replay:PocketPolymizer":34,"Mango":40,"Juzu Bracelet":19,"Incense Burner":0,"Replay:Mystery Machine":26,"Empty Cage":34,"ClockworkSouvenir":44,"Frozen Eye":0,"Nunchaku":45,"Chameleon Ring":49,"Pantograph":0,"Red Mask":41,"Red Skull":17,"Gremlin Food":37,"BargainBundle":19,"ReplayTheSpireMod:Ninjato":48,"Quantum Egg":42,"Replay:WaspNest":3,"Odd Mushroom":12,"Orichalcum":43,"White Beast Statue":36,"Mercury Hourglass":43,"Calling Bell":17,"Peace Pipe":0,"Strange Spoon":44,"CaptainsWheel":0,"Anchor":38,"Pondfish Scales":0,"ChewingGum":17,"Another Sword":47,"Snack Pack":28,"Bag of Marbles":0,"Coffee Dripper":0,"Membership Card":24,"FossilizedHelix":12,"TungstenRod":7,"ReplayTheSpireMod:ShopPack":20},{"Golden Egg":146,"Sling":102,"Old Coin":92,"Blood Vial":39,"Replay:Ringing Soul":102,"Sundial":11,"MealTicket":14,"Replay:Bottled Flurry":153,"HandDrill":200,"Kunai":33,"Replay:Wax Seal":28,"Electric Blood":62,"betterAltar:BloodRelic":171,"ReplayTheSpireMod:Ring of Addiction":47,"Replay:Ancient Bell":46,"Akabeko":94,"Ooze Armor":175,"Bird Faced Urn":7,"ReplayTheSpireMod:Ring of Collecting":186,"Mark of Pain":37,"Regal Pillow":14,"Lantern":46,"Torii":77,"Singing Bowl":104,"Magic Flower":28,"StoneCalendar":55,"Blue Doll":180,"King of Hearts":102,"Replay:Multitool":117,"Bag of Preparation":155,"Cursed Key":19,"Burning Blood":0,"Pet Ghost":75,"Replay:Rubber Ducky":122,"Shovel":46,"Ring of Peace":186,"Toolbox":28,"Chemical X":13,"InkBottle":122,"Paper Frog":40,"Potion Belt":47,"Lee\u0027s Waffle":75,"Golden Idol":186,"Thread and Needle":167,"PreservedInsect":140,"Omamori":100,"Ring of Greed":134,"Frozen Egg 2":156,"MawBank":92,"Replay:Arrowhead":183,"Busted Crown":112,"Ornamental Fan":177,"Bloody Idol":39,"Ring of Misfortune":47,"betterThird:SlimedRelic":105,"Turnip":141,"Art of War":49,"Garlic":136,"Durian":156,"ReplayTheSpireMod:Lightbulb":92,"Toy Ornithopter":92,"Ice Cream":83,"Calipers":32,"Nilry\u0027s Codex":13,"CeramicFish":66,"Vajra":7,"Lizard Tail":24,"Centennial Puzzle":105,"HornCleat":54,"FaceOfCleric":9,"DollysMirror":151,"Strawberry":85,"Prayer Wheel":23,"Iron Hammer":33,"Toxic Egg 2":20,"Girya":115,"Happy Flower":36,"ReplayTheSpireMod:CursedCoin":113,"Dead Branch":11,"Oddly Smooth Stone":75,"Charon\u0027s Ashes":184,"Letter Opener":60,"Replay:Kaleidoscope":73,"War Paint":160,"WarpedTongs":67,"Bottled Flame":41,"Replay:Baseball":97,"ReplayTheSpireMod:Spearhead":200,"ReplayTheSpireMod:Shallot":67,"Shuriken":46,"Bronze Scales":127,"Molten Egg 2":24,"Onion Ring":55,"Simple Rune":118,"ReplayTheSpireMod:TigerMarble":66,"Grinning Jar":106,"ReplayFunnel":137,"ReplayTheSpireMod:Ring of Exchange":197,"Replay:PocketPolymizer":122,"Mango":99,"Juzu Bracelet":113,"Incense Burner":156,"Replay:Mystery Machine":66,"Empty Cage":201,"ClockworkSouvenir":75,"Frozen Eye":184,"Nunchaku":51,"Chameleon Ring":53,"Pantograph":55,"Red Mask":23,"Red Skull":11,"Gremlin Food":47,"BargainBundle":89,"ReplayTheSpireMod:Ninjato":129,"Quantum Egg":50,"Replay:WaspNest":29,"Odd Mushroom":9,"Orichalcum":100,"White Beast Statue":47,"Mercury Hourglass":75,"Calling Bell":11,"Peace Pipe":156,"Strange Spoon":151,"CaptainsWheel":0,"Anchor":123,"Pondfish Scales":130,"ChewingGum":138,"Another Sword":102,"Snack Pack":92,"Bag of Marbles":104,"Coffee Dripper":130,"Membership Card":66,"FossilizedHelix":34,"TungstenRod":59,"ReplayTheSpireMod:ShopPack":194},{"Golden Egg":696,"Sling":464,"Old Coin":431,"Blood Vial":183,"Replay:Ringing Soul":464,"Sundial":38,"MealTicket":52,"Replay:Bottled Flurry":727,"HandDrill":928,"Kunai":146,"Replay:Wax Seal":125,"Electric Blood":319,"betterAltar:BloodRelic":802,"ReplayTheSpireMod:Ring of Addiction":228,"Replay:Ancient Bell":224,"Akabeko":436,"Ooze Armor":825,"Bird Faced Urn":28,"ReplayTheSpireMod:Ring of Collecting":865,"Mark of Pain":174,"Regal Pillow":52,"Lantern":224,"Torii":381,"Singing Bowl":473,"Magic Flower":125,"StoneCalendar":286,"Blue Doll":845,"King of Hearts":464,"Replay:Multitool":528,"Bag of Preparation":741,"Cursed Key":81,"Burning Blood":0,"Pet Ghost":375,"Replay:Rubber Ducky":565,"Shovel":224,"Ring of Peace":865,"Toolbox":125,"Chemical X":46,"InkBottle":565,"Paper Frog":188,"Potion Belt":228,"Lee\u0027s Waffle":375,"Golden Idol":865,"Thread and Needle":782,"PreservedInsect":668,"Omamori":460,"Ring of Greed":637,"Frozen Egg 2":749,"MawBank":431,"Replay:Arrowhead":853,"Busted Crown":501,"Ornamental Fan":833,"Bloody Idol":183,"Ring of Misfortune":228,"betterThird:SlimedRelic":475,"Turnip":671,"Art of War":239,"Garlic":644,"Durian":749,"ReplayTheSpireMod:Lightbulb":431,"Toy Ornithopter":431,"Ice Cream":404,"Calipers":142,"Nilry\u0027s Codex":46,"CeramicFish":335,"Vajra":28,"Lizard Tail":102,"Centennial Puzzle":475,"HornCleat":280,"FaceOfCleric":32,"DollysMirror":718,"Strawberry":409,"Prayer Wheel":101,"Iron Hammer":146,"Toxic Egg 2":85,"Girya":519,"Happy Flower":161,"ReplayTheSpireMod:CursedCoin":506,"Dead Branch":38,"Oddly Smooth Stone":375,"Charon\u0027s Ashes":860,"Letter Opener":306,"Replay:Kaleidoscope":363,"War Paint":759,"WarpedTongs":338,"Bottled Flame":193,"Replay:Baseball":448,"ReplayTheSpireMod:Spearhead":928,"ReplayTheSpireMod:Shallot":338,"Shuriken":224,"Bronze Scales":593,"Molten Egg 2":102,"Onion Ring":286,"Simple Rune":534,"ReplayTheSpireMod:TigerMarble":335,"Grinning Jar":479,"ReplayFunnel":648,"ReplayTheSpireMod:Ring of Exchange":916,"Replay:PocketPolymizer":565,"Mango":458,"Juzu Bracelet":506,"Incense Burner":749,"Replay:Mystery Machine":335,"Empty Cage":935,"ClockworkSouvenir":375,"Frozen Eye":860,"Nunchaku":256,"Chameleon Ring":267,"Pantograph":286,"Red Mask":101,"Red Skull":38,"Gremlin Food":228,"BargainBundle":422,"ReplayTheSpireMod:Ninjato":608,"Quantum Egg":245,"Replay:WaspNest":129,"Odd Mushroom":32,"Orichalcum":460,"White Beast Statue":228,"Mercury Hourglass":375,"Calling Bell":38,"Peace Pipe":749,"Strange Spoon":718,"CaptainsWheel":0,"Anchor":570,"Pondfish Scales":625,"ChewingGum":659,"Another Sword":464,"Snack Pack":431,"Bag of Marbles":473,"Coffee Dripper":625,"Membership Card":335,"FossilizedHelix":150,"TungstenRod":303,"ReplayTheSpireMod:ShopPack":898}],"Toy Ornithopter":157},"card_choices":[{"not_picked":["ReplayTheSpireMod:Strike From Hell","Pommel Strike"],"picked":"Cleave","floor":1},{"not_picked":["Headbutt","Havoc"],"picked":"Uppercut","floor":2},{"not_picked":["Wild Strike","Replay:Undeath\u0027s Touch"],"picked":"Whirlwind","floor":6},{"not_picked":["Shrug It Off","Burning Pact"],"picked":"Havoc","floor":8},{"not_picked":["Armaments","Abandon"],"picked":"Pummel","floor":12},{"not_picked":["Armaments","Heavy Blade"],"picked":"Combust","floor":13},{"not_picked":["Havoc","Shrug It Off"],"picked":"Carnage","floor":14},{"not_picked":["Double Tap","Corruption"],"picked":"Eclipse","floor":16},{"not_picked":["Clash+1"],"picked":"SKIP","floor":18},{"not_picked":[],"picked":"True Grit","floor":19},{"not_picked":[],"picked":"ReplayTheSpireMod:Brewmster","floor":20},{"not_picked":[],"picked":"expansioncontent:SuperHexaguard","floor":20},{"not_picked":[],"picked":"Master of Strategy","floor":20},{"not_picked":[],"picked":"Heavy Blade","floor":21},{"not_picked":[],"picked":"Defy Death","floor":22},{"not_picked":["Pommel Strike"],"picked":"SKIP","floor":23},{"not_picked":[],"picked":"Eclipse","floor":27},{"not_picked":[],"picked":"ReplayTheSpireMod:Muscle Training","floor":29},{"not_picked":[],"picked":"Replay:Undeath\u0027s Touch","floor":30},{"not_picked":[],"picked":"Brutality","floor":33},{"not_picked":[],"picked":"Disarm","floor":35},{"not_picked":[],"picked":"Searing Blow+1","floor":40},{"not_picked":["Perfected Strike"],"picked":"SKIP","floor":42},{"not_picked":[],"picked":"Shrug It Off","floor":44},{"not_picked":["Evolve"],"picked":"SKIP","floor":45},{"not_picked":[],"picked":"Headbutt+1","floor":46},{"not_picked":[],"picked":"Juggernaut","floor":47},{"not_picked":[],"picked":"Run Through+1","floor":48}],"player_experience":359918,"relics_obtained":[{"floor":5,"key":"Ring of Peace"},{"floor":5,"key":"ReplayTheSpireMod:Ring of Collecting"},{"floor":6,"key":"Kunai"},{"floor":9,"key":"ReplayTheSpireMod:Ring of Addiction"},{"floor":9,"key":"Iron Hammer"},{"floor":9,"key":"Toy Ornithopter"},{"floor":9,"key":"Chameleon Ring"},{"floor":12,"key":"Bag of Preparation"},{"floor":23,"key":"Lizard Tail"},{"floor":26,"key":"ReplayTheSpireMod:Ring of Exchange"},{"floor":26,"key":"Ornamental Fan"},{"floor":27,"key":"Blood Vial"},{"floor":29,"key":"Pantograph"},{"floor":40,"key":"Blue Doll"},{"floor":42,"key":"Lantern"},{"floor":43,"key":"Ring of Misfortune"},{"floor":43,"key":"Simple Rune"},{"floor":45,"key":"HornCleat"},{"floor":48,"key":"ReplayTheSpireMod:Lightbulb"}],"event_choices":[{"damage_healed":0,"gold_gain":0,"player_choice":"Take Wound","damage_taken":0,"relics_obtained":["Golden Idol"],"max_hp_gain":0,"max_hp_loss":0,"event_name":"Golden Idol","floor":3,"gold_loss":0,"cards_obtained":["Injury"]},{"damage_healed":18,"gold_gain":0,"player_choice":"Healed","damage_taken":0,"max_hp_gain":0,"max_hp_loss":0,"event_name":"The Cleric","floor":4,"gold_loss":35},{"damage_healed":0,"gold_gain":0,"cards_transformed":["Havoc"],"player_choice":"Transformed","damage_taken":0,"max_hp_gain":0,"max_hp_loss":0,"event_name":"Transmorgrifier","floor":11,"gold_loss":0,"cards_obtained":["Heavy Blade"]},{"cards_removed":["Master of Strategy"],"damage_healed":0,"gold_gain":0,"player_choice":"Offered Rare","damage_taken":0,"max_hp_gain":10,"max_hp_loss":0,"event_name":"Bonfire Elementals","floor":24,"gold_loss":0},{"damage_healed":0,"gold_gain":0,"player_choice":"Embrace Madness","damage_taken":10,"max_hp_gain":0,"max_hp_loss":0,"event_name":"Winding Halls","floor":36,"gold_loss":0,"cards_obtained":["Madness","Madness"]},{"damage_healed":0,"gold_gain":3,"player_choice":"2","damage_taken":0,"max_hp_gain":0,"max_hp_loss":15,"event_name":"betterStone:BetterStone","floor":37,"gold_loss":0},{"damage_healed":0,"gold_gain":0,"player_choice":"Upgraded","damage_taken":0,"max_hp_gain":0,"max_hp_loss":0,"event_name":"Upgrade Shrine","floor":39,"gold_loss":0,"cards_upgraded":["Demon Form"]}],"is_beta":false,"boss_relics":[{"not_picked":["Velvet Choker","Ectoplasm"],"picked":"Busted Crown"},{"not_picked":["PrismaticShard","Sozu"],"picked":"Empty Cage"}],"items_purged_floors":[],"is_endless":false,"potions_floor_spawned":[2,12,13,16,21,23,30,35,40,48],"ascension_level":6}}