{"host":"27wa8ufp4ryspt1p","time":1608098264,"event":{"mods":["2.2 Compatiblity","Abigail Mod","Act Like it!","Aspiration","BaseMod","Better Altar","Better Note","Better Skull","Better Third Choice","Colored Map","Conspire","Downfall","Elementarium","Energized Spire","Friendly Minions","Gensokyo","GifTheSpireLib","Gold Saver","Halation","Hallownest","HololiveMod","Hubris","Humility","Infinite Spire","Keyboard Shortcuts","Menagerie","Mimic Mod","Minty Spire (QoL Compilation)","Pale of the Ancients","Quarter Circle Forward PUNCH!","Reimu??????","Relic Sorter","Relic Stats","Replay The Spire","Reworked Bosses","Shop Mod","Spicy Shops","Spikes Relics","StSLib","Stuff the Spire","SuperFastMode","The Cursed","The Exalted","The Factory","The Judge","The Necromancer","Trackpad","Waifu the Spire","Wandering Minibosses","[IsaacMod]????","??????REMEMod","????"],"gold_per_floor":[2430,2430,1785,1785,1709,1709,1727,1727,1765,1782,1815,1826,1826,1845,1845,1919,1919,1937,1950,1584,1595,1613,1613,1647,920,958,988,1001,951,986,1000,23,104,104,117,32,384,75,92,92,113,113,448,462,462,488,488,522,361,462,543,574,593,693,473,473,504,504,194,194,222],"floor_reached":62,"playtime":16035,"items_purged":["Delirium","Strike_Lin:ReiMu"],"score":3437,"play_id":"193c65af-2820-4d8e-bf03-aa178affea66","local_time":"20201215235744","daily_mods":["SealedDeck","Colorless Cards","Heirloom","Elite Swarm","Lethality"],"is_ascension_mode":true,"campfire_choices":[{"data":"Gathering:ReiMu","floor":6.0,"key":"SMITH"},{"data":"DependentForm:ReiMu","floor":8.0,"key":"SMITH"},{"data":"StuffTheSpire:Ambrosia","floor":15.0,"key":"SMITH"},{"floor":23.0,"key":"RECALL"},{"data":"DoctorFetus","floor":40.0,"key":"SMITH"},{"data":"ReplayUltimateDefense","floor":42.0,"key":"SMITH"},{"data":"expansioncontent:Chronoboost","floor":47.0,"key":"SMITH"},{"data":"Bromod:SteelCharge","floor":56.0,"key":"SMITH"},{"data":"ReplayTheSpireMod:Calculation Training","floor":58,"key":"SMITH"}],"circlet_count":0,"master_deck":["AscendersBane","RainPray2:ReiMu","Conquer:ReiMu","DependentForm:ReiMu+1","Sadistic Nature+1","Dramatic Entrance","SubAcupoint:ReiMu","StuffTheSpire:PlasmaPunch","expansioncontent:GuardianWhirl","Conquer:ReiMu","Bromod:SteelCharge+1","FineLineFantasy:ReiMu","Gathering:ReiMu+1","RainPray2:ReiMu","SafetyPray:ReiMu","Dark Shackles","StuffTheSpire:Ambrosia+1","expansioncontent:CaCaw+1","WonderfulDomain:ReiMu","REME_Flogging+1","UniversalSpiritual:ReiMu","Mayhem","StuffTheSpire:Ambrosia+1","FineLineFantasy:ReiMu","WonderfulDomain:ReiMu+1","expansioncontent:Chronoboost+1","YinYangSange:ReiMu","expansioncontent:DashGenerateEvil+1","REME_AllRoundStrike+1","Sadistic Nature+1","ReplayUltimateDefense+1","DoctorFetus+1","InherentArray:ReiMu+1","Replay:SS_hec_2+1","Hallownest:skillKingdomsEdgeMap","REME_PuzzleBox+1","InherentArray:ReiMu","ReplayTheSpireMod:Brewmster","SealNeedle:ReiMu","Replay:SS_forest_6+1","YinYang:ReiMu","ReplayTheSpireMod:Calculation Training+1","expansioncontent:DecasProtection"],"relics":["FlyPower:ReiMu","paleoftheancients:SoulOfTheHexaghost","HushsDoor","REME_ComplimentaryCards","CherryCoatedStake","HowToJump","hubris:PeanutButter","MerchantsRug","Gensokyo:NagashiBinaDoll","REME_HandOfSuture","trackpad:ZombieHeart","Kunai","RollingBoulder","energizedSpire:HugeHouse","Bow_fan:ReiMu","qcfpunch:Wild_Herbs_Ointment","SteamSale","ReplayTheSpireMod:TigerMarble","halation:IllGainedPizza","StuffTheSpire:GrapeVine","Elementarium:ElementariumTrophy","aspiration:DefectSkillbook","champ:Barbells","wanderingMiniBosses:AbyssPearl","qcfpunch:Crimson_Sash","Guardian:PocketSentry","paleoftheancients:Timepiece","paleoftheancients:KeyRelic","hubris:BottledRain","infinitespire:Bottled Soul","BrokenLever","trackpad:AdjectivePendant"],"acts_visited":["Gensokyo:Gensokyo","Elementarium:Elementarium","Hallownest:KingdomsEdge","paleoftheancients:PaleOfTheAncients"],"potions_floor_usage":[57,57,57],"damage_taken":[{"damage":0.0,"enemies":"Gensokyo:3_Fairies","floor":7.0,"turns":2.0},{"damage":0.0,"enemies":"Gensokyo:Gryphon","floor":9.0,"turns":5.0},{"damage":0.0,"enemies":"Gensokyo:Gryphon","floor":10.0,"turns":1.0},{"damage":0.0,"enemies":"Gensokyo:Aya","floor":11.0,"turns":2.0},{"damage":0.0,"enemies":"Gensokyo:Python","floor":12.0,"turns":2.0},{"damage":0.0,"enemies":"Gensokyo:2_Rabbits","floor":14.0,"turns":2.0},{"damage":16.0,"enemies":"Gensokyo:Kokoro","floor":16.0,"turns":8.0},{"damage":24.0,"enemies":"Elementarium:MUD_AND_TAR_GOLEMS","floor":18.0,"turns":5.0},{"damage":0.0,"enemies":"Elementarium:Cyclone","floor":19.0,"turns":3.0},{"damage":6.0,"enemies":"Elementarium:RubyGolem","floor":21.0,"turns":3.0},{"damage":0.0,"enemies":"Elementarium:VOID_CORRUPTION_AND_ORB_OF_FIRE","floor":22.0,"turns":3.0},{"damage":3.0,"enemies":"Elementarium:WarGolem","floor":24.0,"turns":2.0},{"damage":1.0,"enemies":"Elementarium:CYCLONE_AND_LIVING_STORMCLOUD","floor":26.0,"turns":6.0},{"damage":15.0,"enemies":"Nightmare","floor":27.0,"turns":5.0},{"damage":25.0,"enemies":"Elementarium:CYCLONE_AND_LIVING_STORMCLOUD","floor":28.0,"turns":4.0},{"damage":0.0,"enemies":"Elementarium:ElementalPortal","floor":30.0,"turns":6.0},{"damage":0.0,"enemies":"Elementarium:VOID_CORRUPTION_AND_TAR_GOLEM","floor":31.0,"turns":2.0},{"damage":0.0,"enemies":"Elementarium:GolemEmperor","floor":33.0,"turns":6.0},{"damage":10.0,"enemies":"Hallownest:2_Littles","floor":35.0,"turns":2.0},{"damage":13.0,"enemies":"Hallownest:Shield_Heavy","floor":39.0,"turns":3.0},{"damage":0.0,"enemies":"Hallownest:monsterPrimalAspid","floor":41.0,"turns":2.0},{"damage":29.0,"enemies":"Hallownest:2_Wandering_and_1_Horned","floor":43.0,"turns":4.0},{"damage":0.0,"enemies":"Hallownest:2_Wandering_and_1_Horned","floor":44.0,"turns":2.0},{"damage":19.0,"enemies":"Hallownest:2_Wing_and_1_Kings","floor":46.0,"turns":4.0},{"damage":0.0,"enemies":"Hallownest:eliteCollector","floor":48.0,"turns":3.0},{"damage":13.0,"enemies":"Hallownest:BossHollowKnight","floor":50.0,"turns":6.0},{"damage":0.0,"enemies":"Hallownest:Radiance","floor":51.0,"turns":6.0},{"damage":0.0,"enemies":"Hallownest:Radiance","floor":52.0,"turns":5.0},{"damage":0.0,"enemies":"Hallownest:Radiance","floor":53.0,"turns":6.0},{"damage":0,"enemies":"Hallownest:Radiance","floor":57,"turns":6},{"damage":0,"enemies":"paleoftheancients:N","floor":61,"turns":8}],"seed_played":"5765788090711009712","potions_obtained":[{"floor":10.0,"key":"sneckomod:MuddlingPotion"},{"floor":11.0,"key":"HakureiPotion:ReiMu"},{"floor":21.0,"key":"FearPotion"},{"floor":24.0,"key":"Adrenaline Potion"},{"floor":27.0,"key":"Weak Potion"},{"floor":30.0,"key":"AttackPotion"},{"floor":31.0,"key":"Explosive Potion"},{"floor":46.0,"key":"Explosive Potion"},{"floor":48.0,"key":"SpeedPotion"},{"floor":50.0,"key":"Regen Potion"},{"floor":57,"key":"EssenceOfSteel"}],"is_trial":true,"path_per_floor":["?","?","$","?","$","R","M","R","MIM","M","E","M","?","M","R","B",null,"M","M","$","M","M","R","E","R","MIM","NM","M","AVR","E","M","R","B",null,"M","?","?","$","M","R","M","R","MIM","M","?","M","R","E","R_BF","B","B","M","M","?","$","R","M","R","$","?","B",null],"character_chosen":"REIMU","items_purchased":["hubris:PeanutButter","FineLineFantasy:ReiMu","RuthlessExorcism:ReiMu","MerchantsRug","Gathering:ReiMu","REME_Flogging","REME_HandOfSuture","UniversalSpiritual:ReiMu","trackpad:ZombieHeart","DollysMirror","FineLineFantasy:ReiMu","WonderfulDomain:ReiMu+1","expansioncontent:Chronoboost","SteamSale","ReplayTheSpireMod:TigerMarble","halation:IllGainedPizza","StuffTheSpire:GrapeVine","DoctorFetus","InherentArray:ReiMu","champ:Barbells","REME_PuzzleBox","InherentArray:ReiMu","halation:Thesaurus","Guardian:PocketSentry","Guide Book","YinYang:ReiMu","hubris:BottledRain","infinitespire:Bottled Soul","BrokenLever","trackpad:AdjectivePendant","expansioncontent:DecasProtection","Flashbang"],"campfire_rested":0,"item_purchase_floors":[3,3,3,3,5,20,20,20,25,25,25,25,25,32,32,32,32,32,32,38,38,38,49,49,49,55,55,55,59,59,59,59],"current_hp_per_floor":[54,54,54,54,54,54,60,60,60,60,60,60,60,61,61,47,59,46,48,48,44,49,49,48,48,52,42,25,25,52,60,60,85,96,90,90,43,43,38,38,43,43,20,27,27,15,15,20,20,10,70,98,120,120,120,120,146,146,146,146,165],"gold":222,"neow_bonus":"","is_daily":false,"chose_seed":false,"campfire_upgraded":8,"win_rate":0.0,"timestamp":1608098264,"path_taken":["?","?","$","?","$","R","M","R","MIM","M","E","M","?","M","R","BOSS","M","M","$","M","M","R","E","R","MIM","NM","M","AVR","E","M","R","BOSS","M","?","?","$","M","R","?","R","MIM","M","?","M","R","E","R_BF","BOSS","BOSS","M","M","?","$","R","M","R","$","?","BOSS"],"items_purchased_type":["Relic","Card","Relic","Relic","Card","Card","Relic","Card","Relic","Relic","Card","Card","Card","Relic","Relic","Relic","Relic","Card","Card","Relic","Card","Card","Relic","Relic","Relic","Card","Relic","Relic","Relic","Relic","Card","Potion"],"build_version":"2020-12-13","purchased_purges":2,"victory":true,"max_hp_per_floor":[60,60,60,60,60,60,60,60,60,60,60,60,60,61,61,63,63,65,67,67,69,71,71,73,73,78,83,89,84,89,95,95,100,100,104,104,104,104,110,110,115,115,121,128,128,135,135,140,140,145,150,157,162,162,162,162,167,167,167,167,177],"relic_stats":{"counters":[31,119],"Kunai":[26],"obtain_stats":[{"SharpPlug":24,"BrokenLever":59,"Gensokyo:NagashiBinaDoll":4,"wanderingMiniBosses:AbyssPearl":43,"StuffTheSpire:GrapeVine":32,"Bow_fan:ReiMu":29,"qcfpunch:Crimson_Sash":49,"qcfpunch:Wild_Herbs_Ointment":30,"Old Coin":43,"trackpad:ZombieHeart":25,"aspiration:DefectSkillbook":34,"halation:PrussianBluePaint":11,"DollysMirror":25,"infinitespire:Bottled Soul":55,"trackpad:StolenKidneys":17,"RollingBoulder":27,"energizedSpire:HugeHouse":29,"Kunai":26,"trackpad:AdjectivePendant":59,"KeepersGift":0,"MerchantsRug":3,"champ:Barbells":38,"paleoftheancients:KeyRelic":51,"CherryCoatedStake":0,"HowToJump":1,"Guide Book":49,"paleoftheancients:SoulOfTheHexaghost":57,"halation:IllGainedPizza":32,"Guardian:PocketSentry":49,"halation:Thesaurus":49,"SteamSale":32,"halation:SelfBoilingWater":48,"paleoftheancients:Timepiece":51,"Elementarium:ElementariumTrophy":33,"hubris:PeanutButter":3,"REME_HandOfSuture":20,"ReplayTheSpireMod:TigerMarble":32,"FlyPower:ReiMu":0,"HushsDoor":0,"REME_ComplimentaryCards":0,"RuthlessExorcism:ReiMu":3,"hubris:BottledRain":55},{"SharpPlug":12,"BrokenLever":30,"Gensokyo:NagashiBinaDoll":0,"wanderingMiniBosses:AbyssPearl":22,"StuffTheSpire:GrapeVine":17,"Bow_fan:ReiMu":15,"qcfpunch:Crimson_Sash":25,"qcfpunch:Wild_Herbs_Ointment":16,"Old Coin":22,"trackpad:ZombieHeart":12,"aspiration:DefectSkillbook":18,"halation:PrussianBluePaint":4,"DollysMirror":12,"infinitespire:Bottled Soul":29,"trackpad:StolenKidneys":7,"RollingBoulder":14,"energizedSpire:HugeHouse":15,"Kunai":13,"trackpad:AdjectivePendant":30,"KeepersGift":0,"MerchantsRug":0,"champ:Barbells":19,"paleoftheancients:KeyRelic":27,"CherryCoatedStake":0,"HowToJump":0,"Guide Book":25,"paleoftheancients:SoulOfTheHexaghost":30,"halation:IllGainedPizza":17,"Guardian:PocketSentry":25,"halation:Thesaurus":25,"SteamSale":17,"halation:SelfBoilingWater":25,"paleoftheancients:Timepiece":27,"Elementarium:ElementariumTrophy":18,"hubris:PeanutButter":0,"REME_HandOfSuture":9,"ReplayTheSpireMod:TigerMarble":17,"FlyPower:ReiMu":0,"HushsDoor":0,"REME_ComplimentaryCards":0,"RuthlessExorcism:ReiMu":0,"hubris:BottledRain":29},{"SharpPlug":37,"BrokenLever":112,"Gensokyo:NagashiBinaDoll":0,"wanderingMiniBosses:AbyssPearl":75,"StuffTheSpire:GrapeVine":58,"Bow_fan:ReiMu":51,"qcfpunch:Crimson_Sash":84,"qcfpunch:Wild_Herbs_Ointment":56,"Old Coin":75,"trackpad:ZombieHeart":37,"aspiration:DefectSkillbook":64,"halation:PrussianBluePaint":9,"DollysMirror":37,"infinitespire:Bottled Soul":106,"trackpad:StolenKidneys":21,"RollingBoulder":48,"energizedSpire:HugeHouse":51,"Kunai":43,"trackpad:AdjectivePendant":112,"KeepersGift":0,"MerchantsRug":0,"champ:Barbells":66,"paleoftheancients:KeyRelic":96,"CherryCoatedStake":0,"HowToJump":0,"Guide Book":84,"paleoftheancients:SoulOfTheHexaghost":112,"halation:IllGainedPizza":58,"Guardian:PocketSentry":84,"halation:Thesaurus":84,"SteamSale":58,"halation:SelfBoilingWater":84,"paleoftheancients:Timepiece":96,"Elementarium:ElementariumTrophy":64,"hubris:PeanutButter":0,"REME_HandOfSuture":29,"ReplayTheSpireMod:TigerMarble":58,"FlyPower:ReiMu":0,"HushsDoor":0,"REME_ComplimentaryCards":0,"RuthlessExorcism:ReiMu":0,"hubris:BottledRain":106}]},"card_choices":[{"not_picked":["CollectionFlower2:ReiMu","Replay:SS_forest_5"],"picked":"RainPray2:ReiMu","floor":7.0},{"not_picked":["RainPray2:ReiMu","expansioncontent:DonusPower"],"picked":"SafetyPray:ReiMu","floor":10.0},{"not_picked":["Secret Weapon","CleanRite:ReiMu","HakureiPhantom:ReiMu"],"picked":"SKIP","floor":11.0},{"not_picked":["CareerPray:ReiMu","Enchanting:ReiMu"],"picked":"Dark Shackles","floor":12.0},{"not_picked":["StuffTheSpire:Vigor","StuffTheSpire:Innocence"],"picked":"StuffTheSpire:Ambrosia","floor":13.0},{"not_picked":["REME_ShortnessOfBreath","TightArray:ReiMu","AlertArray:ReiMu"],"picked":"SKIP","floor":14.0},{"not_picked":["Master of Strategy","ReplayUltimateDefense"],"picked":"REME_AllRoundStrike","floor":16.0},{"not_picked":["AirStrike:ReiMu","Degenerate"],"picked":"expansioncontent:CaCaw","floor":18.0},{"not_picked":["Deep Breath","MountainWay:ReiMu"],"picked":"WonderfulDomain:ReiMu","floor":19.0},{"not_picked":["SubAcupoint:ReiMu","EmergencyTakeOff:ReiMu"],"picked":"Bomb","floor":21.0},{"not_picked":["expansioncontent:Hexaburn","CareerPray:ReiMu","RainPray2:ReiMu"],"picked":"SKIP","floor":22.0},{"not_picked":["SuicideKing","SubcavityFantasy:ReiMu"],"picked":"Mayhem","floor":24.0},{"not_picked":["WonderfulDomain:ReiMu","TightArray:ReiMu"],"picked":"YinYangSange:ReiMu","floor":26.0},{"not_picked":["Metamorphosis","The Bomb"],"picked":"expansioncontent:DashGenerateEvil","floor":27.0},{"not_picked":["Meditation:ReiMu","OrbThrow:ReiMu","SubcavityInstant:ReiMu"],"picked":"SKIP","floor":28.0},{"not_picked":["expansioncontent:QuickStudy","CleanRite:ReiMu"],"picked":"ReplayUltimateDefense","floor":30.0},{"not_picked":["Conquer:ReiMu","expansioncontent:AwakenDeath","UniversalSpiritual:ReiMu"],"picked":"SKIP","floor":31.0},{"not_picked":["Ball Lightning","Leap","Redo+1"],"picked":"Replay:SS_hec_2","floor":35.0},{"not_picked":["expansioncontent:DecasProtection+1","Conquer:ReiMu","Beam Cell","Stack"],"picked":"SKIP","floor":39.0},{"not_picked":["Replay:Sssssssssshield","Barrage","Conquer:ReiMu","Stack"],"picked":"SKIP","floor":41.0},{"not_picked":["Discovery","Steam","Amulet:ReiMu","BasicCrystalCard"],"picked":"SKIP","floor":44.0},{"not_picked":["HandOfGreed","Darkness+1","StuffTheSpire:CleanHardDrive+1","expansioncontent:PrepareCrush"],"picked":"SKIP","floor":46.0},{"not_picked":["DoctorFetus","REME_BattleFury","Secret Technique","Reboot"],"picked":"SKIP","floor":48.0},{"not_picked":["Rainbow","The Bomb","Panache"],"picked":"ReplayTheSpireMod:Brewmster","floor":51.0},{"not_picked":["AirStrike:ReiMu","Redo","Conquer:ReiMu"],"picked":"SealNeedle:ReiMu","floor":52.0},{"not_picked":["expansioncontent:Flail","Cold Snap","Ball Lightning","Assess"],"picked":"SKIP","floor":53.0},{"not_picked":["CareerPray:ReiMu+1","Replay:SS_forest_5","Steam+1"],"picked":"Replay:SS_forest_6+1","floor":54.0},{"not_picked":["expansioncontent:AwakenDeath","Coolheaded+1","Leap"],"picked":"ReplayTheSpireMod:Calculation Training","floor":57}],"player_experience":3897383,"relics_obtained":[{"floor":11.0,"key":"halation:PrussianBluePaint"},{"floor":24.0,"key":"SharpPlug"},{"floor":26.0,"key":"Kunai"},{"floor":27.0,"key":"RollingBoulder"},{"floor":30.0,"key":"qcfpunch:Wild_Herbs_Ointment"},{"floor":43.0,"key":"Old Coin"},{"floor":43.0,"key":"wanderingMiniBosses:AbyssPearl"},{"floor":48.0,"key":"halation:SelfBoilingWater"},{"floor":57,"key":"paleoftheancients:SoulOfTheHexaghost"}],"event_choices":[{"damage_healed":0.0,"max_hp_gain":0.0,"max_hp_loss":0.0,"gold_gain":352.0,"event_name":"betterSkull:BetterSkull","player_choice":"GO GO GO GO ","floor":37.0,"gold_loss":0.0,"damage_taken":51.0,"cards_upgraded":[],"relics_obtained":[]}],"is_beta":false,"boss_relics":[{"not_picked":["halation:PinkAlligatorPlush","hubris:Stopwatch"],"picked":"trackpad:StolenKidneys"},{"not_picked":[]},{"not_picked":["halation:Risk","energizedSpire:SpiderWeb"],"picked":"aspiration:DefectSkillbook"},{"not_picked":[]}],"items_purged_floors":[29,32],"is_endless":false,"potions_floor_spawned":[10,11,21,24,27,30,31,46,48,50,57],"ascension_level":20}}