{"host":"pl1fbpkom0aq337f","time":1608120316,"event":{"mods":["AchievementEnabler","BaseMod","Colored Map","Minty Spire (QoL Compilation)"],"gold_per_floor":[114,131,131,131,131,160,125,157,184,211,228,254,254,274,289,324,324,419,469,485,263,281,281,281,281,160,160,178,205,205,239,239,266,279,297,297,297,397,397,415,340,340,300,312,312,346,396,422,422,472,472,486,486,506,525,552,552,552,552,552,188,223,223],"floor_reached":64,"playtime":3404,"items_purged":["Strike_G","Neutralize","Bite"],"score":1943,"play_id":"e1f1e155-1c5f-42dd-a237-6d44b2ad3586","local_time":"20201216130516","is_ascension_mode":true,"campfire_choices":[{"data":"Poisoned Stab","floor":13.0,"key":"SMITH"},{"floor":17.0,"key":"REST"},{"data":"Catalyst","floor":25.0,"key":"SMITH"},{"data":"Footwork","floor":27.0,"key":"SMITH"},{"data":"Footwork","floor":36.0,"key":"SMITH"},{"data":"Bouncing Flask","floor":37.0,"key":"SMITH"},{"data":"Crippling Poison","floor":45.0,"key":"SMITH"},{"floor":51.0,"key":"RECALL"},{"data":"Deadly Poison","floor":53.0,"key":"SMITH"},{"data":"Catalyst","floor":57.0,"key":"SMITH"},{"data":"Bite","floor":60.0,"key":"PURGE"}],"circlet_count":0,"master_deck":["Defend_G+1","Defend_G+1","Defend_G+1","Defend_G+1","Defend_G+1","Survivor","Deadly Poison","Deadly Poison+1","Poisoned Stab+1","Bane","Deadly Poison+1","Catalyst+1","Bouncing Flask+1","Blur+1","PiercingWail+1","Footwork+1","Deflect+1","Bite","Bite","Burst","Blur+1","Well Laid Plans+1","Footwork+1","Crippling Poison+1","Night Terror+1","Catalyst+1","Noxious Fumes+1","Catalyst+1","After Image","Panacea"],"relics":["Ring of the Snake","NeowsBlessing","Omamori","Prayer Wheel","Centennial Puzzle","Strawberry","Oddly Smooth Stone","Ancient Tea Set","Incense Burner","Tiny House","Membership Card","Singing Bowl","Lantern","Happy Flower","Enchiridion","Pocketwatch","Empty Cage","War Paint","Peace Pipe","Du-Vu Doll","Bag of Preparation","Pen Nib","ClockworkSouvenir","Bronze Scales","Snake Skull"],"acts_visited":["Exordium","TheCity","TheBeyond","TheEnding"],"potions_floor_usage":[63,63,63],"damage_taken":[{"damage":0.0,"enemies":"Small Slimes","floor":1.0,"turns":1.0},{"damage":0.0,"enemies":"Jaw Worm","floor":2.0,"turns":1.0},{"damage":0.0,"enemies":"3 Sentries","floor":6.0,"turns":2.0},{"damage":28.0,"enemies":"Gremlin Nob","floor":8.0,"turns":4.0},{"damage":0.0,"enemies":"2 Louse","floor":11.0,"turns":2.0},{"damage":14.0,"enemies":"3 Sentries","floor":12.0,"turns":8.0},{"damage":0.0,"enemies":"Large Slime","floor":14.0,"turns":5.0},{"damage":16.0,"enemies":"Exordium Thugs","floor":15.0,"turns":5.0},{"damage":13.0,"enemies":"Lagavulin","floor":16.0,"turns":4.0},{"damage":34.0,"enemies":"Slime Boss","floor":18.0,"turns":10.0},{"damage":12.0,"enemies":"3 Byrds","floor":20.0,"turns":6.0},{"damage":4.0,"enemies":"Chosen","floor":22.0,"turns":6.0},{"damage":22.0,"enemies":"3 Cultists","floor":28.0,"turns":7.0},{"damage":2.0,"enemies":"Gremlin Leader","floor":31.0,"turns":4.0},{"damage":8.0,"enemies":"Book of Stabbing","floor":33.0,"turns":3.0},{"damage":7.0,"enemies":"Shelled Parasite and Fungi","floor":34.0,"turns":6.0},{"damage":15.0,"enemies":"Centurion and Healer","floor":35.0,"turns":19.0},{"damage":28.0,"enemies":"Collector","floor":38.0,"turns":7.0},{"damage":0.0,"enemies":"Orb Walker","floor":40.0,"turns":5.0},{"damage":13.0,"enemies":"3 Shapes","floor":44.0,"turns":4.0},{"damage":0.0,"enemies":"Giant Head","floor":46.0,"turns":4.0},{"damage":0.0,"enemies":"Mind Bloom Boss Battle","floor":47.0,"turns":2.0},{"damage":15.0,"enemies":"Nemesis","floor":48.0,"turns":3.0},{"damage":0.0,"enemies":"Writhing Mass","floor":52.0,"turns":4.0},{"damage":25.0,"enemies":"Sphere and 2 Shapes","floor":54.0,"turns":7.0},{"damage":8.0,"enemies":"3 Darklings","floor":55.0,"turns":6.0},{"damage":0.0,"enemies":"Giant Head","floor":56.0,"turns":5.0},{"damage":47.0,"enemies":"Awakened One","floor":58.0,"turns":4.0},{"damage":1,"enemies":"Shield and Spear","floor":62,"turns":7},{"damage":37,"enemies":"The Heart","floor":63,"turns":7}],"seed_played":"1511450108785958448","potions_obtained":[{"floor":6.0,"key":"PowerPotion"},{"floor":8.0,"key":"PowerPotion"},{"floor":11.0,"key":"Fruit Juice"},{"floor":14.0,"key":"Block Potion"},{"floor":19.0,"key":"Energy Potion"},{"floor":20.0,"key":"PowerPotion"},{"floor":33.0,"key":"Energy Potion"},{"floor":34.0,"key":"SpeedPotion"},{"floor":38.0,"key":"Weak Potion"},{"floor":55.0,"key":"SmokeBomb"},{"floor":62,"key":"Regen Potion"}],"is_trial":false,"path_per_floor":["M","M","?","?","?","E","?","E","T","T","M","E","R","M","M","E","R","B",null,"M","$","M","?","?","R","$","R","M","T","T","E","?","E","M","M","R","R","B",null,"M","$","?","?","M","R","E","?","E","T","T","R","M","R","M","M","E","R","B",null,"R","$","E","B",null],"character_chosen":"THE_SILENT","items_purchased":["Membership Card","Footwork","Singing Bowl","Poison Potion","ClockworkSouvenir","Bronze Scales","After Image","SpeedPotion","Panacea"],"campfire_rested":1,"item_purchase_floors":[21,21,26,41,61,61,61,61,61],"current_hp_per_floor":[63,63,63,68,56,56,74,46,53,53,53,39,39,39,23,10,34,5,72,60,60,56,56,56,56,56,56,44,44,44,50,34,30,33,70,70,70,46,64,72,72,74,74,67,67,73,75,66,66,66,66,70,70,57,55,57,57,10,73,73,73,80,60],"gold":223,"neow_bonus":"THREE_ENEMY_KILL","is_daily":false,"chose_seed":false,"campfire_upgraded":8,"win_rate":0.0,"timestamp":1608120316,"path_taken":["M","M","?","?","?","E","?","E","T","T","M","E","R","M","?","E","R","BOSS","M","$","M","?","?","R","$","R","M","T","T","E","?","E","M","M","R","R","BOSS","M","$","?","?","?","R","E","?","E","T","?","R","M","R","M","M","E","R","BOSS","R","$","E","BOSS"],"items_purchased_type":["Relic","Card","Relic","Potion","Relic","Relic","Card","Potion","Card"],"build_version":"2020-12-13","purchased_purges":3,"victory":true,"max_hp_per_floor":[70,70,70,75,75,75,75,75,82,82,82,82,82,82,82,82,82,87,92,92,92,92,64,64,64,64,64,66,66,66,66,66,68,70,70,70,70,70,70,72,72,74,74,78,78,80,82,84,84,84,84,86,86,88,92,94,94,94,94,94,94,96,96],"card_choices":[{"not_picked":["PiercingWail","Footwork"],"picked":"Deadly Poison","floor":1.0},{"not_picked":["Dagger Spray","Acrobatics"],"picked":"Deadly Poison","floor":2.0},{"not_picked":["Tactician","Reflex"],"picked":"Poisoned Stab","floor":6.0},{"not_picked":["Outmaneuver","Prepared","Deflect"],"picked":"SKIP","floor":8.0},{"not_picked":["Endless Agony","Night Terror"],"picked":"Acrobatics","floor":11.0},{"not_picked":["Quick Slash","Riddle With Holes"],"picked":"Bane","floor":11.0},{"not_picked":["Blade Dance","Accuracy"],"picked":"Deadly Poison","floor":12.0},{"not_picked":["Dash","Deflect","Setup"],"picked":"SKIP","floor":14.0},{"not_picked":["Cloak And Dagger","Bane","Quick Slash"],"picked":"SKIP","floor":14.0},{"not_picked":["All Out Attack","Backflip"],"picked":"Catalyst","floor":15.0},{"not_picked":["Riddle With Holes","Dagger Spray"],"picked":"Bouncing Flask","floor":15.0},{"not_picked":["Backstab","Die Die Die"],"picked":"Blur","floor":16.0},{"not_picked":["Slice","Accuracy"],"picked":"PiercingWail+1","floor":20.0},{"not_picked":["Dagger Throw","All Out Attack","Flying Knee"],"picked":"SKIP","floor":20.0},{"not_picked":["Quick Slash","Dagger Spray+1"],"picked":"Deflect+1","floor":22.0},{"not_picked":["Bane","Cloak And Dagger","Sucker Punch"],"picked":"SKIP","floor":22.0},{"not_picked":["Flying Knee","Quick Slash","Dagger Spray"],"picked":"Singing Bowl","floor":28.0},{"not_picked":["Infinite Blades","Prepared"],"picked":"Burst","floor":28.0},{"not_picked":["Expertise+1","Terror"],"picked":"Blur+1","floor":31.0},{"not_picked":["Bane","Dagger Throw+1","Terror"],"picked":"Singing Bowl","floor":33.0},{"not_picked":["Deadly Poison","Noxious Fumes"],"picked":"Well Laid Plans+1","floor":34.0},{"not_picked":["Underhanded Strike","Sucker Punch","Concentrate"],"picked":"Singing Bowl","floor":34.0},{"not_picked":["Prepared+1","Bouncing Flask"],"picked":"Footwork","floor":35.0},{"not_picked":["Endless Agony","Quick Slash+1"],"picked":"Crippling Poison","floor":35.0},{"not_picked":["Burst","Wraith Form v2"],"picked":"Night Terror","floor":38.0},{"not_picked":["Poisoned Stab","Masterful Stab+1","Well Laid Plans"],"picked":"Singing Bowl","floor":40.0},{"not_picked":["Concentrate+1","Distraction+1"],"picked":"Catalyst+1","floor":40.0},{"not_picked":["Swift Strike","The Bomb","Panache"],"picked":"Singing Bowl","floor":42.0},{"not_picked":["Quick Slash+1","Sucker Punch+1","Distraction"],"picked":"Singing Bowl","floor":44.0},{"not_picked":["Prepared+1","Footwork+1","Blade Dance+1"],"picked":"Singing Bowl","floor":44.0},{"not_picked":["Deflect+1","Blade Dance+1","Poisoned Stab"],"picked":"Singing Bowl","floor":46.0},{"not_picked":["Eviscerate+1","All Out Attack+1","Deflect+1"],"picked":"Singing Bowl","floor":47.0},{"not_picked":["Deadly Poison+1","Blade Dance+1","Caltrops+1"],"picked":"Singing Bowl","floor":48.0},{"not_picked":["Acrobatics","Bane","Dagger Throw+1"],"picked":"Singing Bowl","floor":52.0},{"not_picked":["Deflect","Endless Agony"],"picked":"Noxious Fumes+1","floor":52.0},{"not_picked":["Doppelganger","Dagger Throw","Poisoned Stab+1"],"picked":"Singing Bowl","floor":54.0},{"not_picked":["Prepared","Outmaneuver+1"],"picked":"Catalyst","floor":54.0},{"not_picked":["Bane","Grand Finale","Prepared"],"picked":"Singing Bowl","floor":55.0},{"not_picked":["Cloak And Dagger+1","Bane+1","Calculated Gamble"],"picked":"Singing Bowl","floor":55.0},{"not_picked":["Noxious Fumes","Bane","Sucker Punch+1"],"picked":"Singing Bowl","floor":56.0},{"not_picked":["Heel Hook","Eviscerate+1","Deadly Poison"],"picked":"Singing Bowl","floor":62}],"player_experience":387558,"relics_obtained":[{"floor":6.0,"key":"Prayer Wheel"},{"floor":8.0,"key":"Centennial Puzzle"},{"floor":9.0,"key":"Strawberry"},{"floor":10.0,"key":"Oddly Smooth Stone"},{"floor":12.0,"key":"Ancient Tea Set"},{"floor":16.0,"key":"Incense Burner"},{"floor":29.0,"key":"Lantern"},{"floor":31.0,"key":"Happy Flower"},{"floor":32.0,"key":"Enchiridion"},{"floor":33.0,"key":"Pocketwatch"},{"floor":46.0,"key":"War Paint"},{"floor":47.0,"key":"Peace Pipe"},{"floor":49.0,"key":"Du-Vu Doll"},{"floor":50.0,"key":"Bag of Preparation"},{"floor":56.0,"key":"Pen Nib"},{"floor":62,"key":"Snake Skull"}],"event_choices":[{"damage_healed":0.0,"max_hp_gain":0.0,"max_hp_loss":0.0,"gold_gain":0.0,"event_name":"Liars Game","player_choice":"Ignored","floor":3.0,"gold_loss":0.0,"damage_taken":0.0},{"damage_healed":0.0,"max_hp_gain":5.0,"max_hp_loss":0.0,"gold_gain":0.0,"event_name":"Big Fish","player_choice":"Donut","floor":4.0,"gold_loss":0.0,"damage_taken":0.0},{"damage_healed":0.0,"max_hp_gain":0.0,"max_hp_loss":0.0,"gold_gain":0.0,"event_name":"Scrap Ooze","player_choice":"Success","floor":5.0,"gold_loss":0.0,"damage_taken":12.0,"relics_obtained":["Omamori"]},{"damage_healed":18.0,"max_hp_gain":0.0,"max_hp_loss":0.0,"gold_gain":0.0,"event_name":"The Cleric","player_choice":"Healed","floor":7.0,"gold_loss":35.0,"damage_taken":0.0},{"damage_healed":0.0,"max_hp_gain":0.0,"max_hp_loss":28.0,"gold_gain":0.0,"event_name":"Vampires","player_choice":"Became a vampire","floor":23.0,"gold_loss":0.0,"damage_taken":0.0,"cards_obtained":["Bite","Bite","Bite","Bite","Bite"]},{"damage_healed":0.0,"max_hp_gain":0.0,"max_hp_loss":0.0,"gold_gain":0.0,"event_name":"Back to Basics","player_choice":"Simplicity","floor":24.0,"gold_loss":0.0,"damage_taken":0.0,"cards_upgraded":["Defend_G","Defend_G","Defend_G","Defend_G","Defend_G"]},{"damage_healed":0.0,"max_hp_gain":0.0,"max_hp_loss":0.0,"gold_gain":0.0,"event_name":"Cursed Tome","player_choice":"Obtained Book","floor":32.0,"gold_loss":0.0,"damage_taken":16.0},{"damage_healed":0.0,"max_hp_gain":0.0,"max_hp_loss":0.0,"gold_gain":0.0,"event_name":"SensoryStone","player_choice":"Memory 1","floor":42.0,"gold_loss":0.0,"damage_taken":0.0},{"damage_healed":0.0,"max_hp_gain":0.0,"max_hp_loss":0.0,"gold_gain":0.0,"event_name":"Designer","player_choice":"Upgrade","floor":43.0,"gold_loss":40.0,"damage_taken":0.0,"cards_upgraded":["Night Terror"]},{"damage_healed":0.0,"max_hp_gain":0.0,"max_hp_loss":0.0,"gold_gain":0.0,"event_name":"MindBloom","player_choice":"Fight","floor":47.0,"gold_loss":0.0,"damage_taken":0.0}],"is_beta":false,"boss_relics":[{"not_picked":["Fusion Hammer","Busted Crown"],"picked":"Tiny House"},{"not_picked":["Snecko Eye","Ring of the Serpent"],"picked":"Empty Cage"}],"items_purged_floors":[21,41,61],"is_endless":false,"potions_floor_spawned":[6,8,11,14,20,33,34,38,40,47,48,52,55,62],"ascension_level":8}}