{"host":"a7kkotolxcg5vljr","time":1608149515,"event":{"mods":["2.2 Compatiblity","AchievementEnabler","Act Like it!","BaseMod","Better Altar","Better Skull","Better Third Choice","Colored Map","Colored Powertips","Downfall","Hermit","Highlight Path","Marisa????????","Minty Spire (QoL Compilation)","Quick Restart","Rare Cards Sparkle","Replay The Spire","Spicy Shops","StSLib","The Cursed","The Disciple","The Servant 0.9.4"],"gold_per_floor":[117,117,4,0,23,23,56,74,74,74,74],"floor_reached":10,"playtime":189,"items_purged":[],"score":91,"play_id":"9f5a800f-4805-4995-a1f4-cb2b704705ab","local_time":"20201216151155","is_ascension_mode":false,"campfire_choices":[{"floor":6,"key":"RECALL"}],"circlet_count":0,"master_deck":["Strike_R","Strike_R","Strike_R","Strike_R","Strike_R","Defend_R","Defend_R","Defend_R","Defend_R","Bash","Fire Breathing","Seeing Red","Cleave","Exhume","Warcry"],"relics":["Burning Blood","NeowsBlessing","Golden Idol","Centennial Puzzle","betterThird:SlimedRelic","Counterbalance","ReplayTheSpireMod:Shallot"],"acts_visited":["Exordium"],"potions_floor_usage":[],"damage_taken":[{"damage":0,"enemies":"Cultist","floor":1,"turns":1},{"damage":0,"enemies":"Jaw Worm","floor":5,"turns":1},{"damage":0,"enemies":"3 Sentries","floor":7,"turns":1},{"damage":8,"enemies":"2 Louse","floor":8,"turns":2},{"damage":69,"enemies":"Lagavulin","floor":10,"turns":9}],"seed_played":"5120283583316292083","potions_obtained":[],"is_trial":false,"path_per_floor":["M","?","$","?","M","R","E","M","T","E"],"character_chosen":"IRONCLAD","items_purchased":["Centennial Puzzle","Seeing Red"],"campfire_rested":0,"item_purchase_floors":[3,3],"current_hp_per_floor":[80,60,60,49,55,55,61,59,59,0,0],"gold":74,"neow_bonus":"THREE_ENEMY_KILL","is_daily":false,"chose_seed":false,"campfire_upgraded":0,"win_rate":0.0,"timestamp":1608149515,"path_taken":["M","?","?","?","?","R","E","M","T","E"],"items_purchased_type":["Relic","Card"],"build_version":"2020-12-13","purchased_purges":0,"victory":false,"max_hp_per_floor":[80,80,80,80,80,80,80,80,80,80,80],"card_choices":[{"not_picked":["Replay:Undeath\u0027s Touch","Anger"],"picked":"Fire Breathing","floor":1},{"not_picked":["Twin Strike","Reckless Charge"],"picked":"Cleave","floor":5},{"not_picked":["Armaments","Body Slam"],"picked":"Exhume","floor":7},{"not_picked":["Sword Boomerang","Clothesline"],"picked":"Warcry","floor":8}],"player_experience":325549,"relics_obtained":[{"floor":7,"key":"Counterbalance"},{"floor":9,"key":"ReplayTheSpireMod:Shallot"}],"event_choices":[{"damage_healed":0,"gold_gain":0,"player_choice":"Take Damage","damage_taken":20,"relics_obtained":["Golden Idol"],"max_hp_gain":0,"max_hp_loss":0,"event_name":"Golden Idol","floor":2,"gold_loss":0},{"damage_healed":0,"gold_gain":0,"player_choice":"Slimed","damage_taken":11,"max_hp_gain":0,"max_hp_loss":0,"event_name":"betterThird:BetterGoop","floor":4,"gold_loss":4}],"is_beta":false,"boss_relics":[],"items_purged_floors":[],"is_endless":false,"potions_floor_spawned":[],"killed_by":"Lagavulin","ascension_level":0}}