{"host":"i09pxcjttd31eh4q","time":1608126661,"event":{"mods":["AchievementEnabler","BaseMod","Colored Map","Keyboard Shortcuts","Minty Spire (QoL Compilation)","StSLib","SuperFastMode"],"gold_per_floor":[115,129,54,69,87,87,115,133,133,168,188,188,199,33,33,104,104,82,82,7,23,23,23,50,50,104,124,155,155,155,55,55,133,133,146,146,163,181,193,219,219,219],"floor_reached":41,"playtime":1492,"items_purged":["Strike_G","Defend_G"],"score":1192,"play_id":"1df92837-94cb-4c71-a154-526890bdd02d","local_time":"20201216225101","is_ascension_mode":true,"campfire_choices":[{"data":"Apotheosis","floor":6.0,"key":"SMITH"},{"floor":15.0,"key":"RECALL"},{"floor":23.0,"key":"REST"},{"floor":25.0,"key":"REST"},{"floor":32.0,"key":"REST"}],"circlet_count":0,"master_deck":["AscendersBane","Defend_G","Defend_G","Defend_G","Defend_G","Survivor","Neutralize","Apotheosis+1","Dagger Throw","Noxious Fumes","Deadly Poison","Blur","Footwork","Crippling Poison","Escape Plan","PiercingWail","Burst","Catalyst","PiercingWail","Escape Plan","Ghostly","Ghostly","Ghostly","Expertise","Dash","Tools of the Trade","Acrobatics","Well Laid Plans","Acrobatics","Footwork"],"relics":["Ring of the Snake","MealTicket","Bottled Lightning","StrikeDummy","Odd Mushroom","Medical Kit","SacredBark","Ornamental Fan","Strawberry","FossilizedHelix","HoveringKite","Oddly Smooth Stone"],"acts_visited":["Exordium","TheCity","TheBeyond"],"potions_floor_usage":[],"damage_taken":[{"damage":0.0,"enemies":"Cultist","floor":1.0,"turns":4.0},{"damage":1.0,"enemies":"Small Slimes","floor":2.0,"turns":4.0},{"damage":7.0,"enemies":"2 Louse","floor":4.0,"turns":4.0},{"damage":3.0,"enemies":"Blue Slaver","floor":5.0,"turns":6.0},{"damage":4.0,"enemies":"Lagavulin","floor":7.0,"turns":6.0},{"damage":10.0,"enemies":"3 Louse","floor":8.0,"turns":5.0},{"damage":6.0,"enemies":"3 Sentries","floor":10.0,"turns":7.0},{"damage":9.0,"enemies":"The Mushroom Lair","floor":11.0,"turns":4.0},{"damage":0.0,"enemies":"Large Slime","floor":13.0,"turns":8.0},{"damage":0.0,"enemies":"The Guardian","floor":16.0,"turns":11.0},{"damage":13.0,"enemies":"2 Thieves","floor":18.0,"turns":5.0},{"damage":20.0,"enemies":"3 Byrds","floor":21.0,"turns":5.0},{"damage":11.0,"enemies":"Gremlin Leader","floor":24.0,"turns":6.0},{"damage":8.0,"enemies":"Centurion and Healer","floor":27.0,"turns":7.0},{"damage":26.0,"enemies":"Slavers","floor":28.0,"turns":5.0},{"damage":0.0,"enemies":"Automaton","floor":33.0,"turns":9.0},{"damage":0.0,"enemies":"3 Darklings","floor":35.0,"turns":7.0},{"damage":1.0,"enemies":"3 Shapes","floor":37.0,"turns":7.0},{"damage":2.0,"enemies":"Maw","floor":38.0,"turns":5.0},{"damage":9.0,"enemies":"Jaw Worm Horde","floor":39.0,"turns":5.0},{"damage":17.0,"enemies":"Reptomancer","floor":40.0,"turns":8.0},{"damage":11,"enemies":"Transient","floor":41,"turns":3}],"seed_played":"6891094959049187978","potions_obtained":[{"floor":2.0,"key":"Block Potion"},{"floor":4.0,"key":"SpeedPotion"},{"floor":5.0,"key":"DuplicationPotion"},{"floor":8.0,"key":"Block Potion"},{"floor":21.0,"key":"Explosive Potion"},{"floor":24.0,"key":"SpeedPotion"},{"floor":38.0,"key":"Ancient Potion"}],"is_trial":false,"path_per_floor":["M","M","$","M","M","R","E","M","T","E","?","?","M","$","R","B",null,"M","?","?","M","$","R","E","R","T","M","E","?","?","$","R","B",null,"M","?","M","M","M","E","M"],"character_chosen":"THE_SILENT","items_purchased":["Medical Kit"],"campfire_rested":3,"item_purchase_floors":[14],"current_hp_per_floor":[59,58,58,51,48,48,44,34,34,28,19,19,19,34,34,34,54,41,25,25,5,20,39,28,47,54,46,20,20,20,35,36,36,36,36,36,35,33,24,7,0,0],"gold":219,"neow_bonus":"RANDOM_COLORLESS_2","is_daily":false,"chose_seed":false,"campfire_upgraded":1,"win_rate":0.0,"timestamp":1608126661,"path_taken":["M","M","$","M","?","R","E","M","T","E","?","?","M","$","R","BOSS","M","?","?","M","$","R","E","R","T","M","E","?","?","$","R","BOSS","M","?","?","M","M","E","M"],"items_purchased_type":["Relic"],"build_version":"2020-12-13","purchased_purges":2,"victory":false,"max_hp_per_floor":[60,60,60,60,60,60,60,60,60,60,60,60,60,60,60,60,60,60,65,65,65,65,65,65,65,72,72,72,36,36,36,36,36,36,36,36,36,36,36,36,36,36],"card_choices":[{"not_picked":["Secret Technique","HandOfGreed"],"picked":"Apotheosis","floor":0.0},{"not_picked":["Dodge and Roll","PiercingWail"],"picked":"Dagger Throw","floor":1.0},{"not_picked":["Caltrops","Noxious Fumes","Prepared"],"picked":"SKIP","floor":2.0},{"not_picked":["Caltrops","Prepared"],"picked":"Noxious Fumes","floor":2.0},{"not_picked":["Setup","Endless Agony"],"picked":"Deadly Poison","floor":4.0},{"not_picked":["Caltrops","Finisher"],"picked":"Blur","floor":5.0},{"not_picked":["Underhanded Strike","Prepared"],"picked":"Footwork","floor":7.0},{"not_picked":["Sucker Punch","Terror"],"picked":"Crippling Poison","floor":8.0},{"not_picked":["Storm of Steel","Sucker Punch"],"picked":"Escape Plan","floor":10.0},{"not_picked":["Deflect","Underhanded Strike"],"picked":"PiercingWail","floor":11.0},{"not_picked":["Endless Agony","Flying Knee","Masterful Stab"],"picked":"SKIP","floor":13.0},{"not_picked":["Adrenaline","Malaise"],"picked":"Burst","floor":16.0},{"not_picked":["Deadly Poison","Sucker Punch"],"picked":"Catalyst","floor":18.0},{"not_picked":["Dagger Throw","Underhanded Strike","Dagger Spray"],"picked":"SKIP","floor":21.0},{"not_picked":["Bouncing Flask","Riddle With Holes"],"picked":"PiercingWail","floor":24.0},{"not_picked":["Crippling Poison+1","Flying Knee"],"picked":"Escape Plan","floor":27.0},{"not_picked":["Deflect","Reflex","Poisoned Stab"],"picked":"SKIP","floor":28.0},{"not_picked":["Die Die Die","Unload"],"picked":"Tools of the Trade","floor":33.0},{"not_picked":["Dagger Spray+1","Blade Dance","PiercingWail"],"picked":"SKIP","floor":35.0},{"not_picked":["Backstab","All Out Attack"],"picked":"Acrobatics","floor":37.0},{"not_picked":["Bane+1","Calculated Gamble"],"picked":"Well Laid Plans","floor":38.0},{"not_picked":["Footwork","Bouncing Flask"],"picked":"Acrobatics","floor":39.0},{"not_picked":["Burst","Sucker Punch"],"picked":"Footwork","floor":40.0}],"player_experience":738041,"relics_obtained":[{"floor":7.0,"key":"MealTicket"},{"floor":9.0,"key":"Bottled Lightning"},{"floor":10.0,"key":"StrikeDummy"},{"floor":11.0,"key":"Odd Mushroom"},{"floor":24.0,"key":"Ornamental Fan"},{"floor":26.0,"key":"Strawberry"},{"floor":28.0,"key":"FossilizedHelix"},{"floor":40.0,"key":"Oddly Smooth Stone"}],"event_choices":[{"damage_healed":0.0,"max_hp_gain":0.0,"max_hp_loss":0.0,"gold_gain":0.0,"event_name":"Mushrooms","player_choice":"Fought Mushrooms","floor":11.0,"gold_loss":0.0,"damage_taken":0.0},{"cards_removed":["Strike_G"],"damage_healed":0.0,"max_hp_gain":0.0,"max_hp_loss":0.0,"gold_gain":0.0,"event_name":"Living Wall","player_choice":"Forget","floor":12.0,"gold_loss":0.0,"damage_taken":0.0},{"damage_healed":0.0,"max_hp_gain":5.0,"max_hp_loss":0.0,"gold_gain":0.0,"event_name":"Forgotten Altar","player_choice":"Shed Blood","floor":19.0,"gold_loss":0.0,"damage_taken":21.0},{"cards_removed":["Strike_G"],"damage_healed":0.0,"max_hp_gain":0.0,"max_hp_loss":0.0,"gold_gain":0.0,"event_name":"Beggar","player_choice":"Gave Gold","floor":20.0,"gold_loss":75.0,"damage_taken":0.0},{"damage_healed":0.0,"max_hp_gain":0.0,"max_hp_loss":36.0,"gold_gain":0.0,"event_name":"Ghosts","player_choice":"Became a Ghost","floor":29.0,"gold_loss":0.0,"damage_taken":0.0,"cards_obtained":["Ghostly","Ghostly","Ghostly"]},{"damage_healed":0.0,"max_hp_gain":0.0,"max_hp_loss":0.0,"gold_gain":0.0,"cards_transformed":["Strike_G","Strike_G"],"event_name":"Drug Dealer","player_choice":"Became Test Subject","floor":30.0,"gold_loss":0.0,"damage_taken":0.0,"cards_obtained":["Expertise","Dash"]},{"damage_healed":0.0,"max_hp_gain":0.0,"max_hp_loss":0.0,"gold_gain":0.0,"event_name":"SecretPortal","player_choice":"Ignored","floor":36.0,"gold_loss":0.0,"damage_taken":0.0}],"is_beta":false,"boss_relics":[{"not_picked":["Coffee Dripper","Cursed Key"],"picked":"SacredBark"},{"not_picked":["Sozu","Fusion Hammer"],"picked":"HoveringKite"}],"items_purged_floors":[3,31],"is_endless":false,"potions_floor_spawned":[2,4,5,8,21,24,38,39],"killed_by":"Transient","ascension_level":20}}