{"host":"z9zlow7pt2vzlu59","time":1608093231,"event":{"mods":["AchievementEnabler","BaseMod","Colored Powertips","Minty Spire (QoL Compilation)","Permanent Neow"],"gold_per_floor":[110,35,35,55,72,72,72,90,113,113,126,126,144,164,164,269,269,280,296,196,215,130,130,5,5,5,5,24,43,54,82,82,180,180,198,48,67,167,177,205,205,219,300,313,313,313,313,333,333,333],"floor_reached":51,"playtime":1697,"items_purged":["Strike_R","Strike_R","Strike_R","Perfected Strike+1"],"score":768,"play_id":"3921d074-867d-484b-b345-4cebef421be5","local_time":"20201215203351","is_ascension_mode":false,"campfire_choices":[{"data":"Body Slam","floor":6,"key":"SMITH"},{"data":"Body Slam","floor":10,"key":"SMITH"},{"data":"Bash","floor":15,"key":"SMITH"},{"data":"Defend_R","floor":23,"key":"SMITH"},{"data":"Defend_R","floor":25,"key":"SMITH"},{"data":"Defend_R","floor":27,"key":"SMITH"},{"data":"Shrug It Off","floor":32,"key":"SMITH"}],"circlet_count":0,"master_deck":["Defend_R+1","Body Slam+1","Body Slam+1","Shrug It Off+1","Twin Strike+1","Flame Barrier+1"],"relics":["Coffee Dripper","PreservedInsect","Pen Nib","Empty Cage","Strawberry","Letter Opener","Blue Candle","Astrolabe","Matryoshka","Ornamental Fan","Singing Bowl"],"acts_visited":["Exordium","TheCity","TheBeyond"],"potions_floor_usage":[7,11,16,33,33,48,50,50,50,50],"damage_taken":[{"damage":6,"enemies":"2 Louse","floor":1,"turns":2},{"damage":0,"enemies":"Cultist","floor":4,"turns":3},{"damage":6,"enemies":"Jaw Worm","floor":5,"turns":3},{"damage":0,"enemies":"Large Slime","floor":8,"turns":6},{"damage":1,"enemies":"Exordium Wildlife","floor":11,"turns":4},{"damage":8,"enemies":"Red Slaver","floor":13,"turns":3},{"damage":0,"enemies":"Blue Slaver","floor":14,"turns":3},{"damage":49,"enemies":"Hexaghost","floor":16,"turns":10},{"damage":5,"enemies":"3 Byrds","floor":18,"turns":6},{"damage":16,"enemies":"Spheric Guardian","floor":19,"turns":4},{"damage":38,"enemies":"3 Cultists","floor":21,"turns":8},{"damage":7,"enemies":"Centurion and Healer","floor":28,"turns":5},{"damage":7,"enemies":"Snecko","floor":29,"turns":3},{"damage":2,"enemies":"3 Cultists","floor":30,"turns":4},{"damage":5,"enemies":"Gremlin Leader","floor":31,"turns":4},{"damage":11,"enemies":"Collector","floor":33,"turns":9},{"damage":0,"enemies":"Orb Walker","floor":35,"turns":3},{"damage":0,"enemies":"3 Darklings","floor":37,"turns":3},{"damage":0,"enemies":"Sphere and 2 Shapes","floor":39,"turns":3},{"damage":10,"enemies":"Nemesis","floor":40,"turns":3},{"damage":2,"enemies":"Maw","floor":42,"turns":6},{"damage":0,"enemies":"Writhing Mass","floor":44,"turns":3},{"damage":0,"enemies":"Transient","floor":48,"turns":5},{"damage":8,"enemies":"Awakened One","floor":50,"turns":8}],"seed_played":"-287933627870330699","potions_obtained":[{"floor":5,"key":"Fruit Juice"},{"floor":7,"key":"Fruit Juice"},{"floor":7,"key":"BlessingOfTheForge"},{"floor":7,"key":"Swift Potion"},{"floor":11,"key":"Ancient Potion"},{"floor":14,"key":"Weak Potion"},{"floor":16,"key":"Block Potion"},{"floor":19,"key":"PowerPotion"},{"floor":21,"key":"PowerPotion"},{"floor":33,"key":"EssenceOfSteel"},{"floor":35,"key":"Block Potion"},{"floor":48,"key":"EntropicBrew"}],"is_trial":false,"path_per_floor":["M","$","?","M","M","R","?","M","T","R","M","T","M","M","R","B",null,"M","M","$","M","?","R","$","R","T","R","M","M","M","E","R","B",null,"M","$","M","?","M","E","?","M","T","M","?","R","?","M","R","B",null],"character_chosen":"IRONCLAD","items_purchased":[],"campfire_rested":0,"item_purchase_floors":[],"current_hp_per_floor":[74,74,79,79,73,73,78,78,78,78,82,82,74,74,74,25,95,90,74,74,36,43,43,43,43,43,43,36,29,27,22,22,11,102,102,102,102,102,102,92,92,90,90,92,92,92,94,96,96,88],"gold":333,"neow_bonus":"BOSS_RELIC","is_daily":false,"chose_seed":false,"campfire_upgraded":7,"win_rate":0.0,"timestamp":1608093231,"path_taken":["M","$","?","M","M","R","?","?","T","R","M","?","M","M","R","BOSS","M","M","$","M","?","R","$","R","T","R","M","M","M","E","R","BOSS","M","$","M","?","?","E","?","M","T","M","?","R","?","M","R","BOSS"],"items_purchased_type":[],"build_version":"2020-12-13","purchased_purges":4,"victory":true,"max_hp_per_floor":[80,80,85,85,85,85,90,90,90,90,95,95,95,95,95,95,95,95,95,95,95,102,102,102,102,102,102,102,102,102,102,102,102,102,102,102,102,102,102,102,102,102,102,104,99,99,101,103,103,103],"card_choices":[{"not_picked":["Shrug It Off","Iron Wave"],"picked":"Body Slam","floor":1},{"not_picked":["Disarm","Thunderclap","Intimidate"],"picked":"SKIP","floor":4},{"not_picked":["Cleave","Sword Boomerang","Ghostly Armor"],"picked":"SKIP","floor":5},{"not_picked":["Limit Break","Anger"],"picked":"Body Slam","floor":8},{"not_picked":["Wild Strike","Heavy Blade","Dropkick"],"picked":"SKIP","floor":11},{"not_picked":["Flex","Seeing Red","Twin Strike"],"picked":"SKIP","floor":13},{"not_picked":["Clash","Fiend Fire","Pummel"],"picked":"SKIP","floor":14},{"not_picked":["Sword Boomerang","Reckless Charge+1","Infernal Blade"],"picked":"SKIP","floor":18},{"not_picked":["Dark Embrace+1","Clash","Twin Strike"],"picked":"SKIP","floor":19},{"not_picked":["Pommel Strike","Inflame+1","Heavy Blade"],"picked":"SKIP","floor":21},{"not_picked":["Blood for Blood","Iron Wave"],"picked":"Shrug It Off","floor":28},{"not_picked":["True Grit","Iron Wave+1","Carnage+1"],"picked":"SKIP","floor":29},{"not_picked":["Whirlwind","Twin Strike","Inflame"],"picked":"SKIP","floor":30},{"not_picked":["Searing Blow","Clash","Thunderclap+1"],"picked":"SKIP","floor":31},{"not_picked":["Body Slam+1","Headbutt+1","Heavy Blade"],"picked":"SKIP","floor":35},{"not_picked":["Searing Blow","Iron Wave","Fire Breathing"],"picked":"SKIP","floor":37},{"not_picked":["Warcry+1","Heavy Blade+1","Clothesline+1"],"picked":"SKIP","floor":39},{"not_picked":["Limit Break","Reaper","Clothesline+1"],"picked":"SKIP","floor":40},{"not_picked":["Cleave","Thunderclap","Sword Boomerang"],"picked":"SKIP","floor":42},{"not_picked":["Shockwave+1","Power Through+1","Burning Pact"],"picked":"Singing Bowl","floor":44},{"not_picked":["Purity","Discovery","Finesse"],"picked":"Singing Bowl","floor":47},{"not_picked":["Clothesline","Dropkick+1","Shrug It Off"],"picked":"Singing Bowl","floor":48}],"player_experience":123283,"relics_obtained":[{"floor":9,"key":"PreservedInsect"},{"floor":12,"key":"Pen Nib"},{"floor":26,"key":"Letter Opener"},{"floor":31,"key":"Blue Candle"},{"floor":40,"key":"Matryoshka"},{"floor":43,"key":"Ornamental Fan"},{"floor":43,"key":"Singing Bowl"}],"event_choices":[{"damage_healed":0,"gold_gain":0,"player_choice":"Donut","damage_taken":0,"max_hp_gain":5,"max_hp_loss":0,"event_name":"Big Fish","floor":3,"gold_loss":0},{"damage_healed":0,"gold_gain":0,"player_choice":"Got Potions","damage_taken":0,"max_hp_gain":0,"max_hp_loss":0,"event_name":"Lab","floor":7,"gold_loss":0},{"damage_healed":0,"gold_gain":0,"player_choice":"Obtained Relic","damage_taken":0,"relics_obtained":["Strawberry"],"max_hp_gain":0,"max_hp_loss":0,"event_name":"Addict","floor":22,"gold_loss":85},{"damage_healed":0,"gold_gain":100,"player_choice":"Pray","damage_taken":0,"max_hp_gain":0,"max_hp_loss":0,"event_name":"Golden Shrine","floor":38,"gold_loss":0},{"cards_removed":["Defend_R"],"damage_healed":0,"gold_gain":0,"player_choice":"Removed Skill","damage_taken":0,"max_hp_gain":0,"max_hp_loss":0,"event_name":"Falling","floor":41,"gold_loss":0},{"damage_healed":0,"gold_gain":0,"player_choice":"Max HP","damage_taken":0,"max_hp_gain":0,"max_hp_loss":5,"event_name":"Winding Halls","floor":45,"gold_loss":0},{"damage_healed":0,"gold_gain":0,"player_choice":"Memory 1","damage_taken":0,"max_hp_gain":0,"max_hp_loss":0,"event_name":"SensoryStone","floor":47,"gold_loss":0}],"is_beta":false,"boss_relics":[{"not_picked":["Sozu","Runic Pyramid"],"picked":"Empty Cage"},{"not_picked":["Mark of Pain","Runic Dome"],"picked":"Astrolabe"}],"items_purged_floors":[2,20,24,36],"is_endless":false,"potions_floor_spawned":[5,11,14,16,19,21,33,35,39,48],"ascension_level":0}}