{"host":"v7tp7bgmerva31qt","time":1608108033,"event":{"mods":["AchievementEnabler","BaseMod","BetterRewards","Downfall","Googly Eyes","Minty Spire (QoL Compilation)","Replay The Spire","Shop Mod","StSLib","The Hierophant","The Poker Player","The Runesmith"],"gold_per_floor":[99,119,44,71,81,92,92,92,25,25,44,44,62,75,87,184,184,184,194,53,53,53,66,66,97,116,116,116,132,151,167,180,276,276,276,276,276,308,321,333,333,350,350,385,395,395,395,409,426,426],"floor_reached":51,"playtime":4127,"items_purged":["champ:Strike"],"score":912,"play_id":"6bada39c-25c9-4346-8a19-ded4e7f29edd","local_time":"20201216184033","is_ascension_mode":false,"campfire_choices":[{"floor":1,"key":"RECALL"},{"data":"champ:Backstep","floor":3,"key":"SMITH"},{"data":"champ:Taunt","floor":8,"key":"SMITH"},{"floor":10,"key":"REST"},{"floor":18,"key":"REST"},{"floor":22,"key":"REST"},{"floor":27,"key":"REST"},{"floor":35,"key":"REST"},{"floor":43,"key":"REST"}],"circlet_count":0,"master_deck":["champ:Strike","champ:Strike","champ:Strike","champ:Defend","champ:Defend","champ:Defend","champ:Execute","champ:Taunt+1","champ:Backstep+1","champ:IronFortress","champ:Circumvent","champ:RapidStrikes","champ:IronFortress","champ:DefensiveShout","champ:StanceDance","champ:BerserkerStyle","champ:CheapShot","champ:EnGarde+1","champ:GutPunch+1","champ:ShieldWall+1","champ:Riposte+1","ReplayTheSpireMod:IOU","champ:SteelEdge","champ:DefensiveShout+1","champ:ShieldWall","champ:FalseCounter+1","champ:BerserkerStyle","champ:IgnorePain","champ:StanceDance+1","champ:BringItOn+1","champ:BerserkersShout","Delirium","champ:TornadoPunch+1","champ:Improvising","champ:AdrenalArmor+1","champ:ArenaPreparation+1","champ:FocusedDefense+1"],"relics":["champ:ChampionCrown","downfall:HeartBlessingRed","Replay:Ringing Soul","PreservedInsect","Replay:Grab Bag","Cursed Key","Fusion Hammer","Snecko Eye","champ:ChampionCrownUpgraded","Pear","Garlic","Black Star","Ring of Searing","Shuriken","Art of War","Kunai","Nunchaku","ReplayFunnel"],"acts_visited":["Exordium","TheCity","TheBeyond"],"potions_floor_usage":[20,20,33,33,45,47,50,50,50],"damage_taken":[{"damage":30,"enemies":"Cultist","floor":2,"turns":7},{"damage":46,"enemies":"Lagavulin","floor":4,"turns":8},{"damage":5,"enemies":"Jaw Worm","floor":5,"turns":3},{"damage":5,"enemies":"Small Slimes","floor":6,"turns":3},{"damage":5,"enemies":"downfall:FleeingMerchant","floor":9,"turns":4},{"damage":11,"enemies":"Gremlin Gang","floor":11,"turns":5},{"damage":23,"enemies":"Exordium Thugs","floor":13,"turns":4},{"damage":11,"enemies":"Blue Slaver","floor":14,"turns":5},{"damage":9,"enemies":"2 Fungi Beasts","floor":15,"turns":3},{"damage":61,"enemies":"downfall:Silent","floor":16,"turns":12},{"damage":17,"enemies":"Spheric Guardian","floor":19,"turns":4},{"damage":14,"enemies":"downfall:FleeingMerchant","floor":20,"turns":5},{"damage":9,"enemies":"Snake Plant","floor":23,"turns":4},{"damage":24,"enemies":"Slavers","floor":25,"turns":5},{"damage":11,"enemies":"Shelled Parasite and Fungi","floor":26,"turns":3},{"damage":8,"enemies":"Snecko","floor":29,"turns":3},{"damage":3,"enemies":"Snake Plant","floor":30,"turns":3},{"damage":30,"enemies":"Centurion and Healer","floor":31,"turns":4},{"damage":8,"enemies":"Snecko","floor":32,"turns":4},{"damage":23,"enemies":"downfall:Ironclad","floor":33,"turns":3},{"damage":42,"enemies":"Nemesis","floor":38,"turns":5},{"damage":41,"enemies":"3 Shapes","floor":39,"turns":4},{"damage":21,"enemies":"Orb Walker","floor":40,"turns":2},{"damage":30,"enemies":"Spire Growth","floor":42,"turns":2},{"damage":48,"enemies":"Giant Head","floor":44,"turns":7},{"damage":70,"enemies":"Writhing Mass","floor":45,"turns":5},{"damage":65,"enemies":"Maw","floor":47,"turns":8},{"damage":31,"enemies":"Sphere and 2 Shapes","floor":48,"turns":4},{"damage":49,"enemies":"Transient","floor":49,"turns":5},{"damage":23,"enemies":"downfall:Defect","floor":50,"turns":3}],"seed_played":"6856529204059803664","potions_obtained":[{"floor":5,"key":"Cursed Concoction"},{"floor":6,"key":"FearPotion"},{"floor":13,"key":"Regen Potion"},{"floor":16,"key":"champ:CounterPotion"},{"floor":25,"key":"hexamod:EctoCoolerPotion"},{"floor":26,"key":"Adrenaline Potion"},{"floor":38,"key":"SmokeBomb"},{"floor":42,"key":"EntropicBrew"},{"floor":45,"key":"champ:CounterPotion"}],"is_trial":false,"path_per_floor":["R","M","R","E","M","M","T","R","$","R","M","?","M","M","M","B",null,"R","M","$","?","R","M","T","E","M","R","?","M","M","M","M","B",null,"R","?","?","E","M","M","T","M","R","E","M","?","M","M","M","B",null],"character_chosen":"THE_CHAMP","items_purchased":["champ:DefensiveShout","champ:ShieldWall+1"],"campfire_rested":6,"item_purchase_floors":[9,20],"current_hp_per_floor":[99,77,77,54,57,60,60,60,63,96,93,93,81,78,72,45,120,120,123,126,126,126,129,142,129,142,148,148,151,151,135,138,151,160,160,160,160,141,126,134,137,135,175,156,126,126,92,79,92,102],"gold":426,"neow_bonus":"TEN_PERCENT_HP_BONUS","is_daily":false,"chose_seed":false,"campfire_upgraded":2,"win_rate":0.0,"timestamp":1608108033,"path_taken":["R","M","R","E","M","M","T","R","?","R","M","?","M","M","M","BOSS","R","M","$","?","R","M","T","E","M","R","?","M","M","?","M","BOSS","R","?","?","E","M","M","T","M","R","E","M","?","?","M","M","BOSS"],"items_purchased_type":["Card","Card"],"build_version":"2020-12-13","purchased_purges":1,"victory":true,"max_hp_per_floor":[99,99,99,102,105,108,108,108,111,111,114,114,114,114,117,120,120,120,123,126,126,126,129,142,145,148,148,148,151,151,154,157,160,160,160,160,160,163,166,169,172,175,175,178,181,181,181,184,187,187],"card_choices":[{"not_picked":["champ:Circumvent","champ:PerfectedStrike"],"picked":"champ:Backstep","floor":2},{"not_picked":["champ:AdrenalArmor","champ:BerserkerStyle"],"picked":"champ:IronFortress","floor":4},{"not_picked":["champ:FanOfKnives","champ:FocusedGladiator"],"picked":"champ:Circumvent","floor":5},{"not_picked":["champ:BerserkersShout","champ:Encircle"],"picked":"champ:RapidStrikes","floor":6},{"not_picked":["champ:Haymaker","champ:RapidStrikes"],"picked":"champ:IronFortress","floor":9},{"not_picked":["champ:GladiatorsShout","champ:Haymaker"],"picked":"champ:StanceDance","floor":11},{"not_picked":["champ:FlashCut","champ:CrookedStrike","champ:SteelEdge"],"picked":"SKIP","floor":13},{"not_picked":["champ:FightOn","champ:HeartStrike","champ:GladiatorsShout"],"picked":"SKIP","floor":14},{"not_picked":["champ:DefensiveShout","champ:FalseCounter"],"picked":"champ:BerserkerStyle","floor":15},{"not_picked":["champ:IgnorePain","champ:HoldFirm"],"picked":"champ:CheapShot","floor":16},{"not_picked":["champ:StanceDance+1","champ:BerserkersShout"],"picked":"champ:EnGarde","floor":19},{"not_picked":["champ:Backstep","champ:FanOfKnives"],"picked":"champ:GutPunch+1","floor":20},{"not_picked":["champ:PerfectedStrike","champ:BerserkersShout"],"picked":"champ:Riposte+1","floor":23},{"not_picked":["champ:Riposte","champ:StanceDance"],"picked":"champ:SteelEdge","floor":25},{"not_picked":["champ:Riposte","champ:FocusedBerserking"],"picked":"champ:DefensiveShout+1","floor":26},{"not_picked":["champ:GladiatorsShout+1","champ:CrookedStrike"],"picked":"champ:ShieldWall","floor":29},{"not_picked":["champ:Circumvent","champ:Encircle","champ:BringItOn"],"picked":"SKIP","floor":30},{"not_picked":["champ:BringItOn","champ:AdrenalArmor"],"picked":"champ:FalseCounter+1","floor":31},{"not_picked":["champ:Haymaker+1","champ:GladiatorsShout"],"picked":"champ:BerserkerStyle","floor":32},{"not_picked":["champ:ShieldThrow","champ:DancingMaster"],"picked":"champ:IgnorePain","floor":33},{"not_picked":["champ:CrookedStrike+1","champ:Haymaker"],"picked":"champ:StanceDance+1","floor":38},{"not_picked":["champ:PerfectedStrike+1","champ:Encircle"],"picked":"champ:BringItOn+1","floor":39},{"not_picked":["champ:GutPunch","champ:FanOfKnives+1"],"picked":"champ:BerserkersShout","floor":40},{"not_picked":["champ:Haymaker","champ:CrookedStrike+1"],"picked":"champ:TornadoPunch+1","floor":42},{"not_picked":["champ:Circumvent","champ:TornadoPunch"],"picked":"champ:Improvising","floor":44},{"not_picked":["champ:Encircle","champ:BringItOn"],"picked":"champ:AdrenalArmor+1","floor":45},{"not_picked":["champ:RapidStrikes","champ:DefensiveStyle+1"],"picked":"champ:ArenaPreparation+1","floor":48},{"not_picked":["champ:DefensiveStyle","champ:FlashCut"],"picked":"champ:FocusedDefense+1","floor":49}],"player_experience":267030,"relics_obtained":[{"floor":4,"key":"Replay:Ringing Soul"},{"floor":7,"key":"PreservedInsect"},{"floor":24,"key":"Pear"},{"floor":25,"key":"Garlic"},{"floor":37,"key":"Ring of Searing"},{"floor":38,"key":"Shuriken"},{"floor":38,"key":"Art of War"},{"floor":41,"key":"Kunai"},{"floor":44,"key":"Nunchaku"},{"floor":44,"key":"ReplayFunnel"}],"event_choices":[{"damage_healed":0,"gold_gain":0,"player_choice":"Got Potions","damage_taken":0,"max_hp_gain":0,"max_hp_loss":0,"event_name":"Lab","floor":28,"gold_loss":0},{"cards_removed":["champ:Defend"],"damage_healed":0,"gold_gain":0,"player_choice":"Removed Skill","damage_taken":0,"max_hp_gain":0,"max_hp_loss":0,"event_name":"Falling","floor":36,"gold_loss":0},{"damage_healed":0,"gold_gain":0,"player_choice":"Forge","damage_taken":0,"max_hp_gain":0,"max_hp_loss":0,"event_name":"Accursed Blacksmith","floor":46,"gold_loss":0,"cards_upgraded":["champ:EnGarde"]}],"is_beta":false,"boss_relics":[{"not_picked":["Replay:Bronze Core","Replay:Ancient Bell"],"picked":"Replay:Grab Bag"},{"not_picked":["Philosopher\u0027s Stone","ChewingGum"],"picked":"Cursed Key"},{"not_picked":["ReplayTheSpireMod:DimensionalGlitch","Busted Crown"],"picked":"Fusion Hammer"},{"not_picked":["Pandora\u0027s Box","Runic Pyramid"],"picked":"Snecko Eye"},{"not_picked":["Empty Cage","SacredBark"],"picked":"champ:ChampionCrownUpgraded"},{"not_picked":["SlaversCollar","Ring of Chaos"],"picked":"Black Star"}],"items_purged_floors":[20],"is_endless":false,"potions_floor_spawned":[5,6,13,16,19,25,26,31,32,38,42,45,47],"ascension_level":0}}