{"host":"7l2t4psy44vpcd9q","time":1608129873,"event":{"mods":["AchievementEnabler","BaseMod","DeckTracker","Minty Spire (QoL Compilation)","SuperFastMode"],"gold_per_floor":[111,122,136,146,157,157,192,192,246,246,274,274,290,97,97,171,171,186,186,198,113,125,125],"floor_reached":22,"playtime":1346,"items_purged":[],"score":372,"play_id":"88a070b7-49fd-4c02-89f6-181e72e17189","local_time":"20201216234433","is_ascension_mode":true,"campfire_choices":[{"data":"Streamline","floor":6,"key":"SMITH"},{"floor":8,"key":"REST"},{"data":"Stack","floor":10,"key":"SMITH"},{"data":"Coolheaded","floor":12,"key":"SMITH"},{"data":"Apotheosis","floor":15,"key":"SMITH"}],"circlet_count":0,"master_deck":["AscendersBane","Strike_B","Strike_B","Strike_B","Strike_B","Defend_B","Defend_B","Defend_B","Defend_B","Zap","Dualcast","Stack+1","Streamline+1","Machine Learning","Sweeping Beam","Go for the Eyes","Coolheaded+1","Compile Driver","Genetic Algorithm","Apotheosis+1","Seek","Beam Cell","Coolheaded"],"relics":["Cracked Core","Regal Pillow","DataDisk","Letter Opener","SacredBark","MawBank"],"acts_visited":["Exordium","TheCity"],"potions_floor_usage":[7,13,16,20,22],"damage_taken":[{"damage":0,"enemies":"Small Slimes","floor":1,"turns":3},{"damage":8,"enemies":"2 Louse","floor":2,"turns":3},{"damage":9,"enemies":"Jaw Worm","floor":3,"turns":4},{"damage":1,"enemies":"Looter","floor":4,"turns":3},{"damage":2,"enemies":"2 Fungi Beasts","floor":5,"turns":4},{"damage":29,"enemies":"Gremlin Nob","floor":7,"turns":4},{"damage":9,"enemies":"Lagavulin","floor":11,"turns":7},{"damage":8,"enemies":"Lots of Slimes","floor":13,"turns":3},{"damage":2,"enemies":"The Guardian","floor":16,"turns":10},{"damage":8,"enemies":"Spheric Guardian","floor":18,"turns":5},{"damage":29,"enemies":"2 Thieves","floor":20,"turns":4},{"damage":32,"enemies":"Cultist and Chosen","floor":22,"turns":5}],"seed_played":"2574538767544293431","potions_obtained":[{"floor":1,"key":"Dexterity Potion"},{"floor":2,"key":"PowerPotion"},{"floor":11,"key":"Swift Potion"},{"floor":16,"key":"BlessingOfTheForge"},{"floor":20,"key":"GamblersBrew"}],"is_trial":false,"path_per_floor":["M","M","M","M","M","R","E","R","T","R","E","R","M","$","R","B",null,"M","?","M","?","M"],"character_chosen":"DEFECT","items_purchased":["Apotheosis"],"campfire_rested":1,"item_purchase_floors":[14],"current_hp_per_floor":[71,63,54,53,51,51,22,60,60,60,51,51,43,43,43,41,69,61,61,32,32,0,0],"gold":125,"neow_bonus":"TEN_PERCENT_HP_BONUS","is_daily":false,"chose_seed":false,"campfire_upgraded":4,"win_rate":0.0,"timestamp":1608129873,"path_taken":["M","M","M","M","M","R","E","R","T","R","E","R","M","$","R","BOSS","M","?","M","?","M"],"items_purchased_type":["Card"],"build_version":"2020-12-13","purchased_purges":0,"victory":false,"max_hp_per_floor":[78,78,78,78,78,78,78,78,78,78,78,78,78,78,78,78,78,78,78,78,78,78,78],"card_choices":[{"not_picked":["Conserve Battery","Redo"],"picked":"Stack","floor":1},{"not_picked":["Genetic Algorithm","Stack"],"picked":"Streamline","floor":2},{"not_picked":["Steam Power","Barrage"],"picked":"Machine Learning","floor":3},{"not_picked":["Capacitor","Lockon"],"picked":"Sweeping Beam","floor":4},{"not_picked":["Ball Lightning","Scrape"],"picked":"Go for the Eyes","floor":5},{"not_picked":["Go for the Eyes","Stack"],"picked":"Coolheaded","floor":7},{"not_picked":["Conserve Battery","Streamline"],"picked":"Compile Driver","floor":11},{"not_picked":["Gash","Leap"],"picked":"Genetic Algorithm","floor":13},{"not_picked":["Fission","Electrodynamics"],"picked":"Seek","floor":16},{"not_picked":["Cold Snap","Ball Lightning"],"picked":"Beam Cell","floor":18},{"not_picked":["Steam","Turbo"],"picked":"Coolheaded","floor":20}],"player_experience":1094368,"relics_obtained":[{"floor":7,"key":"Regal Pillow"},{"floor":9,"key":"DataDisk"},{"floor":11,"key":"Letter Opener"}],"event_choices":[{"damage_healed":0,"gold_gain":0,"player_choice":"Ignored","damage_taken":0,"max_hp_gain":0,"max_hp_loss":0,"event_name":"The Mausoleum","floor":19,"gold_loss":0},{"damage_healed":0,"gold_gain":0,"player_choice":"Obtained Relic","damage_taken":0,"relics_obtained":["MawBank"],"max_hp_gain":0,"max_hp_loss":0,"event_name":"Addict","floor":21,"gold_loss":85}],"is_beta":false,"boss_relics":[{"not_picked":["Coffee Dripper","Runic Pyramid"],"picked":"SacredBark"}],"items_purged_floors":[],"is_endless":false,"potions_floor_spawned":[1,2,4,11,16,20],"killed_by":"Cultist and Chosen","ascension_level":18}}