{"host":"02w9hl92h62kgkzk","time":1608112883,"event":{"mods":["2.2 Compatiblity","AchievementEnabler","Act Like it!","AlwaysNeverKeys","Aspiration","BaseMod","Better Altar","Better Match","Better Note","Better Sensory Stone","Better Skull","Better Third Choice","Better Vampires","BetterRewards","Block Reminder","CCEM","ChefMod","Colored Map","Colored Powertips","Conspire","Downfall","Ekko","Emptier Cage","Energized Spire","Friendly Minions","FruityMod","GifTheSpireLib","Halation","Hallownest","Hubris","Humility","Magitek Elite","Marked Mod","Mimic Mod","Minty Spire (QoL Compilation)","Quick Restart","RRrroohrrRGHHhhh!!","Retaliation","Reworked Bosses","Shop Mod","Spicy Shops","Spikes Relics","StSLib","Stuff the Spire","The Hierophant","The Jungle","Trackpad","Transform Curses","Unceasing Turn Reminder","Wandering Minibosses","vexMod"],"gold_per_floor":[99,126,126,126,126],"floor_reached":4,"playtime":182,"items_purged":[],"score":30,"play_id":"2002e7e4-c589-4079-b44a-e5e4a1c0eeea","local_time":"20201216040123","is_ascension_mode":false,"campfire_choices":[{"data":"Slimebound:Split","floor":1,"key":"SMITH"}],"circlet_count":0,"master_deck":["Slimebound:Strike_Slimebound","Slimebound:Strike_Slimebound","Slimebound:Strike_Slimebound","Slimebound:Tackle","Slimebound:Defend_Slimebound","Slimebound:Defend_Slimebound","Slimebound:Defend_Slimebound","Slimebound:Defend_Slimebound","Slimebound:Split+1","Slimebound:CorrosiveSpit","Slimebound:Repurpose"],"relics":["Slimebound:AbsorbEndCombat","vexMod:HeadHunter","hubris:Zylophone"],"acts_visited":["Hallownest:Greenpath"],"potions_floor_usage":[],"damage_taken":[{"damage":36,"enemies":"Hallownest:eliteMossKnight","floor":2,"turns":10},{"damage":43,"enemies":"Hallownest:eliteCrystalGuardian","floor":4,"turns":3}],"seed_played":"3807883534852283406","potions_obtained":[],"is_trial":false,"path_per_floor":["R","E","?","E"],"character_chosen":"SLIMEBOUND","items_purchased":[],"campfire_rested":0,"item_purchase_floors":[],"current_hp_per_floor":[66,40,40,0,0],"gold":126,"neow_bonus":"TEN_PERCENT_HP_BONUS","is_daily":false,"chose_seed":false,"campfire_upgraded":1,"win_rate":0.0,"timestamp":1608112883,"path_taken":["R","E","?","E"],"items_purchased_type":[],"build_version":"2020-12-13","purchased_purges":0,"victory":false,"max_hp_per_floor":[66,66,66,66,66],"card_choices":[{"not_picked":["Slimebound:ProtectTheBoss","Slimebound:ViciousTackle"],"picked":"Slimebound:Repurpose","floor":2}],"player_experience":477546,"relics_obtained":[{"floor":2,"key":"vexMod:HeadHunter"}],"event_choices":[],"is_beta":false,"boss_relics":[],"items_purged_floors":[],"is_endless":false,"potions_floor_spawned":[],"killed_by":"Hallownest:eliteCrystalGuardian","ascension_level":0}}