{"host":"g60qzgg9idfs5btx","time":1608092020,"event":{"mods":["AchievementEnabler","BaseMod","Better Match","BetterRewards","Colored Map","Colored Powertips","DeckTracker","Hubris","Infinite Spire","Marisa????????","Minty Spire (QoL Compilation)","Quick Restart","Relic Stats","Shop Mod","StSLib","The Cursed","The Servant 0.9.4"],"gold_per_floor":[115,126,136,156,172,172,197,197,275,275,293,293,293],"floor_reached":12,"playtime":298,"items_purged":[],"score":86,"play_id":"14843950-0965-4344-a14f-a4d357b96609","local_time":"20201215221340","is_ascension_mode":true,"campfire_choices":[{"floor":6,"key":"REST"},{"floor":8,"key":"REST"}],"circlet_count":0,"master_deck":["Strike_G","Strike_G","Strike_G","Strike_G","Strike_G","Defend_G","Defend_G","Defend_G","Defend_G","Defend_G","Neutralize","Poisoned Stab","Noxious Fumes","Flying Knee","Slice","Slice","hubris:Counter","Storm of Steel"],"relics":["Ring of the Snake","hubris:64BitClover","Gremlin Horn","Unceasing Top","Bottled Tornado","Paper Crane"],"acts_visited":["Exordium"],"potions_floor_usage":[4,5,12],"damage_taken":[{"damage":0,"enemies":"Small Slimes","floor":1,"turns":4},{"damage":0,"enemies":"Cultist","floor":2,"turns":3},{"damage":11,"enemies":"2 Louse","floor":3,"turns":2},{"damage":14,"enemies":"Large Slime","floor":4,"turns":5},{"damage":10,"enemies":"Exordium Thugs","floor":5,"turns":3},{"damage":20,"enemies":"Gremlin Nob","floor":7,"turns":5},{"damage":9,"enemies":"2 Fungi Beasts","floor":11,"turns":3},{"damage":22,"enemies":"3 Sentries","floor":12,"turns":3}],"seed_played":"8664355727984097247","potions_obtained":[{"floor":2,"key":"Explosive Potion"},{"floor":3,"key":"PowerPotion"},{"floor":7,"key":"Explosive Potion"},{"floor":11,"key":"Swift Potion"}],"is_trial":false,"path_per_floor":["M","M","M","M","M","R","E","R","T","?","M","E"],"character_chosen":"THE_SILENT","items_purchased":["hubris:64BitClover","Gremlin Horn"],"campfire_rested":2,"item_purchase_floors":[0,0],"current_hp_per_floor":[38,38,27,13,3,24,4,25,25,25,16,0,0],"gold":293,"neow_bonus":"","is_daily":false,"chose_seed":false,"campfire_upgraded":0,"win_rate":0.0,"timestamp":1608092020,"path_taken":["M","M","M","M","M","R","E","R","T","?","M","E"],"items_purchased_type":["Relic","Relic"],"build_version":"2020-12-13","purchased_purges":0,"victory":false,"max_hp_per_floor":[70,70,70,70,70,70,70,70,70,70,70,70,70],"relic_stats":{"Gremlin Horn":[6,6],"counters":[8,28],"obtain_stats":[{"Gremlin Horn":0,"hubris:64BitClover":0,"Vajra":0,"Orrery":0,"Prayer Wheel":0,"Snake Skull":0,"Bottled Tornado":9,"Paper Crane":10,"Boot":0,"StrikeDummy":0,"Unceasing Top":7,"Ring of the Snake":0},{"Gremlin Horn":0,"hubris:64BitClover":0,"Vajra":0,"Orrery":0,"Prayer Wheel":0,"Snake Skull":0,"Bottled Tornado":6,"Paper Crane":6,"Boot":0,"StrikeDummy":0,"Unceasing Top":6,"Ring of the Snake":0},{"Gremlin Horn":0,"hubris:64BitClover":0,"Vajra":0,"Orrery":0,"Prayer Wheel":0,"Snake Skull":0,"Bottled Tornado":22,"Paper Crane":22,"Boot":0,"StrikeDummy":0,"Unceasing Top":22,"Ring of the Snake":0}],"Unceasing Top":[2],"Ring of the Snake":[16]},"card_choices":[{"not_picked":["Dodge and Roll","Acrobatics"],"picked":"Poisoned Stab","floor":1},{"not_picked":["Quick Slash","Eviscerate"],"picked":"Noxious Fumes","floor":2},{"not_picked":["Underhanded Strike","Prepared"],"picked":"Flying Knee","floor":3},{"not_picked":["Heel Hook","Backflip"],"picked":"Slice","floor":4},{"not_picked":["Endless Agony","Distraction"],"picked":"Slice","floor":5},{"not_picked":["PiercingWail","Quick Slash"],"picked":"hubris:Counter","floor":7},{"not_picked":["hubris:SlightOfHand","Backstab"],"picked":"Storm of Steel","floor":11}],"player_experience":245706,"relics_obtained":[{"floor":7,"key":"Unceasing Top"},{"floor":9,"key":"Bottled Tornado"}],"event_choices":[{"damage_healed":0,"gold_gain":0,"player_choice":"Gave Potion","damage_taken":0,"relics_obtained":["Paper Crane"],"max_hp_gain":0,"max_hp_loss":0,"event_name":"WeMeetAgain","floor":10,"gold_loss":0}],"is_beta":false,"boss_relics":[],"items_purged_floors":[],"is_endless":false,"potions_floor_spawned":[2,3,7,11],"killed_by":"3 Sentries","ascension_level":1}}