{"host":"4pmzrw6j7p9u06vv","time":1608088365,"event":{"mods":["BaseMod","BetterRewards","Downfall","MarisaÅiñ∂âJÅ@ñÇóùçπÅj","Minty Spire (QoL Compilation)","Replay The Spire","StSLib","The Disciple","The Jungle"],"gold_per_floor":[119,119,119,135,310,310,327,355,378,378,397,22,22,33,33,128,128,138,151,51,51,151,177,177,196,221,247,262,262,262,2,2,101,101,121,132,132,132,145,145,20,30,30,43,43,43,54,102,102,102],"floor_reached":51,"playtime":2841,"items_purged":["Doubt","Defend_G","Strike_G"],"score":860,"play_id":"bc2aa5d4-8975-4696-86ea-c724b770c8d0","local_time":"20201216001245","is_ascension_mode":false,"campfire_choices":[{"data":"Tools of the Trade","floor":6,"key":"SMITH"},{"floor":10,"key":"REST"},{"data":"Eviscerate","floor":13,"key":"SMITH"},{"data":"Neutralize","floor":13,"key":"SMITH"},{"data":"Survivor","floor":15,"key":"SMITH"},{"data":"ReplayTheSpireMod:Scrap Shanks","floor":15,"key":"SMITH"},{"floor":24,"key":"REST"},{"data":"Pot Of Greed","floor":29,"key":"SMITH"},{"data":"Replay:Bag of Tricks","floor":29,"key":"SMITH"},{"floor":32,"key":"REST"},{"data":"Envenom","floor":40,"key":"SMITH"},{"data":"Crippling Poison","floor":40,"key":"SMITH"},{"data":"Pot Of Greed","floor":45,"key":"SMITH"},{"data":"Defend_G","floor":45,"key":"SMITH"},{"data":"Defend_G","floor":49,"key":"SMITH"},{"data":"Defend_G","floor":49,"key":"SMITH"}],"circlet_count":0,"master_deck":["Strike_G","Strike_G","Strike_G","Strike_G","Defend_G+1","Defend_G+1","Defend_G+1","Survivor+1","Neutralize+1","Tools of the Trade+1","ReplayTheSpireMod:Scrap Shanks+1","Eviscerate+1","Bullet Time","Reflex","Crippling Poison+1","Pot Of Greed+1","Pot Of Greed+1","Replay:Bag of Tricks+1","Envenom+1","Replay:Poison Smokescreen+1"],"relics":["Ring of the Snake","Happy Flower","Pet Ghost","Blood Vial","Replay:Arrowhead","Philosopher\u0027s Stone","MutagenicStrength","Paper Crane","Oddly Smooth Stone","Grinning Jar","Chemical X","SacredBark","Replay:Baseball","Replay:Rubber Ducky"],"acts_visited":["Exordium","TheCity","TheBeyond"],"potions_floor_usage":[8,8,16,16,28,50],"damage_taken":[{"damage":1,"enemies":"Jaw Worm","floor":1,"turns":5},{"damage":2,"enemies":"Small Slimes","floor":4,"turns":5},{"damage":0,"enemies":"2 Louse","floor":7,"turns":3},{"damage":6,"enemies":"Gremlin Nob","floor":8,"turns":3},{"damage":7,"enemies":"Exordium Wildlife","floor":11,"turns":5},{"damage":5,"enemies":"3 Louse","floor":14,"turns":3},{"damage":21,"enemies":"Slime Boss","floor":16,"turns":7},{"damage":14,"enemies":"2 Thieves","floor":18,"turns":4},{"damage":3,"enemies":"Chosen","floor":19,"turns":4},{"damage":20,"enemies":"Slavers","floor":23,"turns":4},{"damage":0,"enemies":"Shelled Parasite and Fungi","floor":25,"turns":4},{"damage":6,"enemies":"Book of Stabbing","floor":27,"turns":6},{"damage":5,"enemies":"Cultist and Chosen","floor":28,"turns":5},{"damage":21,"enemies":"Pondfish","floor":33,"turns":9},{"damage":0,"enemies":"Orb Walker","floor":35,"turns":3},{"damage":4,"enemies":"3 Shapes","floor":36,"turns":3},{"damage":0,"enemies":"Transient","floor":39,"turns":5},{"damage":2,"enemies":"Writhing Mass","floor":42,"turns":4},{"damage":0,"enemies":"Spire Growth","floor":44,"turns":3},{"damage":9,"enemies":"3 Darklings","floor":47,"turns":4},{"damage":22,"enemies":"Time Eater","floor":50,"turns":12}],"seed_played":"-5926516905476626847","potions_obtained":[{"floor":4,"key":"hexamod:EctoCoolerPotion"},{"floor":7,"key":"Adrenaline Potion"},{"floor":8,"key":"SneckoOil"},{"floor":11,"key":"Strength Potion"},{"floor":18,"key":"Energy Potion"},{"floor":25,"key":"Elixir"},{"floor":28,"key":"sneckomod:MuddlingPotion"},{"floor":38,"key":"Block Potion"},{"floor":38,"key":"DuplicationPotion"}],"is_trial":false,"path_per_floor":["M","?","?","M","?","R","M","E","T","R","M","$","R","M","R","B",null,"M","M","$","?","?","E","R","M","T","E","M","R","?","$","R","B",null,"M","M","?","?","M","R","$","M","T","M","R","$","M","T","R","B",null],"character_chosen":"THE_SILENT","items_purchased":["Replay:Arrowhead","Chemical X","FairyPotion"],"campfire_rested":3,"item_purchase_floors":[12,31,31],"current_hp_per_floor":[69,51,51,49,49,49,49,43,43,64,59,59,59,56,56,37,70,56,55,55,55,55,37,58,60,60,56,53,53,41,41,62,43,70,70,66,66,66,66,66,66,64,64,66,66,66,57,57,57,37],"gold":102,"neow_bonus":"ONE_RANDOM_RARE_CARD","is_daily":false,"chose_seed":false,"campfire_upgraded":13,"win_rate":0.0,"timestamp":1608088365,"path_taken":["M","?","?","M","?","R","M","E","T","R","?","$","R","M","R","BOSS","M","M","$","?","?","E","R","M","T","E","?","R","?","?","R","BOSS","M","M","?","?","M","R","$","M","T","?","R","?","M","?","R","BOSS"],"items_purchased_type":["Relic","Relic","Potion"],"build_version":"2020-12-13","purchased_purges":3,"victory":true,"max_hp_per_floor":[70,70,70,70,70,70,70,70,70,70,70,70,70,70,70,70,70,70,70,70,70,70,70,70,70,70,70,70,70,70,70,70,70,70,70,70,66,66,66,66,66,66,66,66,66,66,66,66,66,66],"card_choices":[{"not_picked":["Dodge and Roll","Dagger Spray","Outmaneuver"],"picked":"SKIP","floor":1},{"not_picked":["Bane","Tools of the Trade"],"picked":"ReplayTheSpireMod:Scrap Shanks","floor":4},{"not_picked":["Acrobatics","Expertise"],"picked":"Eviscerate","floor":7},{"not_picked":["Dagger Spray","ReplayTheSpireMod:Shiv Toss","Bouncing Flask"],"picked":"SKIP","floor":8},{"not_picked":["Quick Slash","Hidden Blade","Deadly Poison"],"picked":"SKIP","floor":11},{"not_picked":["Infinite Blades","Deflect","Slice"],"picked":"SKIP","floor":14},{"not_picked":["Burst","A Thousand Cuts"],"picked":"Bullet Time","floor":16},{"not_picked":["Deadly Poison","Dodge and Roll","Riddle With Holes"],"picked":"SKIP","floor":18},{"not_picked":["Deflect","Distraction"],"picked":"Reflex","floor":19},{"not_picked":["Underhanded Strike","Sucker Punch+1"],"picked":"Crippling Poison","floor":23},{"not_picked":["Deadly Poison","Deflect","Dagger Throw"],"picked":"SKIP","floor":25},{"not_picked":["Flying Knee","Quick Slash"],"picked":"Replay:Bag of Tricks","floor":27},{"not_picked":["Deadly Poison","Hidden Blade","Endless Agony+1"],"picked":"SKIP","floor":28},{"not_picked":["Doppelganger","Wraith Form v2"],"picked":"Envenom","floor":33},{"not_picked":["Prepared","Quick Slash","Hidden Blade+1"],"picked":"SKIP","floor":35},{"not_picked":["Deflect","Dash+1"],"picked":"Replay:Poison Smokescreen+1","floor":36},{"not_picked":["Finisher+1","Footwork+1","Dodge and Roll+1"],"picked":"SKIP","floor":39},{"not_picked":["Poisoned Stab","Underhanded Strike+1","Prepared+1"],"picked":"SKIP","floor":42},{"not_picked":["ReplayTheSpireMod:Exploit Weakness+1","Expertise+1","Poisoned Stab"],"picked":"SKIP","floor":44},{"not_picked":["Blade Dance+1","Poisoned Stab+1","PiercingWail"],"picked":"SKIP","floor":47}],"player_experience":26576,"relics_obtained":[{"floor":8,"key":"Pet Ghost"},{"floor":9,"key":"Blood Vial"},{"floor":23,"key":"Paper Crane"},{"floor":26,"key":"Oddly Smooth Stone"},{"floor":27,"key":"Grinning Jar"},{"floor":43,"key":"Replay:Baseball"},{"floor":48,"key":"Replay:Rubber Ducky"}],"event_choices":[{"damage_healed":0,"gold_gain":0,"player_choice":"Success","damage_taken":18,"relics_obtained":["Happy Flower"],"max_hp_gain":0,"max_hp_loss":0,"event_name":"Scrap Ooze","floor":2,"gold_loss":0},{"damage_healed":0,"gold_gain":175,"player_choice":"AGREE","damage_taken":0,"max_hp_gain":0,"max_hp_loss":0,"event_name":"Liars Game","floor":5,"gold_loss":0,"cards_obtained":["Doubt"]},{"damage_healed":0,"gold_gain":0,"player_choice":"Inject Mutagens","damage_taken":0,"relics_obtained":["MutagenicStrength"],"max_hp_gain":0,"max_hp_loss":0,"event_name":"Drug Dealer","floor":21,"gold_loss":0},{"damage_healed":0,"gold_gain":100,"player_choice":"Pray","damage_taken":0,"max_hp_gain":0,"max_hp_loss":0,"event_name":"Golden Shrine","floor":22,"gold_loss":0},{"damage_healed":0,"gold_gain":0,"player_choice":"POTION ","damage_taken":12,"max_hp_gain":0,"max_hp_loss":0,"event_name":"Knowing Skull","floor":30,"potions_obtained":["Reflective Coating"],"gold_loss":0,"cards_obtained":[]},{"damage_healed":0,"gold_gain":0,"player_choice":"Max HP","damage_taken":0,"max_hp_gain":0,"max_hp_loss":4,"event_name":"Winding Halls","floor":37,"gold_loss":0},{"damage_healed":0,"gold_gain":0,"player_choice":"Got Potions","damage_taken":0,"max_hp_gain":0,"max_hp_loss":0,"event_name":"Lab","floor":38,"gold_loss":0}],"is_beta":false,"boss_relics":[{"not_picked":["Honey Jar","Replay:Wanted Poster"],"picked":"Philosopher\u0027s Stone"},{"not_picked":["Snecko Eye","Painkiller Herb"],"picked":"SacredBark"}],"items_purged_floors":[12,20,41],"is_endless":false,"potions_floor_spawned":[4,7,8,11,18,25,28,33,35,39,44],"ascension_level":0}}