{"host":"l2dnabsh5e0fsksb","time":1608093826,"event":{"mods":["2.2 Compatiblity","BaseMod","Downfall","Minty Spire (QoL Compilation)","Quick Restart","StSLib"],"gold_per_floor":[99,124,124,124,149,159,159,84,96,124,124,144,144,202,216,216,216],"floor_reached":16,"playtime":448,"items_purged":[],"score":265,"play_id":"af7cc0bf-d039-42bd-85b2-d173845c8f21","local_time":"20201216151346","is_ascension_mode":true,"campfire_choices":[{"floor":1,"key":"RECALL"},{"data":"Slimebound:Split","floor":8,"key":"SMITH"}],"circlet_count":0,"master_deck":["AscendersBane","Slimebound:Strike_Slimebound","Slimebound:Strike_Slimebound","Slimebound:Strike_Slimebound","Slimebound:Defend_Slimebound","Slimebound:Defend_Slimebound","Slimebound:Defend_Slimebound","Slimebound:Defend_Slimebound","Slimebound:Split+1","Slimebound:CorrosiveSpit","Slimebound:SplitAcid","Slimebound:SplitAcid","Slimebound:SplitMire","Slimebound:SplitMire","Slimebound:HauntingLick","Slimebound:RainOfGoop","Slimebound:MegaLick","Slimebound:SplitMire","Slimebound:SplitSpecialist"],"relics":["Slimebound:AbsorbEndCombat","downfall:HeartsMalice","Slimebound:SlimedSkullRelic","Juzu Bracelet","Eternal Feather","downfall:HeartBlessingRed","TungstenRod","Nunchaku"],"acts_visited":["Exordium"],"potions_floor_usage":[5,9,10,10,10,14,16],"damage_taken":[{"damage":0,"enemies":"Lagavulin","floor":2,"turns":1},{"damage":0,"enemies":"Cultist","floor":3,"turns":1},{"damage":0,"enemies":"2 Louse","floor":4,"turns":1},{"damage":41,"enemies":"3 Sentries","floor":5,"turns":5},{"damage":15,"enemies":"Jaw Worm","floor":6,"turns":4},{"damage":9,"enemies":"Lots of Slimes","floor":9,"turns":2},{"damage":38,"enemies":"Lagavulin","floor":10,"turns":5},{"damage":23,"enemies":"3 Louse","floor":12,"turns":2},{"damage":28,"enemies":"3 Sentries","floor":14,"turns":4},{"damage":24,"enemies":"Exordium Thugs","floor":15,"turns":3},{"damage":43,"enemies":"downfall:Silent","floor":16,"turns":2}],"seed_played":"-9211971495550640888","potions_obtained":[{"floor":2,"key":"hexamod:EctoCoolerPotion"},{"floor":5,"key":"EntropicBrew"},{"floor":6,"key":"ColorlessPotion"},{"floor":10,"key":"Strength Potion"},{"floor":15,"key":"DuplicationPotion"}],"is_trial":false,"path_per_floor":["R","E","M","M","E","M","T","R","M","E","?","M","?","?","M","B"],"character_chosen":"SLIMEBOUND","items_purchased":[],"campfire_rested":0,"item_purchase_floors":[],"current_hp_per_floor":[49,49,49,49,24,21,21,30,31,25,43,36,36,36,32,0,0],"gold":216,"neow_bonus":"THREE_ENEMY_KILL","is_daily":false,"chose_seed":false,"campfire_upgraded":1,"win_rate":0.0,"timestamp":1608093826,"path_taken":["R","E","M","M","E","M","T","R","M","E","?","M","?","?","M","BOSS"],"items_purchased_type":[],"build_version":"2020-12-13","purchased_purges":0,"victory":false,"max_hp_per_floor":[54,54,54,54,54,54,54,54,54,54,54,54,54,54,54,54,54],"card_choices":[{"not_picked":["Slimebound:SlimeBrawl","Slimebound:RollThrough"],"picked":"Slimebound:SplitAcid","floor":2},{"not_picked":["Slimebound:ProtectTheBoss","Slimebound:SlimeSpikes"],"picked":"Slimebound:SplitAcid","floor":3},{"not_picked":["Slimebound:Replication","Slimebound:ComboTackle"],"picked":"Slimebound:SplitMire","floor":4},{"not_picked":["Slimebound:ProtectTheBoss","Slimebound:Schlurp"],"picked":"Slimebound:SplitMire","floor":5},{"not_picked":["Slimebound:RollThrough","Slimebound:ComboTackle","Slimebound:ViciousTackle"],"picked":"SKIP","floor":6},{"not_picked":["Slimebound:LivingWall","Slimebound:SlimeSpikes"],"picked":"Slimebound:HauntingLick","floor":9},{"not_picked":["Slimebound:RollThrough","Slimebound:SplitBruiser"],"picked":"Slimebound:RainOfGoop","floor":10},{"not_picked":["Slimebound:SlimeSpikes","Slimebound:RainOfGoop"],"picked":"Slimebound:MegaLick","floor":12},{"not_picked":["Slimebound:Gluttony","Slimebound:Grow"],"picked":"Slimebound:SplitMire","floor":14},{"not_picked":["Slimebound:SplitMire","Slimebound:RollThrough"],"picked":"Slimebound:SplitSpecialist","floor":15}],"player_experience":1688565,"relics_obtained":[{"floor":2,"key":"Slimebound:SlimedSkullRelic"},{"floor":5,"key":"Juzu Bracelet"},{"floor":7,"key":"Eternal Feather"},{"floor":10,"key":"TungstenRod"},{"floor":14,"key":"Nunchaku"}],"event_choices":[{"damage_healed":18,"gold_gain":0,"player_choice":"Banana","damage_taken":0,"max_hp_gain":0,"max_hp_loss":0,"event_name":"Big Fish","floor":11,"gold_loss":0},{"cards_removed":["Slimebound:Tackle"],"damage_healed":0,"gold_gain":0,"player_choice":"Offered Basic","damage_taken":0,"max_hp_gain":0,"max_hp_loss":0,"event_name":"Bonfire Elementals","floor":13,"gold_loss":0}],"is_beta":false,"boss_relics":[],"items_purged_floors":[],"is_endless":false,"potions_floor_spawned":[2,5,6,10,15],"killed_by":"downfall:Silent","ascension_level":17}}