{"host":"58syw52hqfl22t9m","time":1608097319,"event":{"mods":["2.2 Compatiblity","AchievementEnabler","BaseMod","Better Altar","Better Match","Better Note","Better Sensory Stone","Better Skull","Better Third Choice","BetterRewards","Block Reminder","Colored Map","Colored Powertips","DeckTracker","GifTheSpireLib","Highlight Path","Hubris","Minty Spire (QoL Compilation)","Permanent Neow","Random Character Button","Rare Cards Sparkle","Relic Stats","Replay The Spire","Shop Mod","Spicy Shops","StSLib","The Blue Laboratory"],"gold_per_floor":[112,122,122,142,193,193,206,62,85,85,98,125,137,163,175,282,294,322,346,358,101,115,115,215,215,215,140,160,176,195,39,39,141,141,156,173,1172,437,437,437,437,437],"floor_reached":41,"playtime":2756,"items_purged":["Normality"],"score":568,"play_id":"91dc713c-4b5f-4ea2-a78a-00a23a6a6ae4","local_time":"20201215214159","is_ascension_mode":false,"campfire_choices":[{"data":"ClearTheMind","floor":6,"key":"SMITH"},{"data":"Vigilance","floor":10,"key":"SMITH"},{"floor":13,"key":"RECALL"},{"floor":15,"key":"REST"},{"floor":23,"key":"REST"},{"floor":25,"key":"REST"},{"floor":32,"key":"REST"},{"data":"MasterReality","floor":40,"key":"SMITH"}],"circlet_count":0,"master_deck":["Strike_P","Strike_P","Strike_P","Strike_P","Defend_P","Defend_P","Defend_P","Defend_P","Eruption+1","Vigilance+1","Tantrum+1","ClearTheMind+1","Protect","Consecrate+1","CrushJoints+1","FlyingSleeves+1","BattleHymn","MasterReality+1","Replay:LoomingThreat","Evaluate","CarveReality+1","Establishment","WindmillStrike+1","SashWhip+1","ClearTheMind","TalkToTheHand+1","Normality"],"relics":["PureWater","Molten Egg 2","Sling","ReplayTheSpireMod:Lightbulb","hubris:ScarierMask","Nloth\u0027s Gift","Kunai","Garlic","Oddly Smooth Stone","MerchantsRug","Frozen Egg 2","OrangePellets","hubris:SlimyHat","hubris:Towel"],"acts_visited":["Exordium","TheCity","TheBeyond"],"potions_floor_usage":[12,19,33,33,41],"damage_taken":[{"damage":1,"enemies":"Jaw Worm","floor":1,"turns":3},{"damage":0,"enemies":"Cultist","floor":2,"turns":2},{"damage":0,"enemies":"Small Slimes","floor":4,"turns":2},{"damage":0,"enemies":"2 Fungi Beasts","floor":7,"turns":3},{"damage":0,"enemies":"Looter","floor":11,"turns":2},{"damage":13,"enemies":"Lagavulin","floor":12,"turns":3},{"damage":0,"enemies":"3 Louse","floor":14,"turns":1},{"damage":9,"enemies":"The Guardian","floor":16,"turns":6},{"damage":0,"enemies":"Chosen","floor":18,"turns":3},{"damage":29,"enemies":"Spheric Guardian","floor":19,"turns":4},{"damage":24,"enemies":"Snake Plant","floor":22,"turns":6},{"damage":9,"enemies":"Shelled Parasite and Fungi","floor":28,"turns":5},{"damage":11,"enemies":"Centurion and Healer","floor":29,"turns":4},{"damage":2,"enemies":"Cultist and Chosen","floor":30,"turns":6},{"damage":37,"enemies":"Automaton","floor":33,"turns":8},{"damage":7,"enemies":"3 Shapes","floor":35,"turns":3},{"damage":15,"enemies":"3 Darklings","floor":36,"turns":7},{"damage":58,"enemies":"Transient","floor":41,"turns":5}],"seed_played":"-5895229383460079700","potions_obtained":[{"floor":1,"key":"Adrenaline Potion"},{"floor":12,"key":"Flashbang"},{"floor":22,"key":"Death Potion"},{"floor":28,"key":"Energy Potion"},{"floor":29,"key":"LiquidBronze"},{"floor":36,"key":"Weak Potion"}],"is_trial":false,"path_per_floor":["M","M","?","M","T","R","M","$","T","R","M","E","R","M","R","B",null,"M","M","?","$","M","R","?","R","T","?","M","M","M","$","R","B",null,"M","M","?","$","?","R","M"],"character_chosen":"WATCHER","items_purchased":["Molten Egg 2","Tantrum+1","Sling","Kunai","Oddly Smooth Stone","MerchantsRug","Frozen Egg 2","OrangePellets","hubris:SlimyHat"],"campfire_rested":4,"item_purchase_floors":[0,0,8,21,31,38,38,38,38],"current_hp_per_floor":[71,71,71,71,71,71,71,71,71,71,71,58,58,58,72,63,72,72,43,43,43,19,40,40,61,61,61,52,41,39,39,60,23,72,65,50,50,50,50,50,0,0],"gold":437,"neow_bonus":"","is_daily":false,"chose_seed":false,"campfire_upgraded":3,"win_rate":0.0,"timestamp":1608097319,"path_taken":["M","M","?","M","?","R","M","$","T","R","M","E","R","M","R","BOSS","M","M","?","$","M","R","?","R","T","?","M","?","M","?","R","BOSS","M","M","?","$","?","R","M"],"items_purchased_type":["Relic","Card","Relic","Relic","Relic","Relic","Relic","Relic","Relic"],"build_version":"2020-12-13","purchased_purges":1,"victory":false,"max_hp_per_floor":[72,72,72,72,72,72,72,72,72,72,72,72,72,72,72,72,72,72,72,72,72,72,72,72,72,72,72,72,72,72,72,72,72,72,72,72,72,72,72,72,72,72],"relic_stats":{"OrangePellets":[0],"counters":[84,328],"Nloth\u0027s Gift":1,"Kunai":[13],"obtain_stats":[{"Lantern":14,"CeramicFish":32,"Vajra":14,"Juzu Bracelet":21,"hubris:SlimyHat":38,"Ancient Tea Set":0,"Smiling Mask":6,"Sling":8,"Sozu":17,"hubris:ScarierMask":17,"Tiny Chest":9,"Prayer Wheel":6,"Iron Hammer":0,"Kunai":21,"Toxic Egg 2":0,"Replay:Bottled Eggs":26,"hubris:GlazedTorus":0,"MerchantsRug":38,"Happy Flower":9,"Golden Idol":12,"Guide Book":0,"Oddly Smooth Stone":0,"PreservedInsect":7,"hubris:MedicalManual":12,"hubris:Towel":3,"Frozen Egg 2":38,"Question Card":0,"MawBank":12,"Replay:Arrowhead":28,"Mercury Hourglass":0,"OrangePellets":38,"Molten Egg 2":0,"Nloth\u0027s Gift":20,"Garlic":26,"Membership Card":0,"PureWater":0,"ReplayTheSpireMod:Lightbulb":9,"hubris:OldNail":11,"hubris:BottledRain":26},{"Lantern":43,"CeramicFish":63,"Vajra":26,"Juzu Bracelet":46,"hubris:SlimyHat":83,"Ancient Tea Set":34,"Smiling Mask":39,"Sling":70,"Sozu":44,"hubris:ScarierMask":74,"Tiny Chest":5,"Prayer Wheel":55,"Iron Hammer":34,"Kunai":76,"Toxic Egg 2":9,"Replay:Bottled Eggs":47,"hubris:GlazedTorus":50,"MerchantsRug":83,"Happy Flower":12,"Golden Idol":6,"Guide Book":34,"Oddly Smooth Stone":50,"PreservedInsect":5,"hubris:MedicalManual":43,"hubris:Towel":22,"Frozen Egg 2":83,"Question Card":20,"MawBank":72,"Replay:Arrowhead":61,"Mercury Hourglass":9,"OrangePellets":83,"Molten Egg 2":34,"Nloth\u0027s Gift":76,"Garlic":77,"Membership Card":9,"PureWater":0,"ReplayTheSpireMod:Lightbulb":70,"hubris:OldNail":25,"hubris:BottledRain":31},{"Lantern":152,"CeramicFish":242,"Vajra":89,"Juzu Bracelet":169,"hubris:SlimyHat":323,"Ancient Tea Set":124,"Smiling Mask":140,"Sling":265,"Sozu":163,"hubris:ScarierMask":277,"Tiny Chest":16,"Prayer Wheel":200,"Iron Hammer":124,"Kunai":284,"Toxic Egg 2":41,"Replay:Bottled Eggs":173,"hubris:GlazedTorus":188,"MerchantsRug":323,"Happy Flower":50,"Golden Idol":18,"Guide Book":124,"Oddly Smooth Stone":188,"PreservedInsect":16,"hubris:MedicalManual":152,"hubris:Towel":82,"Frozen Egg 2":323,"Question Card":79,"MawBank":270,"Replay:Arrowhead":230,"Mercury Hourglass":41,"OrangePellets":323,"Molten Egg 2":124,"Nloth\u0027s Gift":284,"Garlic":290,"Membership Card":41,"PureWater":0,"ReplayTheSpireMod:Lightbulb":265,"hubris:OldNail":87,"hubris:BottledRain":115}]},"card_choices":[{"not_picked":["FollowUp+1","Evaluate"],"picked":"ClearTheMind","floor":1},{"not_picked":["PathToVictory","Replay:Anticipation"],"picked":"Protect","floor":2},{"not_picked":["Replay:BluntJabs+1","SignatureMove+1"],"picked":"Consecrate+1","floor":4},{"not_picked":["Replay:BluntJabs+1","Protect"],"picked":"CrushJoints+1","floor":7},{"not_picked":["Sanctity","PathToVictory"],"picked":"FlyingSleeves+1","floor":11},{"not_picked":["Evaluate","Nirvana"],"picked":"BattleHymn","floor":12},{"not_picked":["ThirdEye","CutThroughFate+1"],"picked":"MasterReality","floor":14},{"not_picked":["DeusExMachina","Devotion"],"picked":"Replay:LoomingThreat","floor":16},{"not_picked":["EmptyBody","Perseverance+1"],"picked":"Evaluate","floor":18},{"not_picked":["Consecrate+1","InnerPeace"],"picked":"CarveReality+1","floor":19},{"not_picked":["CrushJoints+1","JustLucky+1","Fasting2"],"picked":"SKIP","floor":22},{"not_picked":["Brilliance","Alpha"],"picked":"Establishment","floor":27},{"not_picked":["FlurryOfBlows+1","FollowUp+1","CrushJoints+1"],"picked":"SKIP","floor":28},{"not_picked":["Replay:Battleflow","Replay:Anticipation"],"picked":"WindmillStrike+1","floor":29},{"not_picked":["Protect","ThirdEye"],"picked":"SashWhip+1","floor":30},{"not_picked":["CrushJoints+1","FlyingSleeves+1"],"picked":"ClearTheMind","floor":35},{"not_picked":["Nirvana","Replay:Vibes"],"picked":"TalkToTheHand+1","floor":36}],"player_experience":409178,"relics_obtained":[{"floor":9,"key":"ReplayTheSpireMod:Lightbulb"},{"floor":12,"key":"MawBank"},{"floor":26,"key":"Garlic"}],"event_choices":[{"damage_healed":0,"gold_gain":0,"player_choice":"Traded Relic","damage_taken":0,"relics_obtained":["Nloth\u0027s Gift"],"max_hp_gain":0,"max_hp_loss":0,"event_name":"N\u0027loth","floor":20,"relics_lost":["MawBank"],"gold_loss":0},{"damage_healed":0,"gold_gain":100,"player_choice":"Pray","damage_taken":0,"max_hp_gain":0,"max_hp_loss":0,"event_name":"Golden Shrine","floor":24,"gold_loss":0},{"damage_healed":0,"gold_gain":0,"player_choice":"1","damage_taken":0,"max_hp_gain":0,"max_hp_loss":0,"event_name":"betterMatch:BetterMatch","floor":27,"gold_loss":0,"cards_obtained":["betterMatch:CommonCard","betterMatch:ColorlessUncommonCard","betterMatch:RareCard"]},{"damage_healed":0,"gold_gain":999,"player_choice":"Gold","damage_taken":0,"max_hp_gain":0,"max_hp_loss":0,"event_name":"MindBloom","floor":37,"gold_loss":0,"cards_obtained":["Normality","Normality"]}],"is_beta":false,"boss_relics":[{"not_picked":["Astrolabe","SacredBark"],"picked":"hubris:ScarierMask"},{"not_picked":["hubris:VirtuousBlindfold","Abe\u0027s Treasure","Calling Bell"]}],"items_purged_floors":[38],"is_endless":false,"potions_floor_spawned":[1,7,11,12,22,28,29,36],"killed_by":"Transient","ascension_level":0}}