{"host":"2qv44oxt58ptq59r","time":1608145695,"event":{"mods":["AchievementEnabler","BaseMod","Colored Powertips","Highlight Path","Minty Spire (QoL Compilation)","Permanent Neow","StSLib"],"gold_per_floor":[112,39,54,74,93,121,121,138,138,138,138,154,11,27,27,127,127,145,145,145,145],"floor_reached":20,"playtime":2160,"items_purged":[],"score":176,"play_id":"9c985a5c-ce6b-4d1a-8bf3-ee2953d0c851","local_time":"20201216190815","is_ascension_mode":false,"campfire_choices":[{"floor":7.0,"key":"REST"},{"data":"Bash","floor":11,"key":"SMITH"},{"floor":15,"key":"REST"}],"circlet_count":0,"master_deck":["Strike_R","Strike_R","Strike_R","Strike_R","Defend_R","Defend_R","Defend_R","Defend_R","Bash+1","Spot Weakness","Whirlwind","Headbutt","Sword Boomerang","Warcry","Metallicize","Metallicize"],"relics":["Burning Blood","Potion Belt","Blood Vial","Singing Bowl","Orichalcum","SacredBark","Paper Frog"],"acts_visited":["Exordium","TheCity"],"potions_floor_usage":[12,16],"damage_taken":[{"damage":0.0,"enemies":"Small Slimes","floor":1.0,"turns":4.0},{"damage":6.0,"enemies":"Cultist","floor":3.0,"turns":3.0},{"damage":0.0,"enemies":"2 Louse","floor":4.0,"turns":2.0},{"damage":4.0,"enemies":"Blue Slaver","floor":5.0,"turns":3.0},{"damage":39.0,"enemies":"Gremlin Nob","floor":6.0,"turns":5.0},{"damage":9.0,"enemies":"2 Fungi Beasts","floor":8.0,"turns":2.0},{"damage":20,"enemies":"Gremlin Gang","floor":12,"turns":3},{"damage":8,"enemies":"3 Louse","floor":14,"turns":2},{"damage":43,"enemies":"Hexaghost","floor":16,"turns":8},{"damage":18,"enemies":"Spheric Guardian","floor":18,"turns":4},{"damage":85,"enemies":"Masked Bandits","floor":20,"turns":5}],"seed_played":"-5990672230264215158","potions_obtained":[{"floor":5.0,"key":"Dexterity Potion"},{"floor":6.0,"key":"DistilledChaos"},{"floor":8.0,"key":"Weak Potion"},{"floor":16,"key":"Dexterity Potion"}],"is_trial":false,"path_per_floor":["M","$","M","M","M","E","R","M","T","?","R","M","$","M","R","B",null,"M","?","?"],"character_chosen":"IRONCLAD","items_purchased":["DuplicationPotion","Orichalcum"],"campfire_rested":2,"item_purchase_floors":[2,13],"current_hp_per_floor":[80,80,80,80,80,47,71,70,70,70,70,58,58,60,82,47,84,72,72,0,0],"gold":145,"neow_bonus":"RANDOM_COMMON_RELIC","is_daily":false,"chose_seed":false,"campfire_upgraded":1,"win_rate":0.0,"timestamp":1608145695,"path_taken":["M","$","M","M","M","E","R","M","T","?","R","M","$","?","R","BOSS","M","?","?"],"items_purchased_type":["Potion","Relic"],"build_version":"2020-12-13","purchased_purges":0,"victory":false,"max_hp_per_floor":[80,80,80,80,80,80,80,80,80,80,80,80,80,82,82,84,84,84,84,84,84],"card_choices":[{"not_picked":["Cleave","Twin Strike"],"picked":"Spot Weakness","floor":1.0},{"not_picked":["Cleave","Rampage"],"picked":"Whirlwind","floor":3.0},{"not_picked":["Evolve","Infernal Blade","Sever Soul"],"picked":"SKIP","floor":4.0},{"not_picked":["Armaments","Pummel"],"picked":"Headbutt","floor":5.0},{"not_picked":["Searing Blow","Rupture","Carnage"],"picked":"SKIP","floor":6.0},{"not_picked":["Brutality","Spot Weakness"],"picked":"Sword Boomerang","floor":8.0},{"not_picked":["Dropkick","Anger"],"picked":"Metallicize","floor":12},{"not_picked":["Power Through","Clash","Wild Strike"],"picked":"Singing Bowl","floor":14},{"not_picked":["Bludgeon","Berserk","Impervious"],"picked":"Singing Bowl","floor":16},{"not_picked":["Thunderclap+1","Perfected Strike+1"],"picked":"Metallicize","floor":18}],"player_experience":4918727,"relics_obtained":[{"floor":6.0,"key":"Blood Vial"},{"floor":9.0,"key":"Singing Bowl"}],"event_choices":[{"damage_healed":0.0,"max_hp_gain":0.0,"max_hp_loss":0.0,"gold_gain":0.0,"cards_transformed":["Strike_R"],"event_name":"Transmorgrifier","player_choice":"Transformed","floor":10.0,"gold_loss":0.0,"damage_taken":0.0,"cards_obtained":["Warcry"]},{"damage_healed":0,"gold_gain":0,"player_choice":"Opened","damage_taken":0,"relics_obtained":["Paper Frog"],"max_hp_gain":0,"max_hp_loss":0,"event_name":"The Mausoleum","floor":19,"gold_loss":0},{"damage_healed":0,"gold_gain":0,"player_choice":"Fought Bandits","damage_taken":0,"max_hp_gain":0,"max_hp_loss":0,"event_name":"Masked Bandits","floor":20,"gold_loss":0}],"is_beta":false,"boss_relics":[{"not_picked":["Mark of Pain","Runic Cube"],"picked":"SacredBark"}],"items_purged_floors":[],"is_endless":false,"potions_floor_spawned":[5,6,8,16],"killed_by":"Masked Bandits","ascension_level":0}}