{"host":"bnbc66jny2i0hx0x","time":1608096747,"event":{"mods":["AchievementEnabler","BaseMod","Minty Spire (QoL Compilation)","Relic Sorter","StSLib"],"gold_per_floor":[115,129,56,72,72,72,107,107,107,123,152,77,105,115,115,189,189,199,44,61,61,81,107,107,141,168,168,168,16,27,53,53,127,127,141,156,176,191,241,241,273,273,299,299,333,346,395,411,411,411],"floor_reached":51,"playtime":4716,"items_purged":[],"score":1574,"play_id":"35fb4db1-7f29-48eb-a67a-20d23858c1e5","local_time":"20201215213227","is_ascension_mode":true,"campfire_choices":[{"data":"Streamline","floor":6.0,"key":"SMITH"},{"data":"Hologram","floor":8.0,"key":"SMITH"},{"data":"Sunder","floor":15.0,"key":"SMITH"},{"data":"Consume","floor":24.0,"key":"SMITH"},{"data":"Fission","floor":27.0,"key":"SMITH"},{"data":"Self Repair","floor":32.0,"key":"SMITH"},{"data":"Amplify","floor":40.0,"key":"SMITH"},{"data":"Capacitor","floor":42.0,"key":"SMITH"},{"data":"Recycle","floor":49,"key":"SMITH"}],"circlet_count":0,"master_deck":["AscendersBane","Strike_B","Defend_B","Defend_B","Defend_B","Defend_B","Zap","Dualcast","Ball Lightning","Streamline+1","Self Repair+1","Glacier","Hologram+1","Sunder+1","Core Surge","Genetic Algorithm","Fission+1","Glacier","White Noise","Consume+1","White Noise","White Noise","Amplify+1","White Noise","Barrage+1","Capacitor+1","Recycle+1","Go for the Eyes+1","Glacier"],"relics":["Cracked Core","Bronze Scales","Sundial","Tiny Chest","HornCleat","Mummified Hand","SlaversCollar","Runic Capacitor","Darkstone Periapt","Anchor","Blood Vial","Enchiridion","Lantern","InkBottle","Nuclear Battery","PreservedInsect","Letter Opener","Oddly Smooth Stone","Question Card","Vajra"],"acts_visited":["Exordium","TheCity","TheBeyond"],"potions_floor_usage":[48],"damage_taken":[{"damage":1.0,"enemies":"Cultist","floor":1.0,"turns":3.0},{"damage":0.0,"enemies":"Small Slimes","floor":2.0,"turns":2.0},{"damage":2.0,"enemies":"2 Louse","floor":4.0,"turns":2.0},{"damage":18.0,"enemies":"Gremlin Nob","floor":7.0,"turns":5.0},{"damage":2.0,"enemies":"Large Slime","floor":10.0,"turns":6.0},{"damage":5.0,"enemies":"Lagavulin","floor":11.0,"turns":6.0},{"damage":13.0,"enemies":"Gremlin Nob","floor":13.0,"turns":4.0},{"damage":0.0,"enemies":"Blue Slaver","floor":14.0,"turns":3.0},{"damage":11.0,"enemies":"The Guardian","floor":16.0,"turns":9.0},{"damage":21.0,"enemies":"2 Thieves","floor":18.0,"turns":5.0},{"damage":2.0,"enemies":"Chosen","floor":20.0,"turns":6.0},{"damage":1.0,"enemies":"Shelled Parasite and Fungi","floor":22.0,"turns":6.0},{"damage":18.0,"enemies":"Gremlin Leader","floor":23.0,"turns":8.0},{"damage":0.0,"enemies":"Book of Stabbing","floor":25.0,"turns":5.0},{"damage":0.0,"enemies":"Cultist and Chosen","floor":30.0,"turns":6.0},{"damage":0.0,"enemies":"Slavers","floor":31.0,"turns":4.0},{"damage":3.0,"enemies":"Automaton","floor":33.0,"turns":9.0},{"damage":0.0,"enemies":"3 Shapes","floor":35.0,"turns":3.0},{"damage":0.0,"enemies":"Orb Walker","floor":36.0,"turns":4.0},{"damage":0.0,"enemies":"3 Darklings","floor":37.0,"turns":4.0},{"damage":0.0,"enemies":"Transient","floor":38.0,"turns":5.0},{"damage":0.0,"enemies":"Giant Head","floor":41.0,"turns":5.0},{"damage":0.0,"enemies":"Nemesis","floor":45.0,"turns":5.0},{"damage":0.0,"enemies":"Jaw Worm Horde","floor":46.0,"turns":1.0},{"damage":0,"enemies":"Writhing Mass","floor":48,"turns":5},{"damage":0,"enemies":"Awakened One","floor":50,"turns":10}],"seed_played":"3690576505401371381","potions_obtained":[{"floor":1.0,"key":"SpeedPotion"},{"floor":7.0,"key":"SkillPotion"},{"floor":11.0,"key":"LiquidBronze"},{"floor":16.0,"key":"PowerPotion"},{"floor":22.0,"key":"Fire Potion"},{"floor":25.0,"key":"Dexterity Potion"},{"floor":31.0,"key":"SteroidPotion"},{"floor":37.0,"key":"DuplicationPotion"},{"floor":38.0,"key":"Block Potion"},{"floor":48,"key":"Block Potion"}],"is_trial":false,"path_per_floor":["M","M","$","M","?","R","E","R","T","M","E","?","E","M","R","B",null,"M","$","M","?","M","E","R","E","T","R","?","$","M","E","R","B",null,"M","M","M","M","T","R","E","R","T","?","E","M","T","M","R","B",null],"character_chosen":"DEFECT","items_purchased":["Self Repair","Runic Capacitor","Lantern"],"campfire_rested":0,"item_purchase_floors":[3,19,29],"current_hp_per_floor":[63,63,63,68,61,61,50,50,50,48,43,43,37,44,44,40,63,42,42,47,47,53,42,42,56,56,56,35,35,44,53,53,62,69,71,71,71,71,71,71,71,71,71,71,71,71,71,71,71,71],"gold":411,"neow_bonus":"RANDOM_COMMON_RELIC","is_daily":false,"chose_seed":false,"campfire_upgraded":9,"win_rate":0.0,"timestamp":1608096747,"path_taken":["M","M","?","M","?","R","E","R","T","M","E","?","E","M","R","BOSS","M","$","M","?","M","E","R","E","T","R","?","$","M","E","R","BOSS","M","M","M","M","?","R","E","R","T","?","E","M","?","M","R","BOSS"],"items_purchased_type":["Card","Relic","Relic"],"build_version":"2020-12-13","purchased_purges":0,"victory":true,"max_hp_per_floor":[71,71,71,71,71,71,71,71,71,71,71,71,71,71,71,71,71,71,71,71,71,71,71,71,71,71,71,71,71,71,71,71,71,71,71,71,71,71,71,71,71,71,71,71,71,71,71,71,71,71],"card_choices":[{"not_picked":["Conserve Battery","Reprogram"],"picked":"Ball Lightning","floor":1.0},{"not_picked":["Undo","Gash"],"picked":"Streamline","floor":2.0},{"not_picked":["Turbo","Reprogram"],"picked":"Glacier","floor":4.0},{"not_picked":["Conserve Battery","Redo"],"picked":"Hologram","floor":7.0},{"not_picked":["Static Discharge","Blizzard"],"picked":"Sunder","floor":10.0},{"not_picked":["Streamline","Gash","Chaos"],"picked":"SKIP","floor":11.0},{"not_picked":["Loop","Steam"],"picked":"Core Surge","floor":13.0},{"not_picked":["Barrage","Steam"],"picked":"Genetic Algorithm","floor":14.0},{"not_picked":["Rainbow","All For One"],"picked":"Fission","floor":16.0},{"not_picked":["Auto Shields","Doom and Gloom"],"picked":"Glacier","floor":18.0},{"not_picked":["Redo","Leap+1"],"picked":"White Noise","floor":20.0},{"not_picked":["Lockon","Auto Shields"],"picked":"Consume","floor":22.0},{"not_picked":["Barrage","Conserve Battery"],"picked":"White Noise","floor":23.0},{"not_picked":["Hello World","Redo"],"picked":"White Noise","floor":25.0},{"not_picked":["Compile Driver","Ball Lightning","Sweeping Beam"],"picked":"SKIP","floor":30.0},{"not_picked":["Streamline","Force Field","Steam"],"picked":"SKIP","floor":31.0},{"not_picked":["Machine Learning","Meteor Strike"],"picked":"Amplify","floor":33.0},{"not_picked":["Sweeping Beam","Go for the Eyes"],"picked":"White Noise","floor":35.0},{"not_picked":["Sunder","Fusion","Stack+1"],"picked":"SKIP","floor":36.0},{"not_picked":["Leap+1","Rebound"],"picked":"Barrage+1","floor":37.0},{"not_picked":["Streamline","Gash","Sunder"],"picked":"SKIP","floor":38.0},{"not_picked":["Streamline","Gash","Sunder"],"picked":"SKIP","floor":38.0},{"not_picked":["Streamline","Gash","Sunder"],"picked":"SKIP","floor":38.0},{"not_picked":["Steam+1","Rebound"],"picked":"Capacitor","floor":41.0},{"not_picked":["Streamline","FTL"],"picked":"Recycle","floor":45.0},{"not_picked":["All For One","Barrage+1","Redo"],"picked":"Go for the Eyes+1","floor":46.0},{"not_picked":["Skim","Aggregate+1","Barrage"],"picked":"Glacier","floor":48}],"player_experience":1247883,"relics_obtained":[{"floor":7.0,"key":"Sundial"},{"floor":9.0,"key":"Tiny Chest"},{"floor":11.0,"key":"HornCleat"},{"floor":13.0,"key":"Mummified Hand"},{"floor":23.0,"key":"Darkstone Periapt"},{"floor":25.0,"key":"Anchor"},{"floor":26.0,"key":"Blood Vial"},{"floor":28.0,"key":"Enchiridion"},{"floor":31.0,"key":"InkBottle"},{"floor":39.0,"key":"PreservedInsect"},{"floor":41.0,"key":"Letter Opener"},{"floor":43.0,"key":"Oddly Smooth Stone"},{"floor":45.0,"key":"Question Card"},{"floor":47.0,"key":"Vajra"}],"event_choices":[{"cards_removed":["Strike_B"],"damage_healed":0.0,"max_hp_gain":0.0,"max_hp_loss":0.0,"gold_gain":0.0,"event_name":"Golden Wing","player_choice":"Card Removal","floor":5.0,"gold_loss":0.0,"damage_taken":7.0},{"cards_removed":["Strike_B"],"damage_healed":0.0,"max_hp_gain":0.0,"max_hp_loss":0.0,"gold_gain":0.0,"event_name":"The Cleric","player_choice":"Card Removal","floor":12.0,"gold_loss":75.0,"damage_taken":0.0},{"damage_healed":0.0,"max_hp_gain":0.0,"max_hp_loss":0.0,"gold_gain":0.0,"event_name":"The Mausoleum","player_choice":"Ignored","floor":21.0,"gold_loss":0.0,"damage_taken":0.0},{"damage_healed":0.0,"max_hp_gain":0.0,"max_hp_loss":0.0,"gold_gain":0.0,"event_name":"Cursed Tome","player_choice":"Obtained Book","floor":28.0,"gold_loss":0.0,"damage_taken":21.0},{"cards_removed":["Strike_B"],"damage_healed":0.0,"max_hp_gain":0.0,"max_hp_loss":0.0,"gold_gain":0.0,"event_name":"Falling","player_choice":"Removed Attack","floor":44.0,"gold_loss":0.0,"damage_taken":0.0}],"is_beta":false,"boss_relics":[{"not_picked":["SacredBark","Tiny House"],"picked":"SlaversCollar"},{"not_picked":["Sozu","Calling Bell"],"picked":"Nuclear Battery"}],"items_purged_floors":[],"is_endless":false,"potions_floor_spawned":[1,7,10,11,16,20,22,25,31,37,38,46,48],"ascension_level":15}}