{"host":"ooetke516h53yqww","time":1608123236,"event":{"mods":["2.2 Compatiblity","Abigail Mod","Act Like it!","Astrologer","Bartender","BaseMod","Beaked The Cultist","Better Match","Better Third Choice","Conspire","Elementarium","Friendly Minions","Hallownest","Hermit","HololiveMod","Hubris","Kiyohime????","Lobotomy","LobotomyExtend","Mari Mod (Legacy)","Mari\u0027s V1 Patch","Menagerie","Minty Spire (QoL Compilation)","Prisma Mod","Random Character Button","Replay The Spire","Robot Space Explorer","Spicy Shops","StSLib","Td1madao Mod","The Alterego","The Bug Knight","The Poker Player","The Senshi","TheSwordswoman","Uncapped","WarShipGirlsR/????R mod","Yohane!","???????????mod"],"gold_per_floor":[110,110,130,146,161,193,193,219,219,239,239,268,268,279,279,377,377,390,400,400,400,411,445,445,474,474,474,68,68,85,114,114,210,210,225,254,269,269,269,298,298,327,398,398,398],"floor_reached":44,"playtime":2346,"items_purged":[],"score":758,"play_id":"3b25d88c-ca36-4f1f-b137-408b1b17f24f","local_time":"20201216215356","is_ascension_mode":true,"campfire_choices":[{"data":"alterego_mod:Belts","floor":7,"key":"SMITH"},{"data":"alterego_mod:BusterCard","floor":11,"key":"SMITH"},{"data":"alterego_mod:BrynhildrsRune","floor":15,"key":"SMITH"},{"data":"alterego_mod:Punishment","floor":24,"key":"SMITH"},{"data":"1","floor":29,"key":"LIFT"},{"data":"2","floor":32,"key":"LIFT"},{"data":"3","floor":41,"key":"LIFT"}],"circlet_count":0,"master_deck":["alterego_mod:Strike","alterego_mod:Strike","alterego_mod:Strike","alterego_mod:Strike","alterego_mod:Defend","alterego_mod:Defend","alterego_mod:Defend","alterego_mod:Defend","alterego_mod:Impale","alterego_mod:BigMeatyClaws","alterego_mod:BrynhildrsRune+1","alterego_mod:Rip","Decay","alterego_mod:Undulate","alterego_mod:Clap","alterego_mod:Smother","alterego_mod:BusterCard+1","alterego_mod:BiFurious","alterego_mod:Cushion","alterego_mod:PainIsPleasure","alterego_mod:Smother+1","alterego_mod:Cycle+1","alterego_mod:Bounce","alterego_mod:Punishment+1","hubris:DuctTapeCard","Voices","alterego_mod:MagicResistance","alterego_mod:Bloomers","alterego_mod:GIGAMILK","alterego_mod:Birthday+1","alterego_mod:Bounce+1","Madness","Madness","alterego_mod:Cushion","alterego_mod:Pet+1"],"relics":["alterego_mod:MasochisticConstitution","BranchBurnRelic","Gremlin Horn","conspire:Dentures","Garlic","WarpedTongs","Coffee Dripper","betterThird:NestCultRelic","conspire:DecoderRing","hubris:DisguiseKit","hubris:DuctTape","alterego_mod:FleetingLove","Chemical X","White Beast Statue","ReplayTheSpireMod:CursedCoin","Girya","Replay:Bottled Snecko","Philosopher\u0027s Stone","Blood Vial","hubris:Icosahedron","Replay:Accelerometer","Frozen Egg 2"],"acts_visited":["Exordium","TheCity","TheBeyond"],"potions_floor_usage":[6,14,16,36,42,42,44],"damage_taken":[{"damage":1,"enemies":"Small Slimes","floor":1,"turns":8},{"damage":5,"enemies":"Cultist","floor":3,"turns":4},{"damage":13,"enemies":"2 Louse","floor":4,"turns":4},{"damage":15,"enemies":"Red Slaver","floor":5,"turns":7},{"damage":26,"enemies":"Lagavulin","floor":6,"turns":8},{"damage":20,"enemies":"Gremlin Nob","floor":8,"turns":4},{"damage":4,"enemies":"Blue Slaver","floor":10,"turns":7},{"damage":9,"enemies":"Lagavulin","floor":12,"turns":8},{"damage":47,"enemies":"Exordium Wildlife","floor":14,"turns":6},{"damage":36,"enemies":"Slime Boss","floor":16,"turns":10},{"damage":44,"enemies":"conspire:FuzzyDice","floor":18,"turns":10},{"damage":45,"enemies":"Shell Parasite","floor":19,"turns":8},{"damage":52,"enemies":"Cultist and Chosen","floor":22,"turns":9},{"damage":17,"enemies":"conspire:SneckoGhost","floor":23,"turns":9},{"damage":11,"enemies":"conspire:Head Lice","floor":25,"turns":9},{"damage":27,"enemies":"conspire:HollyBat","floor":30,"turns":12},{"damage":0,"enemies":"conspire:SneckoGhost","floor":31,"turns":5},{"damage":34,"enemies":"Collector","floor":33,"turns":5},{"damage":73,"enemies":"Orb Walker","floor":35,"turns":7},{"damage":41,"enemies":"conspire:MimicChest","floor":36,"turns":6},{"damage":8,"enemies":"3 Shapes","floor":37,"turns":3},{"damage":26,"enemies":"R_Hoarder","floor":40,"turns":7},{"damage":45,"enemies":"Giant Head","floor":42,"turns":8},{"damage":26,"enemies":"Nemesis","floor":44,"turns":4}],"seed_played":"-2309089125977893313","potions_obtained":[{"floor":1,"key":"Block Potion"},{"floor":4,"key":"FearPotion"},{"floor":5,"key":"Weak Potion"},{"floor":14,"key":"Strength Potion"},{"floor":16,"key":"DistilledChaos"},{"floor":18,"key":"Death Potion"},{"floor":30,"key":"Energy Potion"},{"floor":31,"key":"Regen Potion"},{"floor":37,"key":"LifebloodPotion"},{"floor":42,"key":"Block Potion"}],"is_trial":false,"path_per_floor":["M","?","M","M","M","E","R","E","T","M","R","E","?","M","R","B",null,"M","M","?","?","M","E","R","E","T","?","$","R","M","E","R","B",null,"M","?","M","?","?","E","R","E","T","E"],"character_chosen":"The_Alterego","items_purchased":["Chemical X","White Beast Statue","ReplayTheSpireMod:CursedCoin","Girya"],"campfire_rested":0,"item_purchase_floors":[28,28,28,28],"current_hp_per_floor":[70,70,73,68,61,43,43,36,36,40,40,54,54,22,22,16,94,95,70,70,70,37,61,61,90,90,90,90,90,91,91,91,72,101,43,38,72,72,59,39,39,24,24,0,0],"gold":398,"neow_bonus":"TWENTY_PERCENT_HP_BONUS","is_daily":false,"chose_seed":false,"campfire_upgraded":4,"win_rate":0.0,"timestamp":1608123236,"path_taken":["M","?","M","?","M","E","R","E","T","M","R","E","?","?","R","BOSS","M","M","?","?","?","E","R","E","T","?","$","R","M","E","R","BOSS","M","?","M","?","?","E","R","E","T","E"],"items_purchased_type":["Relic","Relic","Relic","Relic"],"build_version":"2020-12-13","purchased_purges":0,"victory":false,"max_hp_per_floor":[85,85,86,87,88,89,89,90,90,91,91,92,92,93,93,94,94,95,96,96,96,97,98,98,99,99,99,99,99,100,100,100,101,101,102,103,104,104,104,105,105,106,106,106,106],"card_choices":[{"not_picked":["alterego_mod:ChallengeComplete","alterego_mod:Belle"],"picked":"alterego_mod:Rip","floor":1},{"not_picked":["alterego_mod:MaintainEyeContact","alterego_mod:SakuraPetals"],"picked":"alterego_mod:Belts","floor":3},{"not_picked":["alterego_mod:Skirt","alterego_mod:Santa"],"picked":"alterego_mod:Undulate","floor":4},{"not_picked":["alterego_mod:Complex","alterego_mod:Cooking"],"picked":"alterego_mod:Clap","floor":5},{"not_picked":["alterego_mod:Mirror","alterego_mod:DeftHands","alterego_mod:HighServant"],"picked":"SKIP","floor":6},{"not_picked":["alterego_mod:Belts","alterego_mod:GoddessCore"],"picked":"alterego_mod:Smother","floor":8},{"not_picked":["alterego_mod:Crossover","alterego_mod:ClassAdvantage"],"picked":"alterego_mod:BusterCard","floor":10},{"not_picked":["alterego_mod:Swimsuit","alterego_mod:Cooking"],"picked":"alterego_mod:BiFurious","floor":12},{"not_picked":["alterego_mod:Valentines","alterego_mod:DiscoLights"],"picked":"alterego_mod:Cushion","floor":14},{"not_picked":["alterego_mod:Palingenesis","alterego_mod:Alter"],"picked":"alterego_mod:PainIsPleasure","floor":16},{"not_picked":["alterego_mod:Undulate","alterego_mod:Santa"],"picked":"alterego_mod:Smother+1","floor":18},{"not_picked":["alterego_mod:DiscoLights","alterego_mod:Clap"],"picked":"alterego_mod:Cycle+1","floor":19},{"not_picked":["alterego_mod:Maid+1","alterego_mod:BoobPocket"],"picked":"alterego_mod:Bounce","floor":22},{"not_picked":["alterego_mod:BeGentle+1","alterego_mod:MaintainEyeContact"],"picked":"alterego_mod:Punishment","floor":23},{"not_picked":["alterego_mod:GachaTicket","alterego_mod:DeftHands"],"picked":"alterego_mod:Belts","floor":25},{"not_picked":["alterego_mod:BoobPocket+1","alterego_mod:HighServant+1","CutThroughFate"],"picked":"alterego_mod:MagicResistance","floor":30},{"not_picked":["alterego_mod:Bunnysuit","alterego_mod:Weigh","Replay:BluntJabs"],"picked":"alterego_mod:Bloomers","floor":31},{"not_picked":["alterego_mod:VirginLaserPalladion","alterego_mod:Tantrum","LessonLearned"],"picked":"alterego_mod:GIGAMILK","floor":33},{"not_picked":["alterego_mod:Bounce+1","alterego_mod:Bunnysuit+1","FollowUp"],"picked":"alterego_mod:Birthday+1","floor":35},{"not_picked":["alterego_mod:Punishment","alterego_mod:Complex","FlurryOfBlows"],"picked":"alterego_mod:Bounce+1","floor":36},{"not_picked":["alterego_mod:BiFurious","alterego_mod:Alter","alterego_mod:GoddessCore","CrushJoints"],"picked":"SKIP","floor":37},{"not_picked":["alterego_mod:PurpleHair","alterego_mod:Pet+1","SashWhip"],"picked":"alterego_mod:Cushion","floor":40},{"not_picked":["alterego_mod:Belle+1","alterego_mod:Jiggle","Wireheading+1"],"picked":"alterego_mod:Pet+1","floor":42}],"player_experience":1491367,"relics_obtained":[{"floor":6,"key":"Dead Branch"},{"floor":8,"key":"Gremlin Horn"},{"floor":9,"key":"conspire:Dentures"},{"floor":12,"key":"Garlic"},{"floor":23,"key":"conspire:DecoderRing"},{"floor":25,"key":"hubris:DisguiseKit"},{"floor":26,"key":"hubris:DuctTape"},{"floor":31,"key":"Replay:Bottled Snecko"},{"floor":36,"key":"Blood Vial"},{"floor":40,"key":"Replay:Accelerometer"},{"floor":42,"key":"Frozen Egg 2"}],"event_choices":[{"damage_healed":0,"gold_gain":0,"player_choice":"Cursed","damage_taken":0,"max_hp_gain":0,"max_hp_loss":0,"event_name":"Wheel of Change","floor":2,"gold_loss":0,"cards_obtained":["Decay"]},{"damage_healed":0,"gold_gain":0,"player_choice":"Rummage","damage_taken":0,"relics_obtained":["WarpedTongs"],"max_hp_gain":0,"max_hp_loss":0,"event_name":"Accursed Blacksmith","floor":13,"gold_loss":0,"cards_obtained":["Pain"]},{"damage_healed":0,"gold_gain":0,"player_choice":"Madness","damage_taken":0,"relics_obtained":["betterThird:NestCultRelic"],"max_hp_gain":0,"max_hp_loss":0,"event_name":"betterThird:BetterNest","floor":20,"gold_loss":0},{"cards_removed":["Pain"],"damage_healed":0,"gold_gain":0,"player_choice":"Card Removal","damage_taken":0,"max_hp_gain":0,"max_hp_loss":0,"event_name":"Wheel of Change","floor":21,"gold_loss":0},{"damage_healed":0,"gold_gain":0,"player_choice":"Choice 1","damage_taken":0,"relics_obtained":["alterego_mod:FleetingLove"],"max_hp_gain":0,"max_hp_loss":0,"event_name":"Secret Garden","floor":27,"gold_loss":0},{"damage_healed":0,"gold_gain":0,"player_choice":"Embrace Madness","damage_taken":13,"max_hp_gain":0,"max_hp_loss":0,"event_name":"Winding Halls","floor":39,"gold_loss":0,"cards_obtained":["Madness","Madness"]}],"is_beta":false,"boss_relics":[{"not_picked":["ReplayTheSpireMod:DimensionalGlitch","hubris:HollowSoul"],"picked":"Coffee Dripper"},{"not_picked":["MariMod:MariFestivalBadge","SacredBark"],"picked":"Philosopher\u0027s Stone"}],"items_purged_floors":[],"is_endless":false,"potions_floor_spawned":[1,4,5,14,16,18,22,30,31,33,35,36,37,40,42],"killed_by":"Nemesis","ascension_level":3}}