{"host":"d6jq5n191gimxfx1","time":1608127506,"event":{"mods":["AchievementEnabler","BaseMod","DeckTracker","Hermit","Minty Spire (QoL Compilation)","Random Character Button","Rare Cards Sparkle","StSLib"],"gold_per_floor":[119,129,140,140,188,188,199,199,280,280,20,20,20,33,33,130,180,190,190,172,172,172,172,191,191,191,191,75,85,111,111,111,206,206,224,234,234,234,266,278,293,293,318,333,346,47,65,81,81,81],"floor_reached":51,"playtime":2686,"items_purged":["Strike_G"],"score":955,"play_id":"b0ff11c0-907e-4279-8c3f-64e1c74b92cd","local_time":"20201216150506","is_ascension_mode":true,"campfire_choices":[{"data":"Neutralize","floor":6.0,"key":"SMITH"},{"data":"Escape Plan","floor":8.0,"key":"SMITH"},{"floor":15.0,"key":"REST"},{"data":"Apotheosis","floor":23.0,"key":"SMITH"},{"floor":25.0,"key":"REST"},{"data":"Flechettes","floor":27.0,"key":"SMITH"},{"data":"Noxious Fumes","floor":32.0,"key":"SMITH"},{"floor":42,"key":"REST"},{"floor":49,"key":"REST"}],"circlet_count":0,"master_deck":["Strike_G+1","Defend_G","Defend_G+1","Defend_G","Survivor","Neutralize+1","Doppelganger+1","Flechettes+1","Escape Plan+1","Apotheosis+1","Deadly Poison","Deflect+1","Impatience","Footwork","Flying Knee","Noxious Fumes+1","Venomology","Escape Plan+1","Backflip+1","Parasite","Bouncing Flask"],"relics":["Ring of the Snake","Strawberry","White Beast Statue","Regal Pillow","Tiny House","MutagenicStrength","Boot","Vajra","Blood Vial","Empty Cage","Bag of Preparation","Calipers"],"acts_visited":["Exordium","TheCity","TheBeyond"],"potions_floor_usage":[35,36,36,39,40,40,41,41,44,45,45,47,50,50,50],"damage_taken":[{"damage":0.0,"enemies":"Cultist","floor":1.0,"turns":3.0},{"damage":3.0,"enemies":"Jaw Worm","floor":2.0,"turns":5.0},{"damage":1.0,"enemies":"2 Louse","floor":3.0,"turns":3.0},{"damage":11.0,"enemies":"Exordium Wildlife","floor":7.0,"turns":8.0},{"damage":0.0,"enemies":"Large Slime","floor":14.0,"turns":5.0},{"damage":54.0,"enemies":"Slime Boss","floor":16.0,"turns":17.0},{"damage":4.0,"enemies":"Shell Parasite","floor":18.0,"turns":7.0},{"damage":0.0,"enemies":"2 Thieves","floor":20.0,"turns":4.0},{"damage":10.0,"enemies":"Centurion and Healer","floor":24.0,"turns":7.0},{"damage":1.0,"enemies":"Sentry and Sphere","floor":29.0,"turns":8.0},{"damage":3.0,"enemies":"Book of Stabbing","floor":30.0,"turns":8.0},{"damage":77.0,"enemies":"Champ","floor":33.0,"turns":14.0},{"damage":1,"enemies":"Orb Walker","floor":35,"turns":5},{"damage":15,"enemies":"3 Darklings","floor":36,"turns":5},{"damage":1,"enemies":"Sphere and 2 Shapes","floor":39,"turns":5},{"damage":5,"enemies":"Writhing Mass","floor":40,"turns":5},{"damage":11,"enemies":"3 Darklings","floor":41,"turns":5},{"damage":32,"enemies":"Jaw Worm Horde","floor":44,"turns":5},{"damage":32,"enemies":"Transient","floor":45,"turns":5},{"damage":9,"enemies":"3 Darklings","floor":47,"turns":6},{"damage":18,"enemies":"Maw","floor":48,"turns":8},{"damage":65,"enemies":"Donu and Deca","floor":50,"turns":14}],"seed_played":"1440317952452924400","potions_obtained":[{"floor":2.0,"key":"Fire Potion"},{"floor":3.0,"key":"AttackPotion"},{"floor":14.0,"key":"Poison Potion"},{"floor":16.0,"key":"Regen Potion"},{"floor":17.0,"key":"ColorlessPotion"},{"floor":18.0,"key":"EssenceOfSteel"},{"floor":20.0,"key":"Dexterity Potion"},{"floor":24.0,"key":"SpeedPotion"},{"floor":30.0,"key":"AttackPotion"},{"floor":33.0,"key":"Fire Potion"},{"floor":35,"key":"Weak Potion"},{"floor":36,"key":"Explosive Potion"},{"floor":39,"key":"Energy Potion"},{"floor":40,"key":"Weak Potion"},{"floor":41,"key":"PowerPotion"},{"floor":45,"key":"Dexterity Potion"},{"floor":47,"key":"Dexterity Potion"}],"is_trial":false,"path_per_floor":["M","M","M","?","T","R","M","R","T","?","$","?","?","M","R","B",null,"M","?","M","?","?","R","M","R","T","R","$","M","E","T","R","B",null,"M","M","?","?","M","M","M","R","T","M","M","$","M","M","R","B",null],"character_chosen":"THE_SILENT","items_purchased":["Apotheosis","Impatience","Footwork","Calipers"],"campfire_rested":4,"item_purchase_floors":[11,28,28,46],"current_hp_per_floor":[63,60,59,52,59,59,48,48,48,45,45,30,30,30,68,14,66,77,77,77,77,61,61,51,87,87,87,87,86,83,83,83,8,67,68,55,55,55,56,53,44,85,85,55,25,25,18,2,43,26],"gold":81,"neow_bonus":"ONE_RANDOM_RARE_CARD","is_daily":false,"chose_seed":false,"campfire_upgraded":5,"win_rate":0.0,"timestamp":1608127506,"path_taken":["M","M","?","?","?","R","?","R","T","?","$","?","?","M","R","BOSS","M","?","M","?","?","R","?","R","T","R","$","M","E","?","R","BOSS","M","M","?","?","M","?","M","R","T","M","?","$","M","M","R","BOSS"],"items_purchased_type":["Card","Card","Card","Relic"],"build_version":"2020-12-13","purchased_purges":1,"victory":true,"max_hp_per_floor":[70,70,70,70,77,77,77,77,77,77,77,77,77,77,77,77,82,82,82,82,82,87,87,87,87,87,87,87,87,87,87,87,87,87,87,87,87,87,87,87,87,87,87,87,87,87,87,87,87,87],"card_choices":[{"not_picked":["Acrobatics","Finisher"],"picked":"Flechettes","floor":1.0},{"not_picked":["Bane","All Out Attack","Reflex"],"picked":"SKIP","floor":2.0},{"not_picked":["Choke","Underhanded Strike","Backflip"],"picked":"SKIP","floor":3.0},{"not_picked":["Noxious Fumes","Quick Slash"],"picked":"Escape Plan","floor":7.0},{"not_picked":["Deflect","Wraith Form v2"],"picked":"Deadly Poison","floor":14.0},{"not_picked":["Dagger Throw","Cloak And Dagger","Poisoned Stab"],"picked":"SKIP","floor":18.0},{"not_picked":["Concentrate","Deadly Poison","Quick Slash"],"picked":"SKIP","floor":20.0},{"not_picked":["Endless Agony","Terror"],"picked":"Deflect+1","floor":24.0},{"not_picked":["Concentrate+1","Terror"],"picked":"Flying Knee","floor":29.0},{"not_picked":["Burst","Caltrops"],"picked":"Noxious Fumes","floor":30.0},{"not_picked":["Phantasmal Killer","Wraith Form v2"],"picked":"Venomology","floor":33.0},{"not_picked":["Riddle With Holes","Poisoned Stab+1","Setup+1"],"picked":"SKIP","floor":35},{"not_picked":["Heel Hook+1","Sucker Punch+1","Slice+1"],"picked":"SKIP","floor":36},{"not_picked":["Prepared","Footwork"],"picked":"Backflip+1","floor":39},{"not_picked":["Accuracy+1","Venomology"],"picked":"Bouncing Flask","floor":40},{"not_picked":["Blade Dance","Heel Hook+1","Acrobatics"],"picked":"SKIP","floor":41},{"not_picked":["Heel Hook","Outmaneuver","PiercingWail"],"picked":"SKIP","floor":44},{"not_picked":["Deadly Poison+1","Bane","Outmaneuver"],"picked":"SKIP","floor":45},{"not_picked":["Quick Slash","Underhanded Strike+1","Prepared+1"],"picked":"SKIP","floor":47},{"not_picked":["Glass Knife","Dagger Throw","Well Laid Plans"],"picked":"SKIP","floor":48}],"player_experience":575427,"relics_obtained":[{"floor":5.0,"key":"Strawberry"},{"floor":9.0,"key":"White Beast Statue"},{"floor":26.0,"key":"Boot"},{"floor":30.0,"key":"Vajra"},{"floor":31.0,"key":"Blood Vial"},{"floor":43,"key":"Bag of Preparation"}],"event_choices":[{"cards_removed":["Strike_G"],"damage_healed":0.0,"max_hp_gain":0.0,"max_hp_loss":0.0,"gold_gain":0.0,"event_name":"Golden Wing","player_choice":"Card Removal","floor":4.0,"gold_loss":0.0,"damage_taken":7.0},{"damage_healed":0.0,"max_hp_gain":0.0,"max_hp_loss":0.0,"gold_gain":0.0,"event_name":"Scrap Ooze","player_choice":"Success","floor":10.0,"gold_loss":0.0,"damage_taken":3.0,"relics_obtained":["Regal Pillow"]},{"damage_healed":0.0,"max_hp_gain":0.0,"max_hp_loss":0.0,"gold_gain":0.0,"event_name":"Shining Light","player_choice":"Entered Light","floor":12.0,"gold_loss":0.0,"damage_taken":15.0,"cards_upgraded":["Doppelganger","Defend_G"]},{"cards_removed":["Defend_G"],"damage_healed":0.0,"max_hp_gain":0.0,"max_hp_loss":0.0,"gold_gain":0.0,"event_name":"Living Wall","player_choice":"Forget","floor":13.0,"gold_loss":0.0,"damage_taken":0.0},{"cards_removed":["Strike_G"],"damage_healed":0.0,"max_hp_gain":0.0,"max_hp_loss":0.0,"gold_gain":0.0,"event_name":"Back to Basics","player_choice":"Elegance","floor":19.0,"gold_loss":0.0,"damage_taken":0.0},{"damage_healed":0.0,"max_hp_gain":0.0,"max_hp_loss":0.0,"gold_gain":0.0,"event_name":"Drug Dealer","player_choice":"Inject Mutagens","floor":21.0,"gold_loss":0.0,"damage_taken":0.0,"relics_obtained":["MutagenicStrength"]},{"damage_healed":0.0,"max_hp_gain":5.0,"max_hp_loss":0.0,"gold_gain":0.0,"event_name":"Forgotten Altar","player_choice":"Shed Blood","floor":22.0,"gold_loss":0.0,"damage_taken":21.0},{"damage_healed":0,"gold_gain":0,"player_choice":"Ignored","damage_taken":0,"max_hp_gain":0,"max_hp_loss":0,"event_name":"Tomb of Lord Red Mask","floor":37,"gold_loss":0},{"damage_healed":0,"gold_gain":0,"player_choice":"Copied","damage_taken":0,"max_hp_gain":0,"max_hp_loss":0,"event_name":"Duplicator","floor":38,"gold_loss":0,"cards_obtained":["Escape Plan"]}],"is_beta":false,"boss_relics":[{"not_picked":["Pandora\u0027s Box","Astrolabe"],"picked":"Tiny House"},{"not_picked":["Runic Pyramid","Cursed Key"],"picked":"Empty Cage"}],"items_purged_floors":[11],"is_endless":false,"potions_floor_spawned":[2,3,14,16,18,20,24,29,30,33,35,36,39,40,41,44,45,47,48],"ascension_level":8}}