{"host":"nox","time":1608111552,"event":{"mods":["BaseMod","Colored Powertips","Minty Spire (QoL Compilation)","Quick Restart","Replay The Spire","StSLib"],"gold_per_floor":[114,114,114,127,127,127,153,153,153,163,163,179,212,226,226,325,425,441,441,356,372,372,372,397,397,397,417,417,417,417],"floor_reached":29,"playtime":1374,"items_purged":[],"score":361,"play_id":"fdc0408b-ad75-4bf0-b892-918178ecf078","local_time":"20201216163912","is_ascension_mode":true,"campfire_choices":[{"data":"Outmaneuver","floor":6.0,"key":"SMITH"},{"data":"Grand Finale","floor":8.0,"key":"SMITH"},{"data":"Beam Cell","floor":11.0,"key":"SMITH"},{"floor":23,"key":"REST"},{"data":"Calculated Gamble","floor":25,"key":"SMITH"},{"floor":28,"key":"REST"}],"circlet_count":0,"master_deck":["Strike_G","Strike_G","Strike_G","Strike_G","Strike_G","Defend_G","Defend_G","Defend_G","Defend_G","Defend_G","Outmaneuver+1","Leap","Beam Cell+1","Grand Finale+1","Flying Knee","Quick Slash","Dagger Throw","Finisher","Outmaneuver+1","Fluid Movement+1","After Image+1","Terror+1","Calculated Gamble+1","Prepared"],"relics":["Honey Jar","FossilizedHelix","Replay:Bottled Snecko","Frozen Egg 2","Replay:Wanted Poster","Calipers","Mercury Hourglass"],"acts_visited":["Exordium","TheCity"],"potions_floor_usage":[24],"damage_taken":[{"damage":8.0,"enemies":"2 Louse","floor":1.0,"turns":3.0},{"damage":2.0,"enemies":"Jaw Worm","floor":4.0,"turns":4.0},{"damage":26.0,"enemies":"Gremlin Nob","floor":7.0,"turns":4.0},{"damage":0.0,"enemies":"Cultist","floor":10.0,"turns":3.0},{"damage":2.0,"enemies":"Looter","floor":12.0,"turns":3.0},{"damage":16.0,"enemies":"3 Sentries","floor":13.0,"turns":7.0},{"damage":0.0,"enemies":"Blue Slaver","floor":14.0,"turns":3.0},{"damage":0.0,"enemies":"Slime Boss","floor":16.0,"turns":3.0},{"damage":0.0,"enemies":"3 Byrds","floor":18.0,"turns":5.0},{"damage":16,"enemies":"Spheric Guardian","floor":21,"turns":6},{"damage":27,"enemies":"Gremlin Leader","floor":24,"turns":9},{"damage":13,"enemies":"Centurion and Healer","floor":27,"turns":6},{"damage":45,"enemies":"Slavers","floor":29,"turns":4}],"seed_played":"2840426905954388916","potions_obtained":[{"floor":1.0,"key":"Explosive Potion"},{"floor":13.0,"key":"ColorlessPotion"},{"floor":14.0,"key":"AttackPotion"},{"floor":16.0,"key":"AttackPotion"},{"floor":21,"key":"SkillPotion"}],"is_trial":false,"path_per_floor":["M","?","?","M","$","R","E","R","T","M","R","M","E","M","R","B",null,"M","$","?","M","?","R","E","R","T","M","R","E"],"character_chosen":"THE_SILENT","items_purchased":[],"campfire_rested":2,"item_purchase_floors":[],"current_hp_per_floor":[62,62,62,60,60,60,34,34,34,34,34,32,16,16,37,37,70,70,70,70,54,41,63,36,36,36,23,45,0,0],"gold":417,"neow_bonus":"BOSS_RELIC","is_daily":false,"chose_seed":false,"campfire_upgraded":4,"win_rate":0.0,"timestamp":1608111552,"path_taken":["M","?","?","?","$","R","E","R","T","M","R","M","E","M","R","BOSS","M","$","?","M","?","R","E","R","T","M","R","E"],"items_purchased_type":[],"build_version":"2020-11-17","purchased_purges":0,"victory":false,"max_hp_per_floor":[70,70,70,70,70,70,70,70,70,70,70,70,70,70,70,70,70,70,70,70,70,75,75,75,75,75,75,75,75,75],"card_choices":[{"not_picked":["Expertise","Backflip","Acrobatics"],"picked":"Outmaneuver","floor":1.0},{"not_picked":["Dagger Spray","Sucker Punch","Accuracy"],"picked":"Flying Knee","floor":4.0},{"not_picked":["Dash","Setup","Outmaneuver"],"picked":"Quick Slash","floor":7.0},{"not_picked":["Dodge and Roll","Dagger Spray","ReplayTheSpireMod:Exploit Weakness"],"picked":"Dagger Throw","floor":10.0},{"not_picked":["Cloak And Dagger","Outmaneuver","Predator"],"picked":"Finisher","floor":12.0},{"not_picked":["Dodge and Roll","Deflect","ReplayTheSpireMod:Exploit Weakness"],"picked":"Outmaneuver","floor":13.0},{"not_picked":["Leg Sweep","Dagger Spray","Cloak And Dagger"],"picked":"Fluid Movement+1","floor":14.0},{"not_picked":["Grand Finale","Glass Knife","Phantasmal Killer"],"picked":"After Image+1","floor":16.0},{"not_picked":["Sucker Punch+1","Backflip","Catalyst"],"picked":"Terror+1","floor":18.0},{"not_picked":["Sucker Punch","Well Laid Plans+1","Deadly Poison+1","Backflip+1"],"picked":"SKIP","floor":21},{"not_picked":["Deflect","Backflip","Hidden Blade"],"picked":"Calculated Gamble","floor":24},{"not_picked":["Well Laid Plans+1","Tactician","Die Die Die"],"picked":"Prepared","floor":27}],"player_experience":127274,"relics_obtained":[{"floor":7.0,"key":"FossilizedHelix"},{"floor":9.0,"key":"Replay:Bottled Snecko"},{"floor":13.0,"key":"Frozen Egg 2"},{"floor":24,"key":"Mercury Hourglass"}],"event_choices":[{"damage_healed":0.0,"max_hp_gain":0.0,"max_hp_loss":0.0,"gold_gain":0.0,"event_name":"Match and Keep!","player_choice":"1 cards matched","floor":3.0,"gold_loss":0.0,"damage_taken":0.0,"cards_obtained":["Grand Finale"]},{"damage_healed":0,"gold_gain":0,"player_choice":"Obtained Relic","damage_taken":0,"relics_obtained":["Calipers"],"max_hp_gain":0,"max_hp_loss":0,"event_name":"Addict","floor":20,"gold_loss":85},{"damage_healed":0,"gold_gain":0,"player_choice":"Shed Blood","damage_taken":18,"max_hp_gain":5,"max_hp_loss":0,"event_name":"Forgotten Altar","floor":22,"gold_loss":0}],"is_beta":true,"boss_relics":[{"not_picked":["Sozu","Snecko Eye"],"picked":"Replay:Wanted Poster"}],"items_purged_floors":[],"is_endless":false,"potions_floor_spawned":[1,13,14,16,21],"killed_by":"Slavers","ascension_level":4}}