{"host":"yn17ruofed46ymbq","time":1608126097,"event":{"mods":["AchievementEnabler","BaseMod","Colored Map","Colored Powertips","DeckTracker","Highlight Path","Keyboard Shortcuts","Minty Spire (QoL Compilation)","Permanent Neow","Quick Restart","Rare Cards Sparkle","Relic Stats","SuperFastMode"],"gold_per_floor":[116,18,30,30,6,6,40,40,113,113,128,91,119,129,129,229,229,244,260,10,25,25,25,25,25,25,39,87,87,12,32,32,132,132,142,30,30,46,63,63,91,91,91,91,91,91],"floor_reached":45,"playtime":1512,"items_purged":["Strike_R","Strike_R"],"score":584,"play_id":"17139d0d-d007-44f9-b7a0-aafaf7057be7","local_time":"20201216224137","is_ascension_mode":true,"campfire_choices":[{"data":"Pommel Strike","floor":6.0,"key":"SMITH"},{"data":"Rampage","floor":8.0,"key":"SMITH"},{"data":"Flame Barrier","floor":10.0,"key":"SMITH"},{"data":"Infernal Blade","floor":15.0,"key":"SMITH"},{"data":"Exhume","floor":23.0,"key":"SMITH"},{"data":"Second Wind","floor":25.0,"key":"SMITH"},{"data":"Disarm","floor":29.0,"key":"SMITH"},{"data":"Blood for Blood","floor":32.0,"key":"SMITH"},{"data":"Dark Embrace","floor":40.0,"key":"SMITH"},{"floor":42.0,"key":"REST"},{"data":"Power Through","floor":44.0,"key":"SMITH"}],"circlet_count":0,"master_deck":["Defend_R","Defend_R","Defend_R","Defend_R","Bash+1","Pommel Strike+1","Headbutt","Flame Barrier+1","Twin Strike","Rampage+1","Infernal Blade+1","Reckless Charge","Disarm+1","Exhume+1","Thunderclap+1","True Grit+1","Clothesline+1","Flex","Anger+1","Blood for Blood+1","Second Wind+1","Pommel Strike+1","Ghostly Armor","Bludgeon","Wild Strike","Power Through+1","Evolve","Dark Embrace+1","Blood for Blood","Spot Weakness+1"],"relics":["Burning Blood","Kunai","Charon\u0027s Ashes","Sundial","Bag of Marbles","Astrolabe","Pen Nib","Eternal Feather","Art of War","Velvet Choker","InkBottle","Pantograph"],"acts_visited":["Exordium","TheCity","TheBeyond"],"potions_floor_usage":[],"damage_taken":[{"damage":6.0,"enemies":"Cultist","floor":1.0,"turns":3.0},{"damage":7.0,"enemies":"Small Slimes","floor":3.0,"turns":4.0},{"damage":18.0,"enemies":"3 Sentries","floor":7.0,"turns":11.0},{"damage":0.0,"enemies":"Jaw Worm","floor":11.0,"turns":2.0},{"damage":17.0,"enemies":"Gremlin Nob","floor":13.0,"turns":4.0},{"damage":0.0,"enemies":"2 Fungi Beasts","floor":14.0,"turns":2.0},{"damage":38.0,"enemies":"The Guardian","floor":16.0,"turns":11.0},{"damage":11.0,"enemies":"Shell Parasite","floor":18.0,"turns":6.0},{"damage":10.0,"enemies":"Chosen","floor":19.0,"turns":5.0},{"damage":12.0,"enemies":"3 Cultists","floor":21.0,"turns":5.0},{"damage":0.0,"enemies":"Chosen and Byrds","floor":27.0,"turns":3.0},{"damage":0.0,"enemies":"Snake Plant","floor":31.0,"turns":2.0},{"damage":77.0,"enemies":"Automaton","floor":33.0,"turns":7.0},{"damage":13.0,"enemies":"3 Darklings","floor":35.0,"turns":4.0},{"damage":15.0,"enemies":"3 Shapes","floor":38.0,"turns":7.0},{"damage":13.0,"enemies":"3 Darklings","floor":39.0,"turns":5.0},{"damage":57.0,"enemies":"Reptomancer","floor":41.0,"turns":5.0},{"damage":103,"enemies":"Giant Head","floor":45,"turns":8}],"seed_played":"-2397817014579251820","potions_obtained":[{"floor":3.0,"key":"DuplicationPotion"},{"floor":7.0,"key":"Strength Potion"},{"floor":14.0,"key":"Fruit Juice"},{"floor":19.0,"key":"LiquidBronze"},{"floor":27.0,"key":"ColorlessPotion"},{"floor":33.0,"key":"SkillPotion"},{"floor":35.0,"key":"AttackPotion"},{"floor":38.0,"key":"Swift Potion"}],"is_trial":false,"path_per_floor":["M","$","M","T","$","R","E","R","T","R","M","$","E","M","R","B",null,"M","M","$","M","$","R","?","R","T","M","T","R","?","M","R","B",null,"M","$","?","M","M","R","E","R","T","R","E"],"character_chosen":"IRONCLAD","items_purchased":["Headbutt","Twin Strike","Reckless Charge","Pen Nib","Power Through","Evolve"],"campfire_rested":1,"item_purchase_floors":[2,5,12,20,36,36],"current_hp_per_floor":[72,72,71,71,71,71,59,59,59,59,65,65,54,60,60,28,67,62,58,58,57,57,57,57,57,57,63,63,75,75,81,85,14,67,60,60,60,51,44,59,8,51,51,69,0,0],"gold":91,"neow_bonus":"UPGRADE_CARD","is_daily":false,"chose_seed":false,"campfire_upgraded":10,"win_rate":0.0,"timestamp":1608126097,"path_taken":["M","$","M","?","?","R","E","R","T","R","M","$","E","?","R","BOSS","M","M","$","M","$","R","?","R","T","M","?","R","?","M","R","BOSS","M","$","?","M","M","R","E","R","T","R","E"],"items_purchased_type":["Card","Card","Card","Relic","Card","Card"],"build_version":"2020-12-13","purchased_purges":2,"victory":false,"max_hp_per_floor":[80,80,80,80,80,80,80,80,80,80,80,80,80,80,80,80,80,80,80,80,85,85,85,85,85,85,85,85,85,85,85,85,85,85,85,85,85,85,85,85,85,85,85,85,85,85],"relic_stats":{"counters":[18,94],"Sundial":[8],"Astrolabe":["Thunderclap","True Grit","Clothesline"],"Pantograph":0,"Eternal Feather":67,"Charon\u0027s Ashes":[292],"Pen Nib":[10],"Art of War":[3],"Kunai":[29],"obtain_stats":[{"Sundial":9,"Astrolabe":17,"Pantograph":43,"Velvet Choker":34,"Eternal Feather":26,"Charon\u0027s Ashes":7,"Pen Nib":20,"Bag of Marbles":13,"Art of War":28,"Kunai":4,"Burning Blood":0,"InkBottle":41},{"Sundial":3,"Astrolabe":7,"Pantograph":17,"Velvet Choker":13,"Eternal Feather":10,"Charon\u0027s Ashes":3,"Pen Nib":9,"Bag of Marbles":5,"Art of War":11,"Kunai":2,"Burning Blood":0,"InkBottle":17},{"Sundial":18,"Astrolabe":37,"Pantograph":86,"Velvet Choker":65,"Eternal Feather":53,"Charon\u0027s Ashes":18,"Pen Nib":48,"Bag of Marbles":24,"Art of War":56,"Kunai":7,"Burning Blood":0,"InkBottle":86}],"Burning Blood":102,"InkBottle":[3]},"card_choices":[{"not_picked":["Sword Boomerang","Heavy Blade"],"picked":"Pommel Strike","floor":1.0},{"not_picked":["Havoc","Thunderclap"],"picked":"Flame Barrier","floor":3.0},{"not_picked":["Sword Boomerang","Metallicize"],"picked":"Rampage","floor":7.0},{"not_picked":["Anger","Reckless Charge"],"picked":"Infernal Blade","floor":11.0},{"not_picked":["Flame Barrier","Armaments"],"picked":"Perfected Strike","floor":13.0},{"not_picked":["Intimidate","Clash"],"picked":"Disarm","floor":14.0},{"not_picked":["Impervious","Berserk"],"picked":"Exhume","floor":16.0},{"not_picked":["Flame Barrier+1","Infernal Blade"],"picked":"Flex","floor":18.0},{"not_picked":["Headbutt","Perfected Strike+1"],"picked":"Anger+1","floor":19.0},{"not_picked":["Exhume","Disarm"],"picked":"Blood for Blood","floor":21.0},{"not_picked":["Anger","True Grit"],"picked":"Pommel Strike+1","floor":27.0},{"not_picked":["Flame Barrier","Cleave"],"picked":"Ghostly Armor","floor":31.0},{"not_picked":["Limit Break","Brutality"],"picked":"Bludgeon","floor":33.0},{"not_picked":["Clash+1","Sword Boomerang+1"],"picked":"Wild Strike","floor":35.0},{"not_picked":["Body Slam+1","Shockwave+1"],"picked":"Dark Embrace","floor":38.0},{"not_picked":["Disarm","Dark Embrace+1"],"picked":"Blood for Blood","floor":39.0},{"not_picked":["Wild Strike+1","Armaments"],"picked":"Spot Weakness+1","floor":41.0}],"player_experience":421093,"relics_obtained":[{"floor":4.0,"key":"Kunai"},{"floor":7.0,"key":"Charon\u0027s Ashes"},{"floor":9.0,"key":"Sundial"},{"floor":13.0,"key":"Bag of Marbles"},{"floor":26.0,"key":"Eternal Feather"},{"floor":28.0,"key":"Art of War"},{"floor":41.0,"key":"InkBottle"},{"floor":43.0,"key":"Pantograph"}],"event_choices":[{"damage_healed":0.0,"max_hp_gain":0.0,"max_hp_loss":0.0,"gold_gain":0.0,"event_name":"The Library","player_choice":"Read","floor":24.0,"gold_loss":0.0,"damage_taken":0.0,"cards_obtained":["Second Wind"]},{"cards_removed":["Strike_R"],"damage_healed":0.0,"max_hp_gain":0.0,"max_hp_loss":0.0,"gold_gain":0.0,"event_name":"Beggar","player_choice":"Gave Gold","floor":30.0,"gold_loss":75.0,"damage_taken":0.0},{"damage_healed":0.0,"max_hp_gain":0.0,"max_hp_loss":0.0,"gold_gain":0.0,"event_name":"Mysterious Sphere","player_choice":"Ignored","floor":37.0,"gold_loss":0.0,"damage_taken":0.0}],"is_beta":false,"boss_relics":[{"not_picked":["Fusion Hammer","Calling Bell"],"picked":"Astrolabe"},{"not_picked":["Pandora\u0027s Box","Black Star"],"picked":"Velvet Choker"}],"items_purged_floors":[2,20],"is_endless":false,"potions_floor_spawned":[3,7,14,19,27,31,33,35,38],"killed_by":"Giant Head","ascension_level":6}}