{"host":"kos1s9q8ffr8fqos","time":1608095197,"event":{"mods":["2.2 Compatiblity","AchievementEnabler","AlwaysNeverKeys","BaseMod","Bestiary","Better Altar","Better Match","Better Note","Better Sensory Stone","Better Skull","Better Third Choice","Better Vampires","Colored Map","Colored Powertips","Curses Come First","Hermit","Infinite Spire","Jorbs\u0027s Wanderer Trilogy","Minty Spire (QoL Compilation)","Quick Restart","Random Character Button","Relic Stats","Replay The Spire","Shop Mod","StSLib","The Blue Laboratory","The Disciple","The Hierophant"],"gold_per_floor":[112,387,5,5,18,45,45,73,127,127,140,140,157,167,167,167,167],"floor_reached":16,"playtime":844,"items_purged":["Regret"],"score":187,"play_id":"2032937b-ec82-44c4-a2a5-295e62d6e7b0","local_time":"20201215230637","is_ascension_mode":true,"campfire_choices":[{"floor":7,"key":"REST"},{"data":"ForeignInfluence","floor":10,"key":"SMITH"},{"data":"Replay:DivineShield","floor":15,"key":"SMITH"}],"circlet_count":0,"master_deck":["AscendersBane","Strike_P","Strike_P","Strike_P","Defend_P","Defend_P","Defend_P","Eruption+1","Vigilance","Replay:DivineShield+1","ForeignInfluence+1","ClearTheMind","Replay:AtTheReady","Swivel","Wireheading","BowlingBash"],"relics":["PureWater","infinitespire:Broken Mirror","ReplayFunnel","Garlic","Damaru"],"acts_visited":["Exordium"],"potions_floor_usage":[6],"damage_taken":[{"damage":2,"enemies":"Small Slimes","floor":1,"turns":4},{"damage":0,"enemies":"Cultist","floor":5,"turns":2},{"damage":24,"enemies":"Gremlin Nob","floor":6,"turns":4},{"damage":22,"enemies":"3 Sentries","floor":8,"turns":10},{"damage":5,"enemies":"infinitespire:Voidling","floor":11,"turns":3},{"damage":0,"enemies":"Looter","floor":13,"turns":3},{"damage":0,"enemies":"Large Slime","floor":14,"turns":3},{"damage":27,"enemies":"Slime Boss","floor":16,"turns":8}],"seed_played":"-2905601312425141282","potions_obtained":[{"floor":11,"key":"blueLaboratory:Moonshine"},{"floor":13,"key":"Toxic Potion"}],"is_trial":false,"path_per_floor":["M","?","$","?","M","E","R","E","T","R","M","?","M","M","R","B"],"character_chosen":"WATCHER","items_purchased":["infinitespire:Broken Mirror","ColorlessPotion"],"campfire_rested":1,"item_purchase_floors":[3,3],"current_hp_per_floor":[59,59,59,59,59,35,55,33,33,33,33,26,26,26,26,0,0],"gold":167,"neow_bonus":"UPGRADE_CARD","is_daily":false,"chose_seed":false,"campfire_upgraded":2,"win_rate":0.0,"timestamp":1608095197,"path_taken":["M","?","?","?","M","E","R","E","T","R","?","?","M","M","R","BOSS"],"items_purchased_type":["Relic","Potion"],"build_version":"2020-12-13","purchased_purges":1,"victory":false,"max_hp_per_floor":[68,68,68,68,68,68,68,68,68,68,68,68,68,68,68,68,68],"relic_stats":{"counters":[8,37],"obtain_stats":[{"ReplayFunnel":6,"infinitespire:Broken Mirror":3,"Damaru":9,"Garlic":8,"PureWater":0},{"ReplayFunnel":3,"infinitespire:Broken Mirror":1,"Damaru":4,"Garlic":4,"PureWater":0},{"ReplayFunnel":10,"infinitespire:Broken Mirror":4,"Damaru":20,"Garlic":20,"PureWater":0}]},"card_choices":[{"not_picked":["Protect","EmptyBody"],"picked":"Replay:DivineShield","floor":1},{"not_picked":["EmptyFist","SashWhip"],"picked":"ForeignInfluence","floor":5},{"not_picked":["WreathOfFlame","ThirdEye"],"picked":"ClearTheMind","floor":6},{"not_picked":["EmptyFist","Weave"],"picked":"Replay:AtTheReady","floor":8},{"not_picked":["Consecrate","LikeWater"],"picked":"Swivel","floor":11},{"not_picked":["CrushJoints","Pray"],"picked":"Wireheading","floor":13},{"not_picked":["Halt","Crescendo"],"picked":"BowlingBash","floor":14}],"player_experience":1221371,"relics_obtained":[{"floor":6,"key":"ReplayFunnel"},{"floor":8,"key":"Garlic"},{"floor":9,"key":"Damaru"}],"event_choices":[{"damage_healed":0,"gold_gain":275,"player_choice":"Desecrate","damage_taken":0,"max_hp_gain":0,"max_hp_loss":0,"event_name":"Golden Shrine","floor":2,"gold_loss":0,"cards_obtained":["Regret"]},{"cards_removed":["Defend_P"],"damage_healed":0,"gold_gain":0,"player_choice":"Purged","damage_taken":0,"max_hp_gain":0,"max_hp_loss":0,"event_name":"Purifier","floor":4,"gold_loss":0},{"cards_removed":["Strike_P"],"damage_healed":0,"gold_gain":0,"player_choice":"Card Removal","damage_taken":7,"max_hp_gain":0,"max_hp_loss":0,"event_name":"Golden Wing","floor":12,"gold_loss":0}],"is_beta":false,"boss_relics":[],"items_purged_floors":[3],"is_endless":false,"potions_floor_spawned":[11,13],"killed_by":"Slime Boss","ascension_level":14}}