{"host":"h4390p13uu6iw1q5","time":1608093154,"event":{"mods":["BaseMod","Colored Map","Minty Spire (QoL Compilation)","StSLib"],"gold_per_floor":[114,114,129,129,144,174,174,204,229,244,244,259,274,83,83,183,183,198,213,228,243,258,258,288,288,313,328,343,343,343,258,258,358,358,373,373,171,192,67,67,67,82,82,97,112,112,0,15,15,15],"floor_reached":51,"playtime":2484,"items_purged":[],"score":781,"play_id":"1daad33a-d12c-4985-8a66-b5b0f6350549","local_time":"20201215233234","daily_mods":["SealedDeck","ControlledChaos","Terminal"],"is_ascension_mode":false,"campfire_choices":[{"data":"Coolheaded","floor":7,"key":"SMITH"},{"data":"Go for the Eyes","floor":11,"key":"SMITH"},{"data":"Loop","floor":15,"key":"SMITH"},{"data":"Capacitor","floor":23,"key":"SMITH"},{"floor":30,"key":"REST"},{"floor":32,"key":"REST"},{"data":"Mayhem","floor":41,"key":"SMITH"},{"floor":46,"key":"REST"},{"data":"Seek","floor":49,"key":"SMITH"}],"circlet_count":0,"master_deck":["Undo","Tempest","Ball Lightning","Barrage","Leap","Ball Lightning","Coolheaded+1","Conserve Battery","Cold Snap","Conserve Battery","Hologram","Go for the Eyes+1","Compile Driver","Auto Shields","FTL","Loop+1","Reboot","Steam+1","Capacitor+1","Beam Cell+1","Seek+1","Defragment+1","Cold Snap+1","Core Surge","Lockon","Mayhem+1","Dodge and Roll+1","Steam+1","Aggregate+1","Defragment+1","Storm","Power Through+1"],"relics":["FrozenCore","Frozen Eye","Symbiotic Virus","Kunai","Art of War","Membership Card","SacredBark","Potion Belt","InkBottle","Omamori","Pantograph","PrismaticShard","Peace Pipe","Bottled Tornado","Toxic Egg 2","DollysMirror"],"acts_visited":["Exordium","TheCity","TheBeyond"],"potions_floor_usage":[21,28,38,38,38,42,50,50,50,50,50],"damage_taken":[{"damage":0,"enemies":"Jaw Worm","floor":1,"turns":2},{"damage":0,"enemies":"Cultist","floor":3,"turns":2},{"damage":0,"enemies":"2 Louse","floor":5,"turns":2},{"damage":4,"enemies":"Gremlin Nob","floor":6,"turns":3},{"damage":0,"enemies":"3 Sentries","floor":8,"turns":5},{"damage":8,"enemies":"Gremlin Gang","floor":10,"turns":2},{"damage":0,"enemies":"2 Fungi Beasts","floor":12,"turns":3},{"damage":0,"enemies":"3 Louse","floor":13,"turns":2},{"damage":0,"enemies":"Slime Boss","floor":16,"turns":5},{"damage":0,"enemies":"Chosen","floor":18,"turns":3},{"damage":0,"enemies":"Shell Parasite","floor":19,"turns":5},{"damage":0,"enemies":"3 Cultists","floor":20,"turns":6},{"damage":2,"enemies":"Snake Plant","floor":21,"turns":3},{"damage":9,"enemies":"Chosen and Byrds","floor":22,"turns":5},{"damage":18,"enemies":"Slavers","floor":24,"turns":4},{"damage":9,"enemies":"3 Cultists","floor":27,"turns":5},{"damage":12,"enemies":"Centurion and Healer","floor":28,"turns":3},{"damage":19,"enemies":"Champ","floor":33,"turns":8},{"damage":0,"enemies":"Orb Walker","floor":35,"turns":4},{"damage":10,"enemies":"2 Orb Walkers","floor":38,"turns":5},{"damage":2,"enemies":"3 Shapes","floor":42,"turns":5},{"damage":0,"enemies":"Maw","floor":44,"turns":7},{"damage":6,"enemies":"4 Shapes","floor":45,"turns":5},{"damage":4,"enemies":"Jaw Worm Horde","floor":48,"turns":5},{"damage":3,"enemies":"Donu and Deca","floor":50,"turns":6}],"seed_played":"4580661739168851385","potions_obtained":[{"floor":3,"key":"PowerPotion"},{"floor":10,"key":"Weak Potion"},{"floor":16,"key":"FocusPotion"},{"floor":24,"key":"EntropicBrew"},{"floor":33,"key":"Block Potion"},{"floor":48,"key":"EssenceOfSteel"}],"is_trial":false,"path_per_floor":["M","?","M","?","M","E","R","E","T","M","R","M","M","$","R","B",null,"M","M","M","M","M","R","E","?","T","M","M","?","R","?","R","B",null,"M","?","$","?","$","?","R","M","T","M","M","R","$","M","R","B",null],"character_chosen":"DEFECT","items_purchased":["Loop","Membership Card","PrismaticShard","Lockon","Mayhem","Bottled Tornado","DollysMirror","Storm"],"campfire_rested":3,"item_purchase_floors":[14,14,37,37,37,39,47,47],"current_hp_per_floor":[73,72,71,70,69,65,65,65,65,57,57,57,57,57,57,57,57,56,55,54,52,43,43,25,25,25,16,4,4,17,17,29,23,40,39,38,37,27,27,27,27,25,25,25,19,26,25,21,21,20],"gold":15,"neow_bonus":"","is_daily":true,"chose_seed":false,"campfire_upgraded":6,"win_rate":0.0,"timestamp":1608093154,"path_taken":["M","?","?","?","M","E","R","E","T","M","R","M","M","$","R","BOSS","M","M","M","M","?","R","E","?","T","M","M","?","R","?","R","BOSS","M","?","$","?","$","?","R","M","T","M","M","R","?","M","R","BOSS"],"items_purchased_type":["Card","Relic","Relic","Card","Card","Relic","Relic","Card"],"build_version":"2020-12-13","purchased_purges":0,"victory":true,"max_hp_per_floor":[73,72,71,70,69,68,67,66,65,64,63,62,61,60,59,58,57,56,55,54,53,52,51,50,49,48,47,46,45,44,43,42,41,40,39,38,37,36,35,32,31,30,29,28,27,26,25,24,23,22],"card_choices":[{"not_picked":["Hello World","Consume"],"picked":"Cold Snap","floor":1},{"not_picked":["Leap","Ball Lightning"],"picked":"Conserve Battery","floor":3},{"not_picked":["Fusion","Steam"],"picked":"Hologram","floor":5},{"not_picked":["Redo","Static Discharge"],"picked":"Go for the Eyes","floor":6},{"not_picked":["Chaos","Undo"],"picked":"Compile Driver","floor":8},{"not_picked":["Force Field","Darkness"],"picked":"Auto Shields","floor":10},{"not_picked":["Beam Cell","Auto Shields"],"picked":"FTL","floor":12},{"not_picked":["Streamline","Beam Cell","Consume"],"picked":"SKIP","floor":13},{"not_picked":["Hyperbeam","Rainbow"],"picked":"Reboot","floor":16},{"not_picked":["Hologram","Beam Cell","Rebound"],"picked":"SKIP","floor":18},{"not_picked":["Thunder Strike","Leap"],"picked":"Steam+1","floor":19},{"not_picked":["Aggregate+1","Force Field+1"],"picked":"Capacitor","floor":20},{"not_picked":["White Noise","Double Energy"],"picked":"Beam Cell+1","floor":21},{"not_picked":["Skim","Barrage","Darkness"],"picked":"SKIP","floor":22},{"not_picked":["Sweeping Beam","Hologram"],"picked":"Seek","floor":24},{"not_picked":["Ball Lightning+1","Steam+1"],"picked":"Defragment+1","floor":27},{"not_picked":["Doom and Gloom","Sweeping Beam"],"picked":"Cold Snap+1","floor":28},{"not_picked":["Meteor Strike","Seek"],"picked":"Core Surge","floor":33},{"not_picked":["Sweeping Beam","Redo+1","Coolheaded+1"],"picked":"SKIP","floor":35},{"not_picked":["Sweeping Beam+1","PathToVictory"],"picked":"Dodge and Roll+1","floor":38},{"not_picked":["Flying Knee","Go for the Eyes","Gash+1"],"picked":"SKIP","floor":42},{"not_picked":["Havoc+1","Leap+1"],"picked":"Steam+1","floor":44},{"not_picked":["Double Tap+1","Flex+1"],"picked":"Aggregate+1","floor":45},{"not_picked":["Bouncing Flask+1","ThirdEye+1"],"picked":"Power Through+1","floor":48}],"player_experience":2375397,"relics_obtained":[{"floor":6,"key":"Symbiotic Virus"},{"floor":8,"key":"Kunai"},{"floor":9,"key":"Art of War"},{"floor":24,"key":"Potion Belt"},{"floor":26,"key":"Omamori"},{"floor":38,"key":"Peace Pipe"},{"floor":43,"key":"Toxic Egg 2"}],"event_choices":[{"cards_removed":["Darkness"],"damage_healed":0,"gold_gain":0,"player_choice":"Card Removal","damage_taken":0,"max_hp_gain":0,"max_hp_loss":0,"event_name":"Wheel of Change","floor":2,"gold_loss":0},{"cards_removed":["Coolheaded"],"damage_healed":0,"gold_gain":0,"player_choice":"Purged","damage_taken":0,"max_hp_gain":0,"max_hp_loss":0,"event_name":"Purifier","floor":4,"gold_loss":0},{"damage_healed":0,"gold_gain":0,"player_choice":"Opened","damage_taken":0,"relics_obtained":["InkBottle"],"max_hp_gain":0,"max_hp_loss":0,"event_name":"The Mausoleum","floor":25,"gold_loss":0,"cards_obtained":["Writhe"]},{"cards_removed":["Writhe"],"damage_healed":0,"gold_gain":0,"player_choice":"Elegance","damage_taken":0,"max_hp_gain":0,"max_hp_loss":0,"event_name":"Back to Basics","floor":29,"gold_loss":0},{"damage_healed":0,"gold_gain":0,"player_choice":"Obtained Relic","damage_taken":0,"relics_obtained":["Pantograph"],"max_hp_gain":0,"max_hp_loss":0,"event_name":"Addict","floor":31,"gold_loss":85},{"damage_healed":0,"gold_gain":0,"player_choice":"Ignored","damage_taken":0,"max_hp_gain":0,"max_hp_loss":0,"event_name":"Tomb of Lord Red Mask","floor":36,"gold_loss":0},{"damage_healed":0,"gold_gain":0,"player_choice":"Fight","damage_taken":0,"max_hp_gain":0,"max_hp_loss":0,"event_name":"Mysterious Sphere","floor":38,"gold_loss":0},{"damage_healed":0,"gold_gain":0,"player_choice":"Max HP","damage_taken":0,"max_hp_gain":0,"max_hp_loss":2,"event_name":"Winding Halls","floor":40,"gold_loss":0}],"is_beta":false,"boss_relics":[{"not_picked":["Philosopher\u0027s Stone","Astrolabe"],"picked":"SacredBark"},{"not_picked":["Fusion Hammer","Empty Cage"],"picked":"FrozenCore"}],"items_purged_floors":[],"is_endless":false,"potions_floor_spawned":[3,10,16,18,19,24,33,38,48],"ascension_level":0}}