{"host":"e73i1h3j8sub0lkx","time":1608158087,"event":{"mods":["BaseMod","Downfall","Minty Spire (QoL Compilation)","Quick Restart","Small Relic Pack","StSLib","Trackpad"],"gold_per_floor":[99,124,182,182,182,182,206,220,254,254,254,254,265,285,298,394,394,319,20,120,138,138,172,172,201,228,228,243,153,153,227,242,344,344,269,269,184,197,216,47,47,74,74,105,105,120,134,152,169,169],"floor_reached":51,"playtime":8420,"items_purged":["hexamod:Defend","Parasite"],"score":903,"play_id":"e415df32-89a4-44f3-8ee9-acffa48feb80","local_time":"20201216173447","is_ascension_mode":false,"campfire_choices":[{"data":"hexamod:Sear","floor":1,"key":"SMITH"},{"floor":4,"key":"REST"},{"floor":6,"key":"REST"},{"floor":10,"key":"REST"},{"data":"hexamod:NecessarySacrifice","floor":18,"key":"SMITH"},{"floor":27,"key":"RECALL"},{"data":"hexamod:SearingWound","floor":35,"key":"SMITH"},{"data":"expansioncontent:QuickStudy","floor":43,"key":"SMITH"}],"circlet_count":0,"master_deck":["hexamod:Strike","hexamod:Defend","hexamod:Defend","hexamod:Defend","hexamod:Sear+1","hexamod:Float","hexamod:SpectersWail","hexamod:Firestarter","hexamod:NecessarySacrifice+1","hexamod:InspiringFlames","hexamod:PhantomFireball","hexamod:Hexaguard+1","hexamod:HeatShield+1","hexamod:SearingWound+1","hexamod:SoulSteal+1","hexamod:GhostflameBarrier+1","hexamod:Incineration+1","hexamod:HeatMetal","hexamod:VolcanoVisage","hexamod:PhantomCloak+1","hexamod:DynamicBlow","hexamod:UnleashSpirits","expansioncontent:DefensiveStance+1","hexamod:Haunt+1","hexamod:SpectersWail","expansioncontent:QuickStudy+1","Normality","hexamod:ThirdSeal","hexamod:FirstSeal","hexamod:Rewind+1","hexamod:RadiantFlame+1","hexamod:RadiantFlame+1","hexamod:VolcanoVisage+1","hexamod:FourthSeal"],"relics":["hexamod:SpiritBrand","Juzu Bracelet","Pen Nib","Blood Vial","relicPack:DarknessArmor","Cursed Key","downfall:HeartBlessingGreen","hexamod:MatchstickCase","CaptainsWheel","trackpad:ByrdCharm","Bag of Marbles","Letter Opener","Frozen Egg 2","hexamod:TheBrokenSeal","Oddly Smooth Stone","Philosopher\u0027s Stone","downfall:HeartBlessingRed","trackpad:ByrdBGone","Molten Egg 2"],"acts_visited":["Exordium","TheCity","TheBeyond"],"potions_floor_usage":[8,15,50],"damage_taken":[{"damage":18,"enemies":"Lagavulin","floor":2,"turns":8},{"damage":53,"enemies":"3 Sentries","floor":3,"turns":11},{"damage":0,"enemies":"Small Slimes","floor":8,"turns":2},{"damage":41,"enemies":"3 Sentries","floor":9,"turns":10},{"damage":0,"enemies":"2 Louse","floor":13,"turns":2},{"damage":1,"enemies":"Jaw Worm","floor":14,"turns":2},{"damage":3,"enemies":"Exordium Thugs","floor":15,"turns":4},{"damage":35,"enemies":"downfall:Watcher","floor":16,"turns":12},{"damage":0,"enemies":"downfall:FleeingMerchant","floor":19,"turns":4},{"damage":15,"enemies":"downfall:Ironclad","floor":20,"turns":8},{"damage":2,"enemies":"Chosen","floor":21,"turns":6},{"damage":34,"enemies":"Book of Stabbing","floor":23,"turns":7},{"damage":0,"enemies":"Gremlin Leader","floor":25,"turns":5},{"damage":21,"enemies":"Snake Plant","floor":26,"turns":6},{"damage":0,"enemies":"Cultist and Chosen","floor":28,"turns":3},{"damage":0,"enemies":"downfall:FleeingMerchant","floor":29,"turns":4},{"damage":0,"enemies":"downfall:FleeingMerchant","floor":31,"turns":4},{"damage":0,"enemies":"Centurion and Healer","floor":32,"turns":5},{"damage":0,"enemies":"downfall:Defect","floor":33,"turns":6},{"damage":5,"enemies":"3 Shapes","floor":38,"turns":3},{"damage":0,"enemies":"Orb Walker","floor":39,"turns":2},{"damage":1,"enemies":"Nemesis","floor":42,"turns":5},{"damage":8,"enemies":"Reptomancer","floor":44,"turns":6},{"damage":3,"enemies":"Writhing Mass","floor":46,"turns":5},{"damage":0,"enemies":"Spire Growth","floor":47,"turns":5},{"damage":14,"enemies":"3 Darklings","floor":48,"turns":4},{"damage":0,"enemies":"Writhing Mass","floor":49,"turns":4},{"damage":43,"enemies":"downfall:Silent","floor":50,"turns":9}],"seed_played":"7103470669313085335","potions_obtained":[{"floor":2,"key":"Fire Potion"},{"floor":9,"key":"FearPotion"},{"floor":13,"key":"LiquidMemories"},{"floor":21,"key":"Ancient Potion"},{"floor":25,"key":"Guardian:BlockOnCardUsePotion"},{"floor":26,"key":"EssenceOfSteel"}],"is_trial":false,"path_per_floor":["R","E","?","R","?","R","T","M","E","R","?","?","M","M","M","B",null,"R","$","?","M","?","E","T","E","M","R","M","$","?","$","M","B",null,"R","?","$","M","M","$","T","E","R","E","?","M","M","M","M","B",null],"character_chosen":"THE_SPIRIT","items_purchased":["hexamod:MatchstickCase","hexamod:SearingWound","Oddly Smooth Stone","expansioncontent:DefensiveStance+1","expansioncontent:QuickStudy"],"campfire_rested":3,"item_purchase_floors":[19,19,31,37,40],"current_hp_per_floor":[77,59,6,29,29,52,52,54,15,38,38,38,40,41,47,21,77,77,77,69,76,76,50,50,59,80,80,82,84,67,69,71,73,89,89,89,89,84,86,86,86,87,87,81,81,87,89,82,89,46],"gold":169,"neow_bonus":"TEN_PERCENT_HP_BONUS","is_daily":false,"chose_seed":false,"campfire_upgraded":4,"win_rate":0.0,"timestamp":1608158087,"path_taken":["R","E","?","R","?","R","T","M","E","R","?","?","M","M","M","BOSS","R","$","?","M","?","E","T","E","M","R","M","?","?","$","M","BOSS","R","?","?","M","M","$","T","E","R","E","?","M","M","M","M","BOSS"],"items_purchased_type":["Relic","Card","Relic","Card","Card"],"build_version":"2020-12-13","purchased_purges":2,"victory":true,"max_hp_per_floor":[77,77,77,77,77,77,77,77,77,77,77,77,77,77,77,77,77,77,77,77,77,77,77,77,77,87,87,87,87,92,89,89,89,89,89,89,89,89,89,89,89,89,89,89,89,89,89,89,89,89],"card_choices":[{"not_picked":["hexamod:Again","hexamod:EmpoweredFlame"],"picked":"hexamod:SpectersWail","floor":2},{"not_picked":["hexamod:HauntingEcho","hexamod:NightmareGuise"],"picked":"hexamod:Firestarter","floor":3},{"not_picked":["hexamod:GhostShield","hexamod:SwordOfDarkness"],"picked":"hexamod:NecessarySacrifice","floor":8},{"not_picked":["hexamod:GhostOfSpireFuture","hexamod:GhostOfSpirePresent"],"picked":"hexamod:InspiringFlames","floor":9},{"not_picked":["hexamod:BurningTouch","hexamod:GhostShield"],"picked":"hexamod:PhantomFireball","floor":13},{"not_picked":["hexamod:BurningTouch","hexamod:AdvancingGuard"],"picked":"hexamod:FirstSeal","floor":14},{"not_picked":["hexamod:GhostLash","hexamod:NightmareStrike"],"picked":"hexamod:Hexaguard","floor":15},{"not_picked":["hexamod:VolcanoVisage","hexamod:WildfireWeapon"],"picked":"hexamod:FifthSeal","floor":16},{"not_picked":["hexamod:FourthSeal","hexamod:FirstSeal"],"picked":"hexamod:ThirdSeal","floor":19},{"not_picked":["hexamod:GhostLash","hexamod:BacktrackSmack"],"picked":"hexamod:HeatShield","floor":19},{"not_picked":["hexamod:FourthSeal","hexamod:ThirdSeal"],"picked":"hexamod:SecondSeal","floor":20},{"not_picked":["hexamod:BacktrackSmack+1","hexamod:BurningTouch"],"picked":"hexamod:SoulSteal+1","floor":20},{"not_picked":["hexamod:BacktrackSmack+1","hexamod:ThirdSeal"],"picked":"hexamod:GhostflameBarrier","floor":20},{"not_picked":["hexamod:CrushingStance","hexamod:AdvancingGuard"],"picked":"hexamod:Incineration+1","floor":21},{"not_picked":["hexamod:SecondSeal","hexamod:ThirdSeal"],"picked":"hexamod:SixthSeal","floor":21},{"not_picked":["hexamod:Firestarter","hexamod:NightmareStrike+1"],"picked":"hexamod:HeatMetal","floor":21},{"not_picked":["hexamod:ThirdSeal","hexamod:FirstSeal"],"picked":"hexamod:FourthSeal","floor":23},{"not_picked":["hexamod:InspiringFlames+1","hexamod:SecondSeal"],"picked":"hexamod:VolcanoVisage","floor":23},{"not_picked":["hexamod:FourthSeal","hexamod:InspiringFlames+1","hexamod:AdvancingGuard"],"picked":"SKIP","floor":23},{"not_picked":["hexamod:GhostOfSpirePresent+1","hexamod:NightmareStrike+1"],"picked":"hexamod:PhantomCloak+1","floor":25},{"not_picked":["hexamod:Firestarter","hexamod:GhostLash","hexamod:AdvancingGuard+1"],"picked":"SKIP","floor":26},{"not_picked":["hexamod:BacktrackSmack+1","hexamod:InspiringFlames","hexamod:GhostLash"],"picked":"SKIP","floor":28},{"not_picked":["hexamod:FastForward","hexamod:GhostLash"],"picked":"hexamod:DynamicBlow","floor":29},{"not_picked":["hexamod:GhostShield+1","hexamod:BacktrackSmack","hexamod:SwordOfDarkness"],"picked":"SKIP","floor":31},{"not_picked":["hexamod:HauntingEcho","hexamod:Firestarter","hexamod:RainOfEmbers"],"picked":"SKIP","floor":32},{"not_picked":["hexamod:CrushingStance","hexamod:TurnItUp"],"picked":"hexamod:UnleashSpirits","floor":33},{"not_picked":["hexamod:InspiringFlames+1","hexamod:HauntingEcho"],"picked":"hexamod:Haunt+1","floor":38},{"not_picked":["hexamod:BurningTouch","hexamod:Firestarter"],"picked":"hexamod:SpectersWail","floor":39},{"not_picked":["hexamod:GhostShield","hexamod:BurningTouch+1"],"picked":"hexamod:ThirdSeal","floor":42},{"not_picked":["hexamod:ThirdSeal","hexamod:HeatMetal+1"],"picked":"hexamod:FirstSeal","floor":44},{"not_picked":["hexamod:SpectersWail+1","hexamod:DynamicBlow+1"],"picked":"hexamod:Rewind+1","floor":44},{"not_picked":["hexamod:NightmareGuise+1","hexamod:TimeOfNeed"],"picked":"hexamod:RadiantFlame+1","floor":46},{"not_picked":["hexamod:FastForward","hexamod:Firestarter+1","hexamod:SwordOfDarkness+1"],"picked":"SKIP","floor":46},{"not_picked":["hexamod:GhostflameBarrier","hexamod:NightmareGuise","hexamod:Hexaguard"],"picked":"SKIP","floor":47},{"not_picked":["hexamod:CatchUp","hexamod:GhostLash+1","hexamod:ShieldOfDarkness"],"picked":"SKIP","floor":47},{"not_picked":["hexamod:HeatMetal+1","hexamod:GhostLash+1"],"picked":"hexamod:RadiantFlame+1","floor":48},{"not_picked":["hexamod:NightmareGuise+1","hexamod:Firestarter+1"],"picked":"hexamod:VolcanoVisage+1","floor":48},{"not_picked":["hexamod:ShieldOfDarkness","hexamod:SpectersWail+1"],"picked":"hexamod:FourthSeal","floor":49}],"player_experience":478793,"relics_obtained":[{"floor":2,"key":"Juzu Bracelet"},{"floor":3,"key":"Pen Nib"},{"floor":7,"key":"Blood Vial"},{"floor":9,"key":"relicPack:DarknessArmor"},{"floor":20,"key":"CaptainsWheel"},{"floor":20,"key":"trackpad:ByrdCharm"},{"floor":23,"key":"Bag of Marbles"},{"floor":24,"key":"Letter Opener"},{"floor":25,"key":"Frozen Egg 2"},{"floor":42,"key":"trackpad:ByrdBGone"},{"floor":44,"key":"Molten Egg 2"}],"event_choices":[{"cards_removed":["hexamod:Strike"],"damage_healed":0,"gold_gain":0,"player_choice":"Forget","damage_taken":0,"max_hp_gain":0,"max_hp_loss":0,"event_name":"Living Wall","floor":5,"gold_loss":0},{"cards_removed":["hexamod:Strike"],"damage_healed":0,"gold_gain":0,"player_choice":"Card Removal","damage_taken":0,"max_hp_gain":0,"max_hp_loss":0,"event_name":"Wheel of Change","floor":36,"gold_loss":0}],"is_beta":false,"boss_relics":[{"not_picked":["Busted Crown","Pandora\u0027s Box"],"picked":"Cursed Key"},{"not_picked":["Velvet Choker","Calling Bell"],"picked":"Philosopher\u0027s Stone"}],"items_purged_floors":[29,31],"is_endless":false,"potions_floor_spawned":[2,9,13,21,26,28,32,33,42,44,46,47,48],"ascension_level":0}}