{"host":"3t6uby4o5waaq95r","time":1608151123,"event":{"mods":["AchievementEnabler","BaseMod","Bestiary","Colored Map","Highlight Path","Minty Spire (QoL Compilation)","Permanent Neow","Quick Restart","Random Character Button","SuperFastMode"],"gold_per_floor":[114,133,133,148,73,73,106,126,176,209,239,251,283,305,317,434,446,472,502,81,128,138,138,88,122,122,122,122,122,150,161,161,261,261,280,280,298,349,360,151,151,181,181,40,66,66,91,141,141,141],"floor_reached":51,"playtime":3278,"items_purged":["Shame","Searing Blow","Bash","Perfected Strike+1","Dual Wield+1"],"score":833,"play_id":"2483ef4f-ef60-4b7a-be77-b5465b735800","local_time":"20201216143843","is_ascension_mode":false,"campfire_choices":[{"data":"Iron Wave","floor":6,"key":"SMITH"},{"data":"Armaments","floor":15,"key":"SMITH"},{"data":"True Grit","floor":23,"key":"SMITH"},{"floor":27,"key":"REST"},{"data":"Havoc","floor":29,"key":"SMITH"},{"floor":32,"key":"REST"},{"data":"Body Slam","floor":41,"key":"SMITH"},{"data":"Evolve","floor":46,"key":"SMITH"},{"floor":49,"key":"REST"}],"circlet_count":0,"master_deck":["Master of Strategy","Shrug It Off+1","Burning Pact","Iron Wave+1","Fiend Fire","Armaments+1","Body Slam+1","Seeing Red","Flame Barrier","Barricade","Pommel Strike","Immolate","Clash","Shrug It Off","Corruption","Evolve","Combust+1","Iron Wave","Havoc+1","True Grit+1","Reckless Charge","Shockwave","Limit Break","Reaper","Bludgeon+1","Armaments+1","Jack Of All Trades","Master of Strategy","Jack Of All Trades","Pummel","Clash+1","Carnage+1","Warcry","Evolve+1","Reckless Charge","Finesse","Exhume","Body Slam"],"relics":["Burning Blood","Kunai","Smiling Mask","MawBank","Pandora\u0027s Box","Charon\u0027s Ashes","Vajra","MealTicket","Ancient Tea Set","HornCleat","Regal Pillow","Astrolabe","Lizard Tail","Orichalcum","Eternal Feather","Bottled Tornado","Bag of Marbles","CaptainsWheel"],"acts_visited":["Exordium","TheCity","TheBeyond"],"potions_floor_usage":[16,22,39,50],"damage_taken":[{"damage":6,"enemies":"Cultist","floor":1,"turns":3},{"damage":5,"enemies":"Small Slimes","floor":2,"turns":4},{"damage":0,"enemies":"2 Louse","floor":4,"turns":4},{"damage":21,"enemies":"Gremlin Nob","floor":7,"turns":5},{"damage":5,"enemies":"2 Fungi Beasts","floor":8,"turns":4},{"damage":38,"enemies":"Lagavulin","floor":10,"turns":8},{"damage":3,"enemies":"Looter","floor":11,"turns":3},{"damage":8,"enemies":"Large Slime","floor":13,"turns":6},{"damage":2,"enemies":"3 Louse","floor":14,"turns":4},{"damage":17,"enemies":"The Guardian","floor":16,"turns":11},{"damage":8,"enemies":"Spheric Guardian","floor":18,"turns":4},{"damage":33,"enemies":"Shell Parasite","floor":19,"turns":5},{"damage":13,"enemies":"Chosen and Byrds","floor":22,"turns":3},{"damage":20,"enemies":"Slavers","floor":25,"turns":2},{"damage":13,"enemies":"Gremlin Leader","floor":30,"turns":4},{"damage":13,"enemies":"Centurion and Healer","floor":31,"turns":3},{"damage":0,"enemies":"Champ","floor":33,"turns":13},{"damage":9,"enemies":"3 Shapes","floor":35,"turns":3},{"damage":18,"enemies":"3 Darklings","floor":37,"turns":5},{"damage":49,"enemies":"2 Orb Walkers","floor":38,"turns":5},{"damage":1,"enemies":"4 Shapes","floor":39,"turns":1},{"damage":15,"enemies":"Nemesis","floor":42,"turns":5},{"damage":24,"enemies":"Reptomancer","floor":45,"turns":4},{"damage":37,"enemies":"Giant Head","floor":47,"turns":8},{"damage":2,"enemies":"Mind Bloom Boss Battle","floor":48,"turns":4},{"damage":64,"enemies":"Awakened One","floor":50,"turns":11}],"seed_played":"-3928392794833281268","potions_obtained":[{"floor":2,"key":"Dexterity Potion"},{"floor":7,"key":"ElixirPotion"},{"floor":11,"key":"DuplicationPotion"},{"floor":12,"key":"PowerPotion"},{"floor":14,"key":"DistilledChaos"},{"floor":16,"key":"Weak Potion"},{"floor":22,"key":"SpeedPotion"},{"floor":42,"key":"GamblersBrew"},{"floor":48,"key":"LiquidBronze"}],"is_trial":false,"path_per_floor":["M","M","?","M","$","R","E","M","T","E","M","?","M","M","R","B",null,"M","M","$","T","M","R","$","E","T","R","?","R","E","M","R","B",null,"M","?","M","?","M","$","R","E","T","$","E","R","E","?","R","B",null],"character_chosen":"IRONCLAD","items_purchased":["Charon\u0027s Ashes","Havoc","True Grit","Warcry","Evolve","Reckless Charge","Finesse"],"campfire_rested":3,"item_purchase_floors":[20,20,20,40,40,40,44],"current_hp_per_floor":[80,80,80,80,80,80,65,66,66,34,37,37,35,39,39,28,80,78,51,51,51,44,44,44,30,30,54,54,54,47,40,79,80,80,80,70,58,27,32,47,47,45,45,60,42,63,46,50,80,22],"gold":141,"neow_bonus":"RANDOM_COLORLESS_2","is_daily":false,"chose_seed":false,"campfire_upgraded":6,"win_rate":0.0,"timestamp":1608151123,"path_taken":["M","M","?","M","$","R","E","M","T","E","?","?","?","M","R","BOSS","M","M","$","?","M","R","$","E","T","R","?","R","E","M","R","BOSS","M","?","M","?","M","$","R","E","T","$","E","R","E","?","R","BOSS"],"items_purchased_type":["Relic","Card","Card","Card","Card","Card","Card"],"build_version":"2020-12-13","purchased_purges":5,"victory":true,"max_hp_per_floor":[80,80,80,80,80,80,80,80,80,80,80,80,80,80,80,80,80,80,80,80,80,80,80,80,80,80,80,80,80,80,80,80,80,80,80,80,80,80,80,80,80,80,80,80,80,80,80,80,80,80],"card_choices":[{"not_picked":["Metamorphosis","Thinking Ahead"],"picked":"Master of Strategy","floor":0},{"not_picked":["Perfected Strike","Rage"],"picked":"Shrug It Off","floor":1},{"not_picked":["Dark Embrace","Wild Strike"],"picked":"Burning Pact","floor":2},{"not_picked":["Heavy Blade","Warcry"],"picked":"Iron Wave","floor":4},{"not_picked":["Headbutt","Cleave"],"picked":"Havoc","floor":7},{"not_picked":["Thunderclap","Hemokinesis"],"picked":"Fiend Fire","floor":8},{"not_picked":["Whirlwind","Pummel"],"picked":"Armaments","floor":10},{"not_picked":["Clothesline","Cleave"],"picked":"Body Slam","floor":11},{"not_picked":["Clash","Perfected Strike"],"picked":"Seeing Red","floor":13},{"not_picked":["Iron Wave","Fire Breathing"],"picked":"Flame Barrier","floor":14},{"not_picked":["Limit Break","Offering"],"picked":"Barricade","floor":16},{"not_picked":["Shrug It Off","Sever Soul+1"],"picked":"Combust+1","floor":18},{"not_picked":["Clothesline","Sword Boomerang"],"picked":"Iron Wave","floor":19},{"not_picked":["Headbutt","Body Slam"],"picked":"Reckless Charge","floor":22},{"not_picked":["Carnage","Sever Soul"],"picked":"Shockwave","floor":25},{"not_picked":["Sword Boomerang+1","Whirlwind"],"picked":"Limit Break","floor":30},{"not_picked":["Dual Wield","Whirlwind","Sever Soul"],"picked":"SKIP","floor":31},{"not_picked":["Corruption","Berserk"],"picked":"Reaper","floor":33},{"not_picked":["Metallicize","Rampage+1"],"picked":"Armaments+1","floor":35},{"not_picked":["Flash of Steel","Purity"],"picked":"Jack Of All Trades","floor":36},{"not_picked":["Mayhem","Forethought"],"picked":"Master of Strategy","floor":36},{"not_picked":["Apotheosis","Mayhem"],"picked":"Jack Of All Trades","floor":36},{"not_picked":["Twin Strike","Flame Barrier"],"picked":"Pummel","floor":37},{"not_picked":["Battle Trance+1","Armaments"],"picked":"Clash+1","floor":38},{"not_picked":["Flame Barrier","Cleave+1"],"picked":"Carnage+1","floor":39},{"not_picked":["Sever Soul","Barricade","Searing Blow+1"],"picked":"SKIP","floor":42},{"not_picked":["Anger+1","True Grit+1"],"picked":"Exhume","floor":45},{"not_picked":["Rupture+1","Havoc+1","Hemokinesis"],"picked":"SKIP","floor":47},{"not_picked":["Clash+1","Headbutt"],"picked":"Body Slam","floor":48}],"player_experience":759031,"relics_obtained":[{"floor":7,"key":"Kunai"},{"floor":9,"key":"Smiling Mask"},{"floor":10,"key":"MawBank"},{"floor":21,"key":"Vajra"},{"floor":25,"key":"MealTicket"},{"floor":26,"key":"Ancient Tea Set"},{"floor":30,"key":"Regal Pillow"},{"floor":38,"key":"Lizard Tail"},{"floor":42,"key":"Orichalcum"},{"floor":43,"key":"Eternal Feather"},{"floor":45,"key":"Bottled Tornado"},{"floor":47,"key":"Bag of Marbles"},{"floor":48,"key":"CaptainsWheel"}],"event_choices":[{"damage_healed":0,"gold_gain":0,"player_choice":"Upgraded","damage_taken":0,"max_hp_gain":0,"max_hp_loss":0,"event_name":"Upgrade Shrine","floor":3,"gold_loss":0,"cards_upgraded":["Shrug It Off"]},{"damage_healed":0,"gold_gain":0,"player_choice":"Got Potions","damage_taken":0,"max_hp_gain":0,"max_hp_loss":0,"event_name":"Lab","floor":12,"gold_loss":0},{"damage_healed":0,"gold_gain":0,"player_choice":"Opened","damage_taken":0,"relics_obtained":["HornCleat"],"max_hp_gain":0,"max_hp_loss":0,"event_name":"The Mausoleum","floor":28,"gold_loss":0},{"damage_healed":0,"gold_gain":0,"player_choice":"Memory 3","damage_taken":10,"max_hp_gain":0,"max_hp_loss":0,"event_name":"SensoryStone","floor":36,"gold_loss":0},{"damage_healed":0,"gold_gain":0,"player_choice":"Fight","damage_taken":0,"max_hp_gain":0,"max_hp_loss":0,"event_name":"Mysterious Sphere","floor":38,"gold_loss":0},{"damage_healed":0,"gold_gain":0,"player_choice":"Fight","damage_taken":0,"max_hp_gain":0,"max_hp_loss":0,"event_name":"MindBloom","floor":48,"gold_loss":0}],"is_beta":false,"boss_relics":[{"not_picked":["Busted Crown","Cursed Key"],"picked":"Pandora\u0027s Box"},{"not_picked":["Black Blood","SacredBark"],"picked":"Astrolabe"}],"items_purged_floors":[5,20,24,40,44],"is_endless":false,"potions_floor_spawned":[2,7,11,13,14,16,22,25,31,38,42,48],"ascension_level":0}}