{"host":"vxxgntm1odai56nh","time":1608149158,"event":{"mods":["AchievementEnabler","BaseMod","Colored Map","Colored Powertips","Highlight Path","Minty Spire (QoL Compilation)","Permanent Neow","Rare Cards Sparkle","Relic Stats","StSLib"],"gold_per_floor":[109,109,120,45,45,75,75,101,101,101,1,24,51,226,226,325,325,337,39,53,53,53,53],"floor_reached":22,"playtime":1263,"items_purged":["Strike_R","Defend_R"],"score":228,"play_id":"c4d744ee-437b-4286-b66f-99ed23f2221f","local_time":"20201216150558","is_ascension_mode":true,"campfire_choices":[{"data":"Armaments","floor":7,"key":"SMITH"},{"data":"Perfected Strike","floor":10,"key":"SMITH"},{"data":"Bash","floor":15,"key":"SMITH"}],"circlet_count":0,"master_deck":["Strike_R","Strike_R","Strike_R","Strike_R","Defend_R","Defend_R","Defend_R","Bash+1","Armaments+1","Cleave","Reaper","Perfected Strike+1","Ghostly Armor","Dropkick","Doubt","Barricade+1","Fire Breathing+1","Whirlwind"],"relics":["Burning Blood","White Beast Statue","Happy Flower","Frozen Egg 2","Odd Mushroom","MealTicket","Fusion Hammer","Bag of Marbles","ClockworkSouvenir","Nilry\u0027s Codex"],"acts_visited":["Exordium","TheCity"],"potions_floor_usage":[6,8,12,12,16,18,18,20],"damage_taken":[{"damage":6,"enemies":"2 Louse","floor":1,"turns":4},{"damage":1,"enemies":"Cultist","floor":3,"turns":3},{"damage":19,"enemies":"3 Sentries","floor":6,"turns":7},{"damage":39,"enemies":"Lagavulin","floor":8,"turns":8},{"damage":19,"enemies":"The Mushroom Lair","floor":12,"turns":4},{"damage":20,"enemies":"3 Sentries","floor":13,"turns":7},{"damage":44,"enemies":"The Guardian","floor":16,"turns":12},{"damage":57,"enemies":"3 Byrds","floor":18,"turns":8},{"damage":6,"enemies":"2 Thieves","floor":20,"turns":3},{"damage":118,"enemies":"Cultist and Chosen","floor":22,"turns":6}],"seed_played":"8624304174166750604","potions_obtained":[{"floor":0,"key":"BloodPotion"},{"floor":0,"key":"EssenceOfSteel"},{"floor":0,"key":"CultistPotion"},{"floor":2,"key":"AttackPotion"},{"floor":2,"key":"HeartOfIron"},{"floor":2,"key":"ColorlessPotion"},{"floor":8,"key":"SkillPotion"},{"floor":12,"key":"SpeedPotion"},{"floor":13,"key":"SkillPotion"},{"floor":16,"key":"EssenceOfSteel"},{"floor":18,"key":"LiquidMemories"},{"floor":20,"key":"FairyPotion"}],"is_trial":false,"path_per_floor":["M","?","M","$","?","E","R","E","T","R","$","?","E","?","R","B",null,"M","$","M","?","M"],"character_chosen":"IRONCLAD","items_purchased":["Bag of Marbles","ClockworkSouvenir"],"campfire_rested":0,"item_purchase_floors":[19,19],"current_hp_per_floor":[80,80,80,80,85,72,72,45,45,45,45,44,40,40,40,8,85,40,55,59,43,0,0],"gold":53,"neow_bonus":"THREE_SMALL_POTIONS","is_daily":false,"chose_seed":false,"campfire_upgraded":3,"win_rate":0.0,"timestamp":1608149158,"path_taken":["M","?","?","$","?","E","R","E","T","R","$","?","E","?","R","BOSS","M","$","M","?","M"],"items_purchased_type":["Relic","Relic"],"build_version":"2020-12-13","purchased_purges":2,"victory":false,"max_hp_per_floor":[80,80,80,80,85,85,85,85,85,85,85,85,85,85,85,85,85,85,85,85,85,85,85],"relic_stats":{"Happy Flower":[13],"counters":[10,62],"MealTicket":15,"obtain_stats":[{"Happy Flower":8,"Nilry\u0027s Codex":21,"MealTicket":13,"Fusion Hammer":17,"Bag of Marbles":19,"Frozen Egg 2":9,"Odd Mushroom":12,"Burning Blood":0,"White Beast Statue":6,"ClockworkSouvenir":19},{"Happy Flower":4,"Nilry\u0027s Codex":9,"MealTicket":6,"Fusion Hammer":7,"Bag of Marbles":8,"Frozen Egg 2":4,"Odd Mushroom":5,"Burning Blood":0,"White Beast Statue":3,"ClockworkSouvenir":8},{"Happy Flower":22,"Nilry\u0027s Codex":56,"MealTicket":33,"Fusion Hammer":45,"Bag of Marbles":53,"Frozen Egg 2":22,"Odd Mushroom":26,"Burning Blood":0,"White Beast Statue":14,"ClockworkSouvenir":53}],"Burning Blood":49},"card_choices":[{"not_picked":["Flex","Sword Boomerang"],"picked":"Armaments","floor":1},{"not_picked":["Sentinel","Flex"],"picked":"Cleave","floor":3},{"not_picked":["Iron Wave","Infernal Blade"],"picked":"Reaper","floor":6},{"not_picked":["Sever Soul","Combust"],"picked":"Perfected Strike","floor":8},{"not_picked":["Shrug It Off","Pummel"],"picked":"Ghostly Armor","floor":12},{"not_picked":["Iron Wave","Sword Boomerang"],"picked":"Dropkick","floor":13},{"not_picked":["Exhume","Impervious"],"picked":"Barricade+1","floor":16},{"not_picked":["Clothesline","Anger"],"picked":"Fire Breathing+1","floor":18},{"not_picked":["Havoc","Pommel Strike"],"picked":"Whirlwind","floor":20}],"player_experience":110954,"relics_obtained":[{"floor":6,"key":"White Beast Statue"},{"floor":8,"key":"Happy Flower"},{"floor":9,"key":"Frozen Egg 2"},{"floor":12,"key":"Odd Mushroom"},{"floor":13,"key":"MealTicket"},{"floor":21,"key":"Nilry\u0027s Codex"}],"event_choices":[{"damage_healed":0,"gold_gain":0,"player_choice":"Got Potions","damage_taken":0,"max_hp_gain":0,"max_hp_loss":0,"event_name":"Lab","floor":2,"gold_loss":0},{"damage_healed":0,"gold_gain":0,"player_choice":"Donut","damage_taken":0,"max_hp_gain":5,"max_hp_loss":0,"event_name":"Big Fish","floor":5,"gold_loss":0},{"damage_healed":0,"gold_gain":0,"player_choice":"Fought Mushrooms","damage_taken":0,"max_hp_gain":0,"max_hp_loss":0,"event_name":"Mushrooms","floor":12,"gold_loss":0},{"damage_healed":0,"gold_gain":175,"player_choice":"AGREE","damage_taken":0,"max_hp_gain":0,"max_hp_loss":0,"event_name":"Liars Game","floor":14,"gold_loss":0,"cards_obtained":["Doubt"]},{"damage_healed":0,"gold_gain":0,"player_choice":"Obtained Book","damage_taken":16,"max_hp_gain":0,"max_hp_loss":0,"event_name":"Cursed Tome","floor":21,"gold_loss":0}],"is_beta":false,"boss_relics":[{"not_picked":["Cursed Key","SacredBark"],"picked":"Fusion Hammer"}],"items_purged_floors":[4,11],"is_endless":false,"potions_floor_spawned":[3,8,12,13,16,18,20],"killed_by":"Cultist and Chosen","ascension_level":3}}