{"host":"ly20tmf9be7b85hl","time":1608135838,"event":{"mods":["BaseMod","Colored Map","Keyboard Shortcuts","Minty Spire (QoL Compilation)","Permanent Neow","Quick Restart","SuperFastMode"],"gold_per_floor":[117,130,150,150,165,465,465,465,465,481,501,501,520,22,22,22,22],"floor_reached":16,"playtime":271,"items_purged":["Strike_R"],"score":188,"play_id":"842e823e-a10e-42a0-928b-7d92115127d0","local_time":"20201217012358","is_ascension_mode":true,"campfire_choices":[{"floor":6.0,"key":"DIG"},{"floor":8.0,"key":"DIG"},{"floor":12.0,"key":"DIG"},{"floor":15.0,"key":"REST"}],"circlet_count":0,"master_deck":["AscendersBane","Strike_R","Strike_R","Strike_R","Strike_R","Defend_R","Defend_R","Defend_R","Defend_R","Bash","Reckless Charge","Body Slam","Shrug It Off","Power Through","Impervious","Bloodletting","Ghostly Armor"],"relics":["Burning Blood","Shovel","Golden Idol","Old Coin","SsserpentHead","Juzu Bracelet","Mango","Strawberry","Calipers"],"acts_visited":["Exordium"],"potions_floor_usage":[],"damage_taken":[{"damage":26.0,"enemies":"Jaw Worm","floor":1.0,"turns":5.0},{"damage":2.0,"enemies":"Cultist","floor":2.0,"turns":4.0},{"damage":0.0,"enemies":"Small Slimes","floor":3.0,"turns":2.0},{"damage":32.0,"enemies":"Gremlin Gang","floor":5.0,"turns":5.0},{"damage":11.0,"enemies":"3 Louse","floor":10.0,"turns":6.0},{"damage":4.0,"enemies":"Looter","floor":11.0,"turns":4.0},{"damage":23.0,"enemies":"Large Slime","floor":13.0,"turns":8.0},{"damage":39,"enemies":"Slime Boss","floor":16,"turns":9}],"seed_played":"7323102567266706426","potions_obtained":[{"floor":1.0,"key":"SkillPotion"},{"floor":3.0,"key":"Fruit Juice"}],"is_trial":false,"path_per_floor":["M","M","M","?","M","R","?","R","T","M","M","R","M","$","R","B"],"character_chosen":"IRONCLAD","items_purchased":["Calipers","Ghostly Armor"],"campfire_rested":1,"item_purchase_floors":[14,14],"current_hp_per_floor":[48,52,58,35,14,14,14,14,28,23,25,32,15,15,43,4,4],"gold":22,"neow_bonus":"ONE_RARE_RELIC","is_daily":false,"chose_seed":false,"campfire_upgraded":0,"win_rate":0.0,"timestamp":1608135838,"path_taken":["M","M","M","?","M","R","?","R","T","M","M","R","M","$","R","BOSS"],"items_purchased_type":["Relic","Card"],"build_version":"2020-12-13","purchased_purges":1,"victory":false,"max_hp_per_floor":[68,68,68,68,73,73,73,73,87,87,87,94,94,94,94,94,94],"card_choices":[{"not_picked":["Fire Breathing","Twin Strike"],"picked":"Reckless Charge","floor":1.0},{"not_picked":["Searing Blow","Heavy Blade","Headbutt"],"picked":"SKIP","floor":2.0},{"not_picked":["Dual Wield","Flex"],"picked":"Body Slam","floor":3.0},{"not_picked":["Uppercut","Armaments"],"picked":"Shrug It Off","floor":5.0},{"not_picked":["Anger","Infernal Blade"],"picked":"Power Through","floor":10.0},{"not_picked":["Twin Strike","Clash"],"picked":"Impervious","floor":11.0},{"not_picked":["Warcry","Thunderclap"],"picked":"Bloodletting","floor":13.0}],"player_experience":839951,"relics_obtained":[{"floor":6.0,"key":"Old Coin"},{"floor":8.0,"key":"Juzu Bracelet"},{"floor":9.0,"key":"Mango"},{"floor":12.0,"key":"Strawberry"}],"event_choices":[{"damage_healed":0.0,"max_hp_gain":0.0,"max_hp_loss":0.0,"gold_gain":0.0,"event_name":"Golden Idol","player_choice":"Take Damage","floor":4.0,"gold_loss":0.0,"damage_taken":23.0,"relics_obtained":["Golden Idol"]},{"damage_healed":0.0,"max_hp_gain":0.0,"max_hp_loss":0.0,"gold_gain":0.0,"event_name":"FaceTrader","player_choice":"Trade","floor":7.0,"gold_loss":0.0,"damage_taken":0.0,"relics_obtained":["SsserpentHead"]}],"is_beta":false,"boss_relics":[],"items_purged_floors":[14],"is_endless":false,"potions_floor_spawned":[1,3],"killed_by":"Slime Boss","ascension_level":20}}