{"host":"hc8xbdd8p6sd75vx","time":1608093732,"event":{"mods":["AchievementEnabler","AlwaysNeverKeys","BaseMod","Better Altar","Better Match","Better Sensory Stone","Better Skull","Better Third Choice","Colored Map","Hermit","Minty Spire (QoL Compilation)","Quick Restart","Shade Mod","Shop Mod","Spicy Shops","StSLib","The Servant 0.9.4"],"gold_per_floor":[116,166,166,166,65,93,109,122,122,122,49,64,77,33,33,33,33],"floor_reached":16,"playtime":440,"items_purged":[],"score":105,"play_id":"d07ad4f6-bace-4b79-905e-a1eda81235a5","local_time":"20201215204212","is_ascension_mode":true,"campfire_choices":[{"floor":10,"key":"REST"},{"floor":15,"key":"REST"}],"circlet_count":0,"master_deck":["hermit:Strike_Hermit","hermit:Strike_Hermit","hermit:Strike_Hermit","hermit:Strike_Hermit","hermit:Defend_Hermit","hermit:Defend_Hermit","hermit:Defend_Hermit","hermit:Defend_Hermit","hermit:Snapshot","hermit:Covet","hermit:Headshot","Blind","hermit:Brawl","hermit:Snipe","hermit:BigShot","hermit:BigShot","hermit:TrackingShot","hermit:Determination","hermit:ShadowCloak","hermit:CursedWeapon"],"relics":["hermit:Momento","Mango","Omamori","Mummified Hand","betterThird:SlimedRelic"],"acts_visited":["Exordium"],"potions_floor_usage":[13],"damage_taken":[{"damage":1,"enemies":"Jaw Worm","floor":1,"turns":4},{"damage":21,"enemies":"Gremlin Nob","floor":6,"turns":4},{"damage":7,"enemies":"Small Slimes","floor":7,"turns":2},{"damage":5,"enemies":"Cultist","floor":8,"turns":4},{"damage":0,"enemies":"2 Fungi Beasts","floor":12,"turns":2},{"damage":14,"enemies":"Large Slime","floor":13,"turns":3},{"damage":62,"enemies":"The Guardian","floor":16,"turns":9}],"seed_played":"-2297801229236074177","potions_obtained":[{"floor":6,"key":"SpeedPotion"},{"floor":12,"key":"LiquidBronze"}],"is_trial":false,"path_per_floor":["M","?","?","?","$","E","M","M","T","R","$","M","M","?","R","B"],"character_chosen":"HERMIT","items_purchased":["hermit:Brawl","hermit:Snipe","hermit:Determination"],"campfire_rested":2,"item_purchase_floors":[5,5,11],"current_hp_per_floor":[67,67,67,67,67,46,39,34,34,60,60,60,46,35,61,0,0],"gold":33,"neow_bonus":"ONE_RARE_RELIC","is_daily":false,"chose_seed":false,"campfire_upgraded":0,"win_rate":0.0,"timestamp":1608093732,"path_taken":["M","?","?","?","$","E","M","M","T","R","$","M","?","?","R","BOSS"],"items_purchased_type":["Card","Card","Card"],"build_version":"2020-12-13","purchased_purges":0,"victory":false,"max_hp_per_floor":[89,89,89,89,89,89,89,89,89,89,89,89,89,89,89,89,89],"card_choices":[{"not_picked":["hermit:WideOpen","hermit:BodyArmor"],"picked":"hermit:Headshot","floor":1},{"not_picked":["Mind Blast","Impatience"],"picked":"Flash of Steel","floor":3},{"not_picked":["hermit:HighNoon","hermit:Vantage"],"picked":"hermit:BigShot","floor":6},{"not_picked":["hermit:ItchyTrigger","hermit:CalledShot"],"picked":"hermit:BigShot","floor":7},{"not_picked":["hermit:LowProfile","hermit:NoHoldsBarred"],"picked":"hermit:TrackingShot","floor":8},{"not_picked":["hermit:Cheat","hermit:NoHoldsBarred"],"picked":"hermit:ShadowCloak","floor":12},{"not_picked":["hermit:Grudge","hermit:BigShot"],"picked":"hermit:CursedWeapon","floor":13}],"player_experience":216800,"relics_obtained":[{"floor":6,"key":"Omamori"},{"floor":9,"key":"Mummified Hand"}],"event_choices":[{"damage_healed":0,"gold_gain":50,"player_choice":"Gained Gold","damage_taken":0,"max_hp_gain":0,"max_hp_loss":0,"event_name":"Golden Wing","floor":2,"gold_loss":0},{"damage_healed":0,"gold_gain":1,"player_choice":"1","damage_taken":0,"max_hp_gain":0,"max_hp_loss":0,"event_name":"betterStone:BetterStone","floor":3,"gold_loss":0},{"damage_healed":0,"gold_gain":0,"cards_transformed":["Flash of Steel"],"player_choice":"Transformed","damage_taken":0,"max_hp_gain":0,"max_hp_loss":0,"event_name":"Transmorgrifier","floor":4,"gold_loss":0,"cards_obtained":["Blind"]},{"damage_healed":0,"gold_gain":0,"player_choice":"Slimed","damage_taken":11,"max_hp_gain":0,"max_hp_loss":0,"event_name":"betterThird:BetterGoop","floor":14,"gold_loss":44}],"is_beta":false,"boss_relics":[],"items_purged_floors":[],"is_endless":false,"potions_floor_spawned":[6,12],"killed_by":"The Guardian","ascension_level":1}}