{"host":"8dhn6p16jorj0i1s","time":1608157058,"event":{"mods":["BaseMod","Colored Map","DeckTracker","Minty Spire (QoL Compilation)","Permanent Neow","Quick Restart"],"gold_per_floor":[119,44,58,72,3,3,31,50,75,104,104,116,127,156,156,156,156],"floor_reached":16,"playtime":958,"items_purged":["Shame"],"score":146,"play_id":"3db7a150-2a61-4a6a-88c3-2b5dd7b6b058","local_time":"20201216231738","is_ascension_mode":true,"campfire_choices":[{"data":"Fire Breathing","floor":6.0,"key":"SMITH"},{"data":"Armaments","floor":11,"key":"SMITH"},{"data":"Evolve","floor":15,"key":"SMITH"}],"circlet_count":0,"master_deck":["Strike_R","Strike_R","Strike_R","Defend_R","Defend_R","Defend_R","Defend_R","Bash","Headbutt","Armaments+1","Rampage","Fire Breathing+1","Evolve+1","Immolate","Thunderclap"],"relics":["Burning Blood","Pen Nib","Nunchaku","Potion Belt","Sundial"],"acts_visited":["Exordium"],"potions_floor_usage":[7,7,10,14],"damage_taken":[{"damage":6.0,"enemies":"Cultist","floor":1.0,"turns":3.0},{"damage":7.0,"enemies":"2 Louse","floor":3.0,"turns":2.0},{"damage":12.0,"enemies":"Small Slimes","floor":4.0,"turns":3.0},{"damage":36,"enemies":"Gremlin Nob","floor":7,"turns":5},{"damage":16,"enemies":"Blue Slaver","floor":8,"turns":4},{"damage":10,"enemies":"3 Sentries","floor":10,"turns":4},{"damage":1,"enemies":"3 Louse","floor":12,"turns":2},{"damage":15,"enemies":"Looter","floor":13,"turns":4},{"damage":16,"enemies":"Gremlin Nob","floor":14,"turns":3},{"damage":19,"enemies":"Hexaghost","floor":16,"turns":7}],"seed_played":"7325545534364920092","potions_obtained":[{"floor":1.0,"key":"BlessingOfTheForge"},{"floor":3.0,"key":"DuplicationPotion"},{"floor":4.0,"key":"EssenceOfSteel"},{"floor":8,"key":"Fire Potion"}],"is_trial":false,"path_per_floor":["M","$","M","M","$","R","E","M","T","E","R","M","M","E","R","B"],"character_chosen":"IRONCLAD","items_purchased":["Evolve"],"campfire_rested":0,"item_purchase_floors":[5],"current_hp_per_floor":[80,80,79,73,73,73,43,33,33,29,29,34,25,15,15,0,0],"gold":156,"neow_bonus":"TRANSFORM_TWO_CARDS","is_daily":false,"chose_seed":false,"campfire_upgraded":3,"win_rate":0.0,"timestamp":1608157058,"path_taken":["M","$","M","M","?","R","E","M","T","E","R","M","M","E","R","BOSS"],"items_purchased_type":["Card"],"build_version":"2020-12-13","purchased_purges":1,"victory":false,"max_hp_per_floor":[80,80,80,80,80,80,80,80,80,80,80,80,80,80,80,80,80],"card_choices":[{"not_picked":["Clash","Shockwave"],"picked":"Rampage","floor":1.0},{"not_picked":["Flex","Armaments","Wild Strike"],"picked":"SKIP","floor":3.0},{"not_picked":["Carnage","Havoc"],"picked":"Fire Breathing","floor":4.0},{"not_picked":["Perfected Strike","True Grit","Havoc"],"picked":"SKIP","floor":7},{"not_picked":["Sword Boomerang","Armaments"],"picked":"Immolate","floor":8},{"not_picked":["Twin Strike","Body Slam"],"picked":"Thunderclap","floor":10},{"not_picked":["Rupture","Blood for Blood","True Grit"],"picked":"SKIP","floor":12},{"not_picked":["Perfected Strike","Pommel Strike","Carnage"],"picked":"SKIP","floor":13},{"not_picked":["Dual Wield","Entrench","Rupture"],"picked":"SKIP","floor":14}],"player_experience":300967,"relics_obtained":[{"floor":7,"key":"Pen Nib"},{"floor":9,"key":"Nunchaku"},{"floor":10,"key":"Potion Belt"},{"floor":14,"key":"Sundial"}],"event_choices":[],"is_beta":false,"boss_relics":[],"items_purged_floors":[2],"is_endless":false,"potions_floor_spawned":[1,3,4,8],"killed_by":"Hexaghost","ascension_level":4}}