{"host":"i41n6wh529970c2c","time":1608143089,"event":{"mods":["Act Like it!","BaseMod","BetterRewards","Friendly Minions","Gold Saver","Hermit","Minty Spire (QoL Compilation)","Replay The Spire","Shop Mod","StSLib"],"gold_per_floor":[1049,395,409,427,446,481,431,456,456,474,474,499,513,570,570,667,667,667,667],"floor_reached":18,"playtime":1520,"items_purged":["Strike_B","Dualcast"],"score":338,"play_id":"48e6c7b4-777b-4d03-a020-0aab416fa4b4","local_time":"20201216132449","is_ascension_mode":true,"campfire_choices":[{"data":"Go for the Eyes","floor":11,"key":"SMITH"},{"data":"Beam Cell","floor":11,"key":"SMITH"}],"circlet_count":0,"master_deck":["Strike_B","Strike_B","Strike_B","Defend_B","Defend_B","Defend_B","Zap","Reprogram","Hologram","Streamline","Go for the Eyes+1","All For One","Undo","Rebound","Machine Learning","Genetic Algorithm","Conserve Battery","Rebound","Self Repair","Beam Cell+1","Amplify","Rip and Tear","Regret","ReplayTheSpireMod:Omega Cannon"],"relics":["Cracked Core","Cables","Pocketwatch","Lee\u0027s Waffle","Replay:Arrowhead","Replay:Baseball","Durian","Happy Flower","ReplayFunnel","Snack Pack","Bird Faced Urn","Singing Bowl","Black Star"],"acts_visited":["Exordium","TheCity"],"potions_floor_usage":[8,12],"damage_taken":[{"damage":0.0,"enemies":"Cultist","floor":1.0,"turns":4.0},{"damage":6.0,"enemies":"2 Louse","floor":3.0,"turns":2.0},{"damage":0.0,"enemies":"Jaw Worm","floor":4.0,"turns":4.0},{"damage":1.0,"enemies":"Blue Slaver","floor":5.0,"turns":4.0},{"damage":10.0,"enemies":"Lagavulin","floor":6.0,"turns":5.0},{"damage":16,"enemies":"Gremlin Nob","floor":8,"turns":3},{"damage":0,"enemies":"Red Slaver","floor":10,"turns":3},{"damage":14,"enemies":"3 Sentries","floor":12,"turns":5},{"damage":0,"enemies":"Large Slime","floor":13,"turns":5},{"damage":8,"enemies":"3 Sentries","floor":14,"turns":6},{"damage":29,"enemies":"Hexaghost","floor":16,"turns":7},{"damage":0,"enemies":"3 Byrds","floor":18,"turns":1}],"seed_played":"-241526485917291114","potions_obtained":[{"floor":3.0,"key":"Weak Potion"},{"floor":4.0,"key":"AttackPotion"},{"floor":6,"key":"ColorlessPotion"},{"floor":10,"key":"FocusPotion"}],"is_trial":false,"path_per_floor":["M","$","M","M","M","E","?","E","T","M","R","E","M","?","R","B",null,"M"],"character_chosen":"DEFECT","items_purchased":["Cables","Pocketwatch","Lee\u0027s Waffle","Reprogram","Hologram","Streamline","Go for the Eyes","All For One","Replay:Baseball","Undo","Rebound","Machine Learning"],"campfire_rested":0,"item_purchase_floors":[0,0,0,0,0,0,0,2,2,2,2,2],"current_hp_per_floor":[82,82,76,76,75,70,70,54,54,61,61,54,63,59,59,38,87,87,87],"gold":667,"neow_bonus":"","is_daily":false,"chose_seed":false,"campfire_upgraded":2,"win_rate":0.0,"timestamp":1608143089,"path_taken":["M","?","?","M","M","E","?","E","T","M","R","E","M","?","R","BOSS","M"],"items_purchased_type":["Relic","Relic","Relic","Card","Card","Card","Card","Card","Relic","Card","Card","Card"],"build_version":"2020-12-13","purchased_purges":2,"victory":false,"max_hp_per_floor":[82,82,82,82,82,87,87,87,87,87,87,87,87,87,87,87,87,87,87],"card_choices":[{"not_picked":["Darkness","Ball Lightning","Cold Snap"],"picked":"SKIP","floor":1.0},{"not_picked":["Go for the Eyes","Steam"],"picked":"Genetic Algorithm","floor":3.0},{"not_picked":["Crystallizer","Rip and Tear"],"picked":"Conserve Battery","floor":4.0},{"not_picked":["BasicCrystalCard","Barrage"],"picked":"Rebound","floor":5.0},{"not_picked":["Chaos","Rainbow","Undo"],"picked":"SKIP","floor":6},{"not_picked":["Doom and Gloom","Blizzard"],"picked":"Self Repair","floor":8},{"not_picked":["Steam","Cold Snap"],"picked":"Beam Cell","floor":10},{"not_picked":["Leap","ReplayTheSpireMod:System Scan"],"picked":"Amplify","floor":12},{"not_picked":["Leap","Storm"],"picked":"Rip and Tear","floor":13},{"not_picked":["Biased Cognition","Reboot"],"picked":"ReplayTheSpireMod:Omega Cannon","floor":16}],"player_experience":791929,"relics_obtained":[{"floor":6,"key":"Durian"},{"floor":8,"key":"Happy Flower"},{"floor":9,"key":"ReplayFunnel"},{"floor":12,"key":"Snack Pack"},{"floor":14,"key":"Bird Faced Urn"}],"event_choices":[{"cards_removed":["Defend_B"],"damage_healed":0,"gold_gain":0,"player_choice":"Card Removal","damage_taken":0,"max_hp_gain":0,"max_hp_loss":0,"event_name":"The Cleric","floor":7,"gold_loss":50},{"damage_healed":0,"gold_gain":0,"player_choice":"Searched \u00271\u0027 times","damage_taken":0,"max_hp_gain":0,"max_hp_loss":0,"event_name":"Dead Adventurer","floor":14,"gold_loss":0},{"damage_healed":0,"gold_gain":0,"player_choice":"Box","damage_taken":0,"relics_obtained":["Singing Bowl"],"max_hp_gain":0,"max_hp_loss":0,"event_name":"Big Fish","floor":15,"gold_loss":0,"cards_obtained":["Regret"]}],"is_beta":false,"boss_relics":[{"not_picked":["Astrolabe","SlaversCollar"],"picked":"Black Star"}],"items_purged_floors":[0,2],"is_endless":false,"potions_floor_spawned":[3,4,6,10],"killed_by":"3 Byrds","ascension_level":4}}