{"host":"y9jgkjnf95sujozk","time":1608131723,"event":{"mods":["2.2 Compatiblity","AchievementEnabler","BaseMod","Block Reminder","Colored Map","Colored Powertips","Downfall","Friendly Minions","GifTheSpireLib","Hermit","Highlight Path","MarisaÅiñ∂âJÅ@ñÇóùçπÅj","Minty Spire (QoL Compilation)","Random Character Button","Rare Cards Sparkle","Replay The Spire","StSLib","SuperFastMode","The Animator","The Bug Knight","The Cursed","The Servant 0.9.4"],"gold_per_floor":[115,133,9,24,24,49,14,14,14,89,99,124,134,145,145,243,243,256,256,266,14,14,14,14],"floor_reached":23,"playtime":701,"items_purged":[],"score":211,"play_id":"a7607a60-b114-4a78-9a2a-27b6b0c8c7f4","local_time":"20201216161523","is_ascension_mode":true,"campfire_choices":[{"data":"Slimebound:ForwardTackle","floor":8,"key":"SMITH"},{"floor":15,"key":"REST"}],"circlet_count":0,"master_deck":["Slimebound:Strike_Slimebound","Slimebound:Strike_Slimebound","Slimebound:Strike_Slimebound+1","Slimebound:Tackle","Slimebound:Defend_Slimebound","Slimebound:Defend_Slimebound","Slimebound:Defend_Slimebound","Slimebound:Defend_Slimebound","Slimebound:Split","Slimebound:CorrosiveSpit","Slimebound:LevelUp","Slimebound:SplitAcid","Slimebound:SplitMire","Slimebound:ProtectTheBoss","Slimebound:PressTheAttack+1","Slimebound:ForwardTackle+1","Slimebound:SlimeBarrage","Slimebound:ServeAndProtect","Slimebound:RejuvenatingLick","Slimebound:DivideAndConquer","Slimebound:WasteNot","Slimebound:DivideAndConquer","Pot Of Greed","Pot Of Greed","Slimebound:ServeAndProtect","Slimebound:SplitAcid","Pot Of Greed","Slimebound:DivideAndConquer+1"],"relics":["Slimebound:AbsorbEndCombat","Question Card","ReplayTheSpireMod:Ninjato","Replay:Arrowhead","Sozu","Grinning Jar","Slimebound:SelfDamagePreventRelic"],"acts_visited":["Exordium","TheCity"],"potions_floor_usage":[6,12,16,16],"damage_taken":[{"damage":4,"enemies":"Small Slimes","floor":1,"turns":3},{"damage":4,"enemies":"2 Louse","floor":2,"turns":3},{"damage":18,"enemies":"Jaw Worm","floor":4,"turns":3},{"damage":28,"enemies":"Lagavulin","floor":6,"turns":5},{"damage":27,"enemies":"Looter","floor":11,"turns":4},{"damage":32,"enemies":"Gremlin Nob","floor":12,"turns":4},{"damage":20,"enemies":"Exordium Thugs","floor":13,"turns":5},{"damage":10,"enemies":"Blue Slaver","floor":14,"turns":3},{"damage":73,"enemies":"Hexaghost","floor":16,"turns":10},{"damage":32,"enemies":"Shell Parasite","floor":18,"turns":5},{"damage":15,"enemies":"Chosen","floor":20,"turns":3},{"damage":73,"enemies":"Slavers","floor":23,"turns":3}],"seed_played":"-8529582386886954837","potions_obtained":[{"floor":1,"key":"SpeedPotion"},{"floor":11,"key":"SneckoOil"},{"floor":13,"key":"Reflective Coating"},{"floor":14,"key":"BlessingOfTheForge"}],"is_trial":false,"path_per_floor":["M","M","$","M","?","E","?","R","T","?","M","E","M","M","R","B",null,"M","?","M","$","?","E"],"character_chosen":"SLIMEBOUND","items_purchased":["Slimebound:SplitMire","Slimebound:ProtectTheBoss","Slimebound:SplitAcid","Slimebound:DivideAndConquer","Slimebound:SelfDamagePreventRelic"],"campfire_rested":1,"item_purchase_floors":[3,3,21,21,21],"current_hp_per_floor":[60,60,60,58,58,59,60,60,60,60,48,36,40,48,60,25,60,54,54,60,60,60,0,0],"gold":14,"neow_bonus":"RANDOM_EVENT","is_daily":false,"chose_seed":false,"campfire_upgraded":1,"win_rate":0.0,"timestamp":1608131723,"path_taken":["M","M","$","M","?","E","?","R","T","?","M","E","M","?","R","BOSS","M","?","M","$","?","E"],"items_purchased_type":["Card","Card","Card","Card","Relic"],"build_version":"2020-12-13","purchased_purges":0,"victory":false,"max_hp_per_floor":[60,60,60,60,60,60,60,60,60,60,60,60,60,60,60,60,60,60,60,60,60,60,60,60],"card_choices":[{"not_picked":["Slimebound:RollThrough","Slimebound:DivideAndConquer"],"picked":"Slimebound:LevelUp","floor":1},{"not_picked":["Slimebound:DisruptingSlam","Slimebound:SplitMire"],"picked":"Slimebound:SplitAcid","floor":2},{"not_picked":["Slimebound:Schlurp","Slimebound:LeechEnergy"],"picked":"Slimebound:PressTheAttack","floor":4},{"not_picked":["Slimebound:SpikyOuterGoop","Slimebound:SamplingLick"],"picked":"Slimebound:ForwardTackle","floor":6},{"not_picked":["Slimebound:RejuvenatingLick","Slimebound:GrowthPunch","Slimebound:DivideAndConquer"],"picked":"Slimebound:SlimeBarrage","floor":11},{"not_picked":["Slimebound:GrowthPunch","Slimebound:LeechingTouch","Slimebound:MassFeed"],"picked":"Slimebound:ServeAndProtect","floor":12},{"not_picked":["Slimebound:LeechingTouch","Slimebound:ComboTackle","Slimebound:AcidTongue"],"picked":"Slimebound:RejuvenatingLick","floor":13},{"not_picked":["Slimebound:MegaLick","Slimebound:ItLooksTasty","Slimebound:FinishingTackle"],"picked":"Slimebound:DivideAndConquer","floor":14},{"not_picked":["Slimebound:DuplicatedForm","Slimebound:CheckThePlaybook","Slimebound:DouseInSlime"],"picked":"Slimebound:WasteNot","floor":16},{"not_picked":["Slimebound:RollThrough","Slimebound:Chomp","Slimebound:FinishingTackle"],"picked":"Slimebound:DivideAndConquer","floor":18},{"not_picked":["Slimebound:RollThrough","Slimebound:LeechLife","Slimebound:SlimeSpikes"],"picked":"Slimebound:ServeAndProtect","floor":20}],"player_experience":94803,"relics_obtained":[{"floor":6,"key":"Question Card"},{"floor":9,"key":"ReplayTheSpireMod:Ninjato"},{"floor":12,"key":"Replay:Arrowhead"}],"event_choices":[{"damage_healed":0,"gold_gain":0,"player_choice":"Grow","damage_taken":0,"max_hp_gain":0,"max_hp_loss":0,"event_name":"Living Wall","floor":5,"gold_loss":0,"cards_upgraded":["Slimebound:PressTheAttack"]},{"damage_healed":15,"gold_gain":0,"player_choice":"Healed","damage_taken":0,"max_hp_gain":0,"max_hp_loss":0,"event_name":"The Cleric","floor":7,"gold_loss":35},{"damage_healed":0,"gold_gain":75,"player_choice":"Gained Gold","damage_taken":0,"max_hp_gain":0,"max_hp_loss":0,"event_name":"Golden Wing","floor":10,"gold_loss":0},{"damage_healed":0,"gold_gain":0,"player_choice":"Opened","damage_taken":0,"relics_obtained":["Grinning Jar"],"max_hp_gain":0,"max_hp_loss":0,"event_name":"The Mausoleum","floor":19,"gold_loss":0},{"damage_healed":0,"gold_gain":0,"player_choice":"Upgraded","damage_taken":0,"max_hp_gain":0,"max_hp_loss":0,"event_name":"Upgrade Shrine","floor":22,"gold_loss":0,"cards_upgraded":["Slimebound:DivideAndConquer"]}],"is_beta":false,"boss_relics":[{"not_picked":["Empty Cage","Runic Dome"],"picked":"Sozu"}],"items_purged_floors":[],"is_endless":false,"potions_floor_spawned":[1,11,13,14],"killed_by":"Slavers","ascension_level":1}}