{"host":"p9jk0mlyvhgdzcz4","time":1608079392,"event":{"mods":["BaseMod","Colored Map","Minty Spire (QoL Compilation)","Quick Restart","SuperFastMode"],"gold_per_floor":[116,79,79,154,4,43,43,43,68,68,93,93,128,148,148,268,268,287,287,300,300,325,325,361,361,361,361,361,379,379,75,75,194,194,207,429,448,448,466,484,484,507,534,494,494,165,165,190,190,190],"floor_reached":51,"playtime":2138,"items_purged":["Strike_B"],"score":701,"play_id":"948b326a-4b1a-4f78-a246-c6116433a9e3","local_time":"20201215184312","is_ascension_mode":false,"campfire_choices":[{"data":"Defragment","floor":7,"key":"SMITH"},{"floor":12,"key":"REST"},{"data":"Zap","floor":15,"key":"SMITH"},{"data":"Echo Form","floor":23,"key":"SMITH"},{"data":"Machine Learning","floor":25,"key":"SMITH"},{"data":"Lockon","floor":27,"key":"SMITH"},{"data":"Loop","floor":32,"key":"SMITH"},{"data":"Defragment","floor":41,"key":"SMITH"},{"data":"Cold Snap","floor":45,"key":"SMITH"},{"floor":47,"key":"REST"},{"floor":49,"key":"REST"}],"circlet_count":0,"master_deck":["Strike_B","Strike_B","Defend_B","Defend_B","Defend_B","Defend_B","Zap+1","Dualcast","Coolheaded","Defragment+1","Cold Snap+1","Self Repair","Electrodynamics","Heatsinks","Machine Learning+1","Go for the Eyes+1","Aggregate","Echo Form+1","Lockon+1","Loop+1","Machine Learning+1","Storm+1","Defragment+1","Cold Snap+1","Defragment+1","Hello World","White Noise"],"relics":["Cracked Core","NeowsBlessing","Golden Idol","Runic Capacitor","Ornamental Fan","Toy Ornithopter","Lizard Tail","Emotion Chip","Nuclear Battery","Red Mask","Bottled Flame","Toolbox","Sozu","Bronze Scales","Unceasing Top"],"acts_visited":["Exordium","TheCity","TheBeyond"],"potions_floor_usage":[39],"damage_taken":[{"damage":0,"enemies":"Cultist","floor":1,"turns":1},{"damage":0,"enemies":"Gremlin Nob","floor":6,"turns":1},{"damage":0,"enemies":"Small Slimes","floor":11,"turns":1},{"damage":11,"enemies":"3 Sentries","floor":13,"turns":9},{"damage":9,"enemies":"Jaw Worm","floor":14,"turns":3},{"damage":17,"enemies":"Slime Boss","floor":16,"turns":5},{"damage":15,"enemies":"3 Byrds","floor":18,"turns":3},{"damage":3,"enemies":"Spheric Guardian","floor":20,"turns":4},{"damage":16,"enemies":"3 Cultists","floor":22,"turns":4},{"damage":14,"enemies":"Masked Bandits","floor":24,"turns":3},{"damage":17,"enemies":"Snake Plant","floor":29,"turns":3},{"damage":24,"enemies":"Champ","floor":33,"turns":9},{"damage":18,"enemies":"3 Darklings","floor":35,"turns":4},{"damage":19,"enemies":"Orb Walker","floor":37,"turns":3},{"damage":26,"enemies":"4 Shapes","floor":39,"turns":4},{"damage":0,"enemies":"Maw","floor":40,"turns":5},{"damage":19,"enemies":"Jaw Worm Horde","floor":42,"turns":5},{"damage":22,"enemies":"Transient","floor":48,"turns":5},{"damage":33,"enemies":"Donu and Deca","floor":50,"turns":5}],"seed_played":"-7746009114948229307","potions_obtained":[{"floor":1,"key":"FearPotion"},{"floor":6,"key":"Energy Potion"},{"floor":13,"key":"SkillPotion"},{"floor":24,"key":"Fire Potion"}],"is_trial":false,"path_per_floor":["M","$","?","?","$","E","R","$","T","T","M","R","E","M","R","B",null,"M","?","M","?","M","R","?","R","T","R","?","M","?","$","R","B",null,"M","?","M","?","M","M","R","M","T","?","R","$","R","M","R","B",null],"character_chosen":"DEFECT","items_purchased":["Defragment","Runic Capacitor","Loop","Toolbox","Unceasing Top","Hello World"],"campfire_rested":3,"item_purchase_floors":[2,5,31,31,46,46],"current_hp_per_floor":[75,75,57,46,46,46,46,46,46,46,46,68,64,62,62,45,75,67,67,71,71,62,62,55,55,55,55,55,52,52,52,52,35,75,57,57,52,52,45,59,59,40,40,40,40,40,62,40,62,36],"gold":190,"neow_bonus":"THREE_ENEMY_KILL","is_daily":false,"chose_seed":false,"campfire_upgraded":8,"win_rate":0.0,"timestamp":1608079392,"path_taken":["M","$","?","?","?","E","R","$","T","?","M","R","E","M","R","BOSS","M","?","M","?","?","R","?","R","T","R","?","?","?","?","R","BOSS","M","?","M","?","M","?","R","M","T","?","R","$","R","M","R","BOSS"],"items_purchased_type":["Card","Relic","Card","Relic","Relic","Card"],"build_version":"2020-12-13","purchased_purges":1,"victory":true,"max_hp_per_floor":[75,75,75,75,75,75,75,75,75,75,75,75,75,75,75,75,75,75,75,75,75,75,75,75,75,75,75,75,75,75,75,75,75,75,75,75,75,75,75,75,75,75,75,75,75,75,75,75,75,75],"card_choices":[{"not_picked":["Doom and Gloom","Sweeping Beam"],"picked":"Coolheaded","floor":1},{"not_picked":["Redo","Reboot"],"picked":"Cold Snap","floor":6},{"not_picked":["Melter","Hologram"],"picked":"Self Repair","floor":11},{"not_picked":["Conserve Battery","Self Repair"],"picked":"Electrodynamics","floor":13},{"not_picked":["Compile Driver","Streamline"],"picked":"Heatsinks","floor":14},{"not_picked":["All For One","Rainbow"],"picked":"Machine Learning","floor":16},{"not_picked":["Streamline","Coolheaded","Sweeping Beam+1"],"picked":"SKIP","floor":18},{"not_picked":["Sweeping Beam","Stack+1"],"picked":"Go for the Eyes+1","floor":20},{"not_picked":["Skim","Turbo+1"],"picked":"Echo Form","floor":22},{"not_picked":["Ball Lightning","Tempest"],"picked":"Lockon","floor":24},{"not_picked":["Reinforced Body","Consume","Skim+1"],"picked":"SKIP","floor":29},{"not_picked":["All For One","Hyperbeam"],"picked":"Machine Learning","floor":33},{"not_picked":["Undo","Sweeping Beam"],"picked":"Storm+1","floor":35},{"not_picked":["Conserve Battery","Ball Lightning","Double Energy+1"],"picked":"SKIP","floor":37},{"not_picked":["Gash+1","Redo"],"picked":"Cold Snap+1","floor":39},{"not_picked":["Redo","Tempest+1"],"picked":"Defragment","floor":40},{"not_picked":["Streamline+1","Coolheaded+1","Conserve Battery+1"],"picked":"SKIP","floor":42},{"not_picked":["BootSequence","Reinforced Body+1"],"picked":"White Noise","floor":48}],"player_experience":4142,"relics_obtained":[{"floor":6,"key":"Ornamental Fan"},{"floor":9,"key":"Toy Ornithopter"},{"floor":10,"key":"Lizard Tail"},{"floor":13,"key":"Emotion Chip"},{"floor":24,"key":"Red Mask"},{"floor":26,"key":"Bottled Flame"},{"floor":43,"key":"Bronze Scales"}],"event_choices":[{"damage_healed":0,"gold_gain":0,"player_choice":"Take Damage","damage_taken":18,"relics_obtained":["Golden Idol"],"max_hp_gain":0,"max_hp_loss":0,"event_name":"Golden Idol","floor":3,"gold_loss":0},{"damage_healed":0,"gold_gain":75,"player_choice":"Gather Gold","damage_taken":11,"max_hp_gain":0,"max_hp_loss":0,"event_name":"World of Goop","floor":4,"gold_loss":0},{"damage_healed":0,"gold_gain":0,"player_choice":"Ignored","damage_taken":0,"max_hp_gain":0,"max_hp_loss":0,"event_name":"Ghosts","floor":19,"gold_loss":0},{"damage_healed":0,"gold_gain":0,"cards_transformed":["Strike_B"],"player_choice":"Transformed","damage_taken":0,"max_hp_gain":0,"max_hp_loss":0,"event_name":"Transmorgrifier","floor":21,"gold_loss":0,"cards_obtained":["Aggregate"]},{"damage_healed":0,"gold_gain":0,"player_choice":"Fought Bandits","damage_taken":0,"max_hp_gain":0,"max_hp_loss":0,"event_name":"Masked Bandits","floor":24,"gold_loss":0},{"damage_healed":0,"gold_gain":0,"player_choice":"Got Potions","damage_taken":0,"max_hp_gain":0,"max_hp_loss":0,"event_name":"Lab","floor":28,"gold_loss":0},{"damage_healed":0,"gold_gain":0,"player_choice":"Ignored","damage_taken":0,"max_hp_gain":0,"max_hp_loss":0,"event_name":"Vampires","floor":30,"gold_loss":0},{"damage_healed":0,"gold_gain":222,"player_choice":"Wore Mask","damage_taken":0,"max_hp_gain":0,"max_hp_loss":0,"event_name":"Tomb of Lord Red Mask","floor":36,"gold_loss":0},{"damage_healed":0,"gold_gain":0,"player_choice":"Copied","damage_taken":0,"max_hp_gain":0,"max_hp_loss":0,"event_name":"Duplicator","floor":38,"gold_loss":0,"cards_obtained":["Defragment"]},{"damage_healed":0,"gold_gain":0,"player_choice":"Upgrade","damage_taken":0,"max_hp_gain":0,"max_hp_loss":0,"event_name":"Designer","floor":44,"gold_loss":40,"cards_upgraded":["Machine Learning"]}],"is_beta":false,"boss_relics":[{"not_picked":["Calling Bell","Fusion Hammer"],"picked":"Nuclear Battery"},{"not_picked":["Coffee Dripper","Cursed Key"],"picked":"Sozu"}],"items_purged_floors":[31],"is_endless":false,"potions_floor_spawned":[1,6,13,16,22,24,33,35,40,42],"ascension_level":0}}