{"host":"f0gpob8hq9vgebej","time":1608135162,"event":{"mods":["AchievementEnabler","BaseMod","Googly Eyes","Minty Spire (QoL Compilation)","Quick Restart","SuperFastMode"],"gold_per_floor":[109,34,50,50,60,60,94,107,133,145,163,174,174,190,190,309,309,332,88,104,204,79,97,97,97],"floor_reached":24,"playtime":658,"items_purged":["Shame","Strike_G","Strike_G"],"score":293,"play_id":"defb2e2c-0ad3-4a3f-9330-f4adfe7817e5","local_time":"20201217011242","is_ascension_mode":true,"campfire_choices":[{"data":"Tactician","floor":6,"key":"SMITH"},{"floor":15,"key":"REST"}],"circlet_count":0,"master_deck":["Strike_G","Strike_G","Strike_G","Defend_G","Defend_G","Defend_G","Defend_G","Defend_G","Survivor","Neutralize","Mayhem+1","Blade Dance","Blade Dance","Tactician+1","Poisoned Stab","PiercingWail","Footwork","Deadly Poison","Cloak And Dagger"],"relics":["Ring of the Snake","Dream Catcher","Vajra","Golden Idol","HoveringKite","PrismaticShard"],"acts_visited":["Exordium","TheCity"],"potions_floor_usage":[16,20,20,23,24],"damage_taken":[{"damage":0,"enemies":"2 Louse","floor":1,"turns":3},{"damage":4,"enemies":"Cultist","floor":3,"turns":3},{"damage":0,"enemies":"Small Slimes","floor":5,"turns":2},{"damage":15,"enemies":"3 Sentries","floor":7,"turns":8},{"damage":6,"enemies":"Looter","floor":8,"turns":3},{"damage":5,"enemies":"Gremlin Gang","floor":10,"turns":5},{"damage":0,"enemies":"Large Slime","floor":11,"turns":5},{"damage":2,"enemies":"Red Slaver","floor":12,"turns":5},{"damage":3,"enemies":"Exordium Wildlife","floor":14,"turns":5},{"damage":16,"enemies":"The Guardian","floor":16,"turns":9},{"damage":11,"enemies":"Shell Parasite","floor":18,"turns":5},{"damage":7,"enemies":"2 Thieves","floor":20,"turns":4},{"damage":29,"enemies":"Cultist and Chosen","floor":23,"turns":9},{"damage":0,"enemies":"Gremlin Leader","floor":24,"turns":5}],"seed_played":"8437642922749732333","potions_obtained":[{"floor":1,"key":"Poison Potion"},{"floor":8,"key":"SpeedPotion"},{"floor":12,"key":"BlessingOfTheForge"},{"floor":14,"key":"Energy Potion"},{"floor":16,"key":"ColorlessPotion"},{"floor":20,"key":"PowerPotion"}],"is_trial":false,"path_per_floor":["M","$","M","?","M","R","E","M","T","M","M","M","?","M","R","B",null,"M","$","M","?","$","M","E"],"character_chosen":"THE_SILENT","items_purchased":["PrismaticShard"],"campfire_rested":1,"item_purchase_floors":[19],"current_hp_per_floor":[63,63,59,59,59,59,44,38,38,33,33,31,14,11,32,16,57,46,46,39,39,39,10,10,10],"gold":97,"neow_bonus":"RANDOM_COLORLESS_2","is_daily":false,"chose_seed":false,"campfire_upgraded":1,"win_rate":0.0,"timestamp":1608135162,"path_taken":["M","$","M","?","M","R","E","M","T","M","?","M","?","M","R","BOSS","M","$","M","?","$","?","E"],"items_purchased_type":["Relic"],"build_version":"2020-12-13","purchased_purges":3,"victory":false,"max_hp_per_floor":[70,70,70,70,70,70,70,70,70,70,70,70,70,70,70,70,70,70,70,70,70,70,70,70,70],"card_choices":[{"not_picked":["The Bomb","Metamorphosis"],"picked":"Mayhem","floor":0},{"not_picked":["Masterful Stab","Deflect"],"picked":"Blade Dance","floor":1},{"not_picked":["Underhanded Strike","Poisoned Stab"],"picked":"Blade Dance","floor":3},{"not_picked":["Choke","Bouncing Flask"],"picked":"Tactician","floor":5},{"not_picked":["Expertise","Malaise"],"picked":"Poisoned Stab","floor":7},{"not_picked":["Crippling Poison","Blade Dance"],"picked":"PiercingWail","floor":8},{"not_picked":["All Out Attack","Blade Dance","Heel Hook"],"picked":"SKIP","floor":10},{"not_picked":["Predator","Endless Agony"],"picked":"Footwork","floor":11},{"not_picked":["Bullet Time","Quick Slash"],"picked":"Deadly Poison","floor":12},{"not_picked":["Predator","Concentrate"],"picked":"Cloak And Dagger","floor":14},{"not_picked":["Skewer","Underhanded Strike","Poisoned Stab+1"],"picked":"SKIP","floor":18},{"not_picked":["Warcry","True Grit","Conserve Battery+1"],"picked":"SKIP","floor":20},{"not_picked":["Poisoned Stab+1","Pommel Strike","Cleave"],"picked":"SKIP","floor":23}],"player_experience":157544,"relics_obtained":[{"floor":7,"key":"Dream Catcher"},{"floor":9,"key":"Vajra"}],"event_choices":[{"damage_healed":0,"gold_gain":0,"player_choice":"Forge","damage_taken":0,"max_hp_gain":0,"max_hp_loss":0,"event_name":"Accursed Blacksmith","floor":4,"gold_loss":0,"cards_upgraded":["Mayhem"]},{"damage_healed":0,"gold_gain":0,"player_choice":"Take Damage","damage_taken":17,"relics_obtained":["Golden Idol"],"max_hp_gain":0,"max_hp_loss":0,"event_name":"Golden Idol","floor":13,"gold_loss":0},{"damage_healed":0,"gold_gain":100,"player_choice":"Pray","damage_taken":0,"max_hp_gain":0,"max_hp_loss":0,"event_name":"Golden Shrine","floor":21,"gold_loss":0}],"is_beta":false,"boss_relics":[{"not_picked":["Tiny House","Velvet Choker"],"picked":"HoveringKite"}],"items_purged_floors":[2,19,22],"is_endless":false,"potions_floor_spawned":[1,8,12,14,16,20],"killed_by":"Gremlin Leader","ascension_level":9}}