{"host":"bxn2em57qlx5u4i0","time":1608083569,"event":{"mods":["BaseMod","Colored Map","Colored Powertips","Highlight Path","Minty Spire (QoL Compilation)","Random Character Button","Relic Sorter","Relic Stats","StSLib","SuperFastMode"],"gold_per_floor":[109,184,201,220,240,240,272,272,296,124,124,124],"floor_reached":11,"playtime":213,"items_purged":["Strike_G"],"score":146,"play_id":"c9ccdb70-e483-4fff-999c-e51a97d81bab","local_time":"20201215205249","is_ascension_mode":true,"campfire_choices":[{"data":"Noxious Fumes","floor":6.0,"key":"SMITH"},{"data":"Catalyst","floor":8.0,"key":"SMITH"}],"circlet_count":0,"master_deck":["AscendersBane","Strike_G","Strike_G","Strike_G","Strike_G","Defend_G","Defend_G","Defend_G","Defend_G","Defend_G","Survivor","Neutralize+1","Noxious Fumes+1","Catalyst+1","Poisoned Stab","Deadly Poison","Crippling Poison"],"relics":["Ring of the Snake","Anchor","Ancient Tea Set"],"acts_visited":["Exordium"],"potions_floor_usage":[11],"damage_taken":[{"damage":0.0,"enemies":"2 Louse","floor":1.0,"turns":3.0},{"damage":3.0,"enemies":"Jaw Worm","floor":3.0,"turns":7.0},{"damage":6.0,"enemies":"Cultist","floor":4.0,"turns":5.0},{"damage":0.0,"enemies":"2 Fungi Beasts","floor":5.0,"turns":3.0},{"damage":19.0,"enemies":"Gremlin Nob","floor":7.0,"turns":4.0},{"damage":21,"enemies":"3 Sentries","floor":11,"turns":3}],"seed_played":"405102958103975270","potions_obtained":[{"floor":1.0,"key":"Fire Potion"},{"floor":3.0,"key":"Strength Potion"}],"is_trial":false,"path_per_floor":["M","?","M","M","M","R","E","R","T","$","E"],"character_chosen":"THE_SILENT","items_purchased":["Crippling Poison","Poison Potion"],"campfire_rested":0,"item_purchase_floors":[10,10],"current_hp_per_floor":[59,48,45,39,39,39,20,20,20,20,0,0],"gold":124,"neow_bonus":"UPGRADE_CARD","is_daily":false,"chose_seed":false,"campfire_upgraded":2,"win_rate":0.0,"timestamp":1608083569,"path_taken":["M","?","M","M","M","R","E","R","T","$","E"],"items_purchased_type":["Card","Potion"],"build_version":"2020-12-13","purchased_purges":1,"victory":false,"max_hp_per_floor":[66,66,66,66,66,66,66,66,66,66,66,66],"relic_stats":{"counters":[6,25],"obtain_stats":[{"Anchor":7,"Ancient Tea Set":9,"Ring of the Snake":0},{"Anchor":5,"Ancient Tea Set":5,"Ring of the Snake":0},{"Anchor":22,"Ancient Tea Set":22,"Ring of the Snake":0}],"Ring of the Snake":[12]},"card_choices":[{"not_picked":["Blade Dance","Quick Slash"],"picked":"Noxious Fumes","floor":1.0},{"not_picked":["Underhanded Strike","Quick Slash"],"picked":"Catalyst","floor":3.0},{"not_picked":["Quick Slash","Deflect"],"picked":"Poisoned Stab","floor":4.0},{"not_picked":["Eviscerate","Sucker Punch","Deflect"],"picked":"SKIP","floor":5.0},{"not_picked":["Concentrate","Deflect"],"picked":"Deadly Poison","floor":7.0}],"player_experience":2789306,"relics_obtained":[{"floor":7.0,"key":"Anchor"},{"floor":9.0,"key":"Ancient Tea Set"}],"event_choices":[{"damage_healed":0.0,"max_hp_gain":0.0,"max_hp_loss":0.0,"gold_gain":75.0,"event_name":"World of Goop","player_choice":"Gather Gold","floor":2.0,"gold_loss":0.0,"damage_taken":11.0}],"is_beta":false,"boss_relics":[],"items_purged_floors":[10],"is_endless":false,"potions_floor_spawned":[1,3],"killed_by":"3 Sentries","ascension_level":20}}