{"host":"m6aaltr68g9tvoay","time":1608110309,"event":{"mods":["AchievementEnabler","BaseMod","Colored Map","Minty Spire (QoL Compilation)","StSLib"],"gold_per_floor":[110,110,126,137,137,137,168,168,168,8,27,103,127,127,127,218,218,239,239,255,255,180,208,208,224,224,224,274,274,284,301,301,301,301],"floor_reached":33,"playtime":1139,"items_purged":["Injury"],"score":477,"play_id":"d6171099-6233-4b8f-9885-2049eed4c46d","local_time":"20201216011829","is_ascension_mode":true,"campfire_choices":[{"data":"White Noise","floor":6,"key":"SMITH"},{"floor":15,"key":"REST"},{"floor":24,"key":"REST"},{"floor":27,"key":"REST"},{"floor":29,"key":"REST"},{"floor":32,"key":"REST"}],"circlet_count":0,"master_deck":["AscendersBane","Strike_B","Strike_B","Strike_B","Strike_B","Defend_B","Defend_B","Defend_B","Defend_B","Zap","Dualcast","Beam Cell","Reinforced Body+1","White Noise+1","Streamline","Ball Lightning","Melter","Ball Lightning","Leap","Seek","Capacitor+1","Doom and Gloom","Glacier","Hologram+1","Decay","Auto Shields","Conserve Battery+1"],"relics":["Cracked Core","Frozen Egg 2","Bloody Idol","Bottled Lightning","Cursed Key","Enchiridion","Calipers","StoneCalendar"],"acts_visited":["Exordium","TheCity"],"potions_floor_usage":[7,16,23,23,23,30,33,33],"damage_taken":[{"damage":3,"enemies":"2 Louse","floor":1,"turns":2},{"damage":0,"enemies":"Cultist","floor":3,"turns":3},{"damage":2,"enemies":"Jaw Worm","floor":4,"turns":3},{"damage":20,"enemies":"Lagavulin","floor":7,"turns":6},{"damage":6,"enemies":"Looter","floor":11,"turns":2},{"damage":8,"enemies":"Blue Slaver","floor":13,"turns":2},{"damage":21,"enemies":"Slime Boss","floor":16,"turns":9},{"damage":13,"enemies":"3 Byrds","floor":18,"turns":3},{"damage":1,"enemies":"Spheric Guardian","floor":20,"turns":3},{"damage":23,"enemies":"Book of Stabbing","floor":23,"turns":5},{"damage":14,"enemies":"Snake Plant","floor":25,"turns":5},{"damage":39,"enemies":"Snecko","floor":30,"turns":4},{"damage":0,"enemies":"Centurion and Healer","floor":31,"turns":6},{"damage":65,"enemies":"Collector","floor":33,"turns":7}],"seed_played":"1711902473737991698","potions_obtained":[{"floor":4,"key":"Block Potion"},{"floor":13,"key":"SkillPotion"},{"floor":16,"key":"EssenceOfDarkness"},{"floor":18,"key":"EntropicBrew"},{"floor":30,"key":"LiquidBronze"},{"floor":31,"key":"PowerPotion"}],"is_trial":false,"path_per_floor":["M","?","M","M","?","R","E","?","T","$","M","?","M","?","R","B",null,"M","?","M","?","$","E","R","M","T","R","?","R","M","M","R","B"],"character_chosen":"DEFECT","items_purchased":["Melter","Glacier"],"campfire_rested":5,"item_purchase_floors":[10,22],"current_hp_per_floor":[61,61,61,59,59,59,39,39,39,39,33,33,25,25,46,25,60,47,47,51,30,30,12,33,24,24,45,50,71,37,42,63,0,0],"gold":301,"neow_bonus":"THREE_CARDS","is_daily":false,"chose_seed":false,"campfire_upgraded":1,"win_rate":0.0,"timestamp":1608110309,"path_taken":["M","?","?","M","?","R","E","?","T","?","M","?","M","?","R","BOSS","M","?","M","?","$","E","R","M","T","R","?","R","M","M","R","BOSS"],"items_purchased_type":["Card","Card"],"build_version":"2020-12-13","purchased_purges":1,"victory":false,"max_hp_per_floor":[71,71,71,71,71,71,71,71,71,71,71,71,71,71,71,71,71,71,71,71,71,71,71,71,71,71,71,71,71,71,71,71,71,71],"card_choices":[{"not_picked":["Redo","Steam"],"picked":"Beam Cell","floor":0},{"not_picked":["Beam Cell","Leap"],"picked":"Reinforced Body","floor":1},{"not_picked":["BootSequence","Compile Driver"],"picked":"White Noise","floor":3},{"not_picked":["Skim","Steam Power"],"picked":"Streamline","floor":4},{"not_picked":["Force Field","Skim"],"picked":"Ball Lightning","floor":7},{"not_picked":["Beam Cell","Compile Driver"],"picked":"Ball Lightning","floor":11},{"not_picked":["Steam","Compile Driver"],"picked":"Leap","floor":13},{"not_picked":["All For One","Reboot"],"picked":"Seek","floor":16},{"not_picked":["Stack","Hello World+1"],"picked":"Capacitor+1","floor":18},{"not_picked":["Rebound","Scrape"],"picked":"Doom and Gloom","floor":20},{"not_picked":["Undo","Sweeping Beam","Steam"],"picked":"SKIP","floor":23},{"not_picked":["Fusion+1","Steam"],"picked":"Hologram+1","floor":25},{"not_picked":["Coolheaded","Skim"],"picked":"Auto Shields","floor":30},{"not_picked":["Loop+1","Steam"],"picked":"Conserve Battery+1","floor":31}],"player_experience":1248481,"relics_obtained":[{"floor":7,"key":"Frozen Egg 2"},{"floor":9,"key":"Bottled Lightning"},{"floor":21,"key":"Enchiridion"},{"floor":23,"key":"Calipers"},{"floor":26,"key":"StoneCalendar"}],"event_choices":[{"damage_healed":0,"gold_gain":0,"player_choice":"Upgraded","damage_taken":0,"max_hp_gain":0,"max_hp_loss":0,"event_name":"Upgrade Shrine","floor":2,"gold_loss":0,"cards_upgraded":["Reinforced Body"]},{"damage_healed":0,"gold_gain":0,"player_choice":"Ignored","damage_taken":0,"max_hp_gain":0,"max_hp_loss":0,"event_name":"Liars Game","floor":5,"gold_loss":0},{"damage_healed":0,"gold_gain":0,"player_choice":"Take Wound","damage_taken":0,"relics_obtained":["Golden Idol"],"max_hp_gain":0,"max_hp_loss":0,"event_name":"Golden Idol","floor":8,"gold_loss":0,"cards_obtained":["Injury"]},{"damage_healed":0,"gold_gain":76,"player_choice":"Gained Gold","damage_taken":0,"max_hp_gain":0,"max_hp_loss":0,"event_name":"Golden Wing","floor":12,"gold_loss":0},{"damage_healed":0,"gold_gain":0,"player_choice":"Ignored","damage_taken":0,"max_hp_gain":0,"max_hp_loss":0,"event_name":"Shining Light","floor":14,"gold_loss":0},{"damage_healed":0,"gold_gain":0,"player_choice":"Gave Idol","damage_taken":0,"relics_obtained":["Bloody Idol"],"max_hp_gain":0,"max_hp_loss":0,"event_name":"Forgotten Altar","floor":19,"relics_lost":["Golden Idol"],"gold_loss":0},{"damage_healed":0,"gold_gain":0,"player_choice":"Obtained Book","damage_taken":21,"max_hp_gain":0,"max_hp_loss":0,"event_name":"Cursed Tome","floor":21,"gold_loss":0},{"damage_healed":0,"gold_gain":100,"player_choice":"Bet on Murderer","damage_taken":0,"max_hp_gain":0,"max_hp_loss":0,"event_name":"The Joust","floor":28,"gold_loss":50}],"is_beta":false,"boss_relics":[{"not_picked":["Sozu","Runic Pyramid"],"picked":"Cursed Key"}],"items_purged_floors":[10],"is_endless":false,"potions_floor_spawned":[4,13,16,18,30,31],"killed_by":"Collector","ascension_level":16}}