{"host":"tst5pjz7m60hr0pr","time":1608140533,"event":{"mods":["AchievementEnabler","Act Like it!","Aspiration","Bard","BaseMod","Beaked The Cultist","Better Altar","Better Match","Better Note","Better Sensory Stone","Better Skull","Better Third Choice","BetterRewards","CCEM","Clawfect","Colored Map","Conspire","Downfall","GifTheSpireLib","Halation","Hallownest","Hermit","Highlight Path","Hubris","Infinite Spire","Jedi Mod","Marisa????????","Mimic Mod","Minty Spire (QoL Compilation)","Permanent Neow","Replay The Spire","Shade Mod","Shop Mod","Spicy Shops","StSLib","Stuff the Spire","The Administrix","The Blackbeard","The Bug Knight","The Cursed","The Disciple","The IronCluck","The Jungle","The Mystic","The Necromancer","The Problem Sleuth","The Runesmith","The Servant 0.9.4","The Spell Scribe","Unceasing Turn Reminder","everything is the same but u backflip on backflip","slay the spire mod where everything is the same but ironclad has a cowboy hat"],"gold_per_floor":[110,285,285,285,304,332,3,3,3,3,30,48,89,109,109,235,235,267,273,275,275,275],"floor_reached":21,"playtime":10371,"items_purged":["infinitespire:Pacifist"],"score":205,"play_id":"1e5ccfab-b37f-494c-b49c-0d15109853c5","local_time":"20201216114213","is_ascension_mode":true,"campfire_choices":[{"data":"Flex","floor":8,"key":"SMITH"},{"data":"Bash","floor":10,"key":"SMITH"},{"floor":15,"key":"REST"}],"circlet_count":0,"master_deck":["Strike_R","Strike_R","Strike_R","Strike_R","Strike_R","Defend_R","Defend_R","Defend_R","Defend_R","Bash+1","Anger","Doubt","Blood for Blood","Cleave","Warcry","Flex+1","Bloodletting","Rupture","StuffTheSpire:RockThrow","hubris:SharpeningStone","Demon Form","StuffTheSpire:WarGroove","StuffTheSpire:WarGroove"],"relics":["Burning Blood","Ring of Panic","ReplayTheSpireMod:Ring of Exchange","Replay:Accelerometer","MerchantsRug","HandDrill","CCEMRelics:OrganicArmor","infinitespire:Midas Blood","Ancient Tea Set","halation:NonexistentMirror","hubris:BottledHeart"],"acts_visited":["Exordium","TheCity"],"potions_floor_usage":[13,16,16],"damage_taken":[{"damage":11,"enemies":"2 Louse","floor":1,"turns":3},{"damage":0,"enemies":"Small Slimes","floor":5,"turns":2},{"damage":26,"enemies":"Replay:BlueRogue","floor":6,"turns":5},{"damage":16,"enemies":"Lagavulin","floor":11,"turns":5},{"damage":6,"enemies":"Jaw Worm","floor":12,"turns":2},{"damage":42,"enemies":"Gremlin Nob","floor":13,"turns":6},{"damage":1,"enemies":"Exordium Wildlife","floor":14,"turns":3},{"damage":57,"enemies":"The Guardian","floor":16,"turns":10},{"damage":37,"enemies":"Shell Parasite","floor":18,"turns":6},{"damage":0,"enemies":"Centurion and Healer","floor":21,"turns":1}],"seed_played":"-6991585088742125509","potions_obtained":[{"floor":6,"key":"conspire:TimeTravelPotion"},{"floor":12,"key":"jedi:wingpotion"},{"floor":13,"key":"conspire:TimeTravelPotion"},{"floor":14,"key":"Energy Potion"},{"floor":18,"key":"champ:CounterPotion"}],"is_trial":false,"path_per_floor":["M","?","?","?","M","E","$","R","T","R","E","M","E","M","R","B",null,"M","?","?","M"],"character_chosen":"IRONCLAD","items_purchased":["MerchantsRug","Flex","HandDrill"],"campfire_rested":1,"item_purchase_floors":[7,7,7],"current_hp_per_floor":[75,75,75,75,80,60,60,60,60,60,50,50,28,33,57,22,80,49,29,1,1,1],"gold":275,"neow_bonus":"NOSTALGIA","is_daily":false,"chose_seed":false,"campfire_upgraded":2,"win_rate":0.0,"timestamp":1608140533,"path_taken":["M","?","?","?","M","E","?","R","T","R","E","?","E","M","R","BOSS","M","?","?","?"],"items_purchased_type":["Relic","Card","Relic"],"build_version":"2020-12-13","purchased_purges":1,"victory":false,"max_hp_per_floor":[80,80,80,80,80,80,80,80,80,80,80,80,80,80,80,80,80,80,80,1,1,1],"card_choices":[{"not_picked":["Headbutt","True Grit"],"picked":"Anger","floor":1},{"not_picked":["Heavy Blade","StuffTheSpire:RagingBull"],"picked":"Cleave","floor":5},{"not_picked":["jedi:fear","Replay:Undeath\u0027s Touch"],"picked":"Warcry","floor":6},{"not_picked":["StuffTheSpire:RagingBull","Berserk"],"picked":"Bloodletting","floor":11},{"not_picked":["Flex","Clash"],"picked":"Rupture","floor":12},{"not_picked":["Defy Death","hubris:CleavingFinish"],"picked":"StuffTheSpire:RockThrow","floor":13},{"not_picked":["Burning Pact","StuffTheSpire:Slingshot"],"picked":"hubris:SharpeningStone","floor":14},{"not_picked":["Demonic Infusion","Replay:Many Hands"],"picked":"Demon Form","floor":16},{"not_picked":["Sword Boomerang","Searing Blow","Anger"],"picked":"SKIP","floor":18}],"player_experience":265150,"relics_obtained":[{"floor":4,"key":"Ring of Panic"},{"floor":4,"key":"ReplayTheSpireMod:Ring of Exchange"},{"floor":6,"key":"Replay:Accelerometer"},{"floor":9,"key":"CCEMRelics:OrganicArmor"},{"floor":11,"key":"infinitespire:Midas Blood"},{"floor":13,"key":"Ancient Tea Set"}],"event_choices":[{"damage_healed":0,"gold_gain":175,"player_choice":"AGREE","damage_taken":110,"max_hp_gain":0,"max_hp_loss":0,"event_name":"betterThird:BetterSerpent","floor":2,"gold_loss":0}],"is_beta":false,"boss_relics":[{"not_picked":["halation:LoveArrow","Lee\u0027s Waffle"],"picked":"halation:NonexistentMirror"}],"items_purged_floors":[7],"is_endless":false,"potions_floor_spawned":[6,12,13,14,18],"killed_by":"Centurion and Healer","ascension_level":1}}