{"host":"9el4dfae55z5uwq4","time":1608120107,"event":{"mods":["BaseMod","Colored Map","Colored Powertips","Custom Start","DeckTracker","Lobotomy","Minty Spire (QoL Compilation)","StSLib","SuperFastMode"],"gold_per_floor":[113,123,142,142,153,153,78,153,207,10,60,92,92,110,110,110,110],"floor_reached":16,"playtime":276,"items_purged":[],"score":250,"play_id":"8b4c18fe-d619-4a7b-b55e-06e387f5cb78","local_time":"20201216210147","is_ascension_mode":true,"campfire_choices":[{"data":"Deadly Poison","floor":6.0,"key":"SMITH"},{"data":"Reflex","floor":13,"key":"SMITH"},{"data":"Calculated Gamble","floor":15,"key":"SMITH"}],"circlet_count":0,"master_deck":["AscendersBane","Strike_G","Strike_G","Strike_G","Defend_G","Defend_G","Defend_G","Defend_G","Defend_G","Survivor","Neutralize","Prepared","Dagger Spray","Die Die Die","Calculated Gamble+1","Deadly Poison+1","Reflex+1","Flash of Steel","Escape Plan"],"relics":["Ring of the Snake","Torii","Vajra","Smiling Mask"],"acts_visited":["Exordium"],"potions_floor_usage":[12,12],"damage_taken":[{"damage":0.0,"enemies":"Small Slimes","floor":1.0,"turns":4.0},{"damage":2.0,"enemies":"Jaw Worm","floor":2.0,"turns":6.0},{"damage":9.0,"enemies":"Cultist","floor":3.0,"turns":6.0},{"damage":0.0,"enemies":"2 Fungi Beasts","floor":5.0,"turns":3.0},{"damage":0,"enemies":"Gremlin Nob","floor":12,"turns":2},{"damage":0,"enemies":"Lots of Slimes","floor":14,"turns":1},{"damage":22,"enemies":"Hexaghost","floor":16,"turns":9}],"seed_played":"6915441290491070239","potions_obtained":[{"floor":1.0,"key":"Swift Potion"},{"floor":5.0,"key":"SteroidPotion"}],"is_trial":false,"path_per_floor":["M","M","M","?","M","R","?","?","T","$","?","E","R","M","R","B"],"character_chosen":"THE_SILENT","items_purchased":["Reflex","Flash of Steel"],"campfire_rested":0,"item_purchase_floors":[10,10],"current_hp_per_floor":[44,42,33,33,33,33,33,22,22,22,22,22,22,22,22,0,0],"gold":110,"neow_bonus":"ONE_RARE_RELIC","is_daily":false,"chose_seed":false,"campfire_upgraded":3,"win_rate":0.0,"timestamp":1608120107,"path_taken":["M","M","M","?","M","R","?","?","T","$","?","E","R","M","R","BOSS"],"items_purchased_type":["Card","Card"],"build_version":"2020-12-13","purchased_purges":0,"victory":false,"max_hp_per_floor":[66,66,66,66,66,66,66,66,66,66,66,66,66,66,66,66,66],"card_choices":[{"not_picked":["Catalyst","Deflect"],"picked":"Prepared","floor":1.0},{"not_picked":["Dagger Throw","Slice"],"picked":"Dagger Spray","floor":2.0},{"not_picked":["Infinite Blades","Bane"],"picked":"Die Die Die","floor":3.0},{"not_picked":["Masterful Stab","Setup"],"picked":"Deadly Poison","floor":5.0},{"not_picked":["Deflect","Poisoned Stab"],"picked":"Escape Plan","floor":12},{"not_picked":["Envenom","Underhanded Strike","Cloak And Dagger"],"picked":"SKIP","floor":14}],"player_experience":1548684,"relics_obtained":[{"floor":9.0,"key":"Vajra"},{"floor":12,"key":"Smiling Mask"}],"event_choices":[{"damage_healed":0.0,"max_hp_gain":0.0,"max_hp_loss":0.0,"gold_gain":0.0,"cards_transformed":["Strike_G"],"event_name":"Living Wall","player_choice":"Change","floor":4.0,"gold_loss":0.0,"damage_taken":0.0,"cards_obtained":["Calculated Gamble"]},{"cards_removed":["Strike_G"],"damage_healed":0.0,"max_hp_gain":0.0,"max_hp_loss":0.0,"gold_gain":0.0,"event_name":"The Cleric","player_choice":"Card Removal","floor":7.0,"gold_loss":75.0,"damage_taken":0.0},{"damage_healed":0.0,"max_hp_gain":0.0,"max_hp_loss":0.0,"gold_gain":75.0,"event_name":"World of Goop","player_choice":"Gather Gold","floor":8.0,"gold_loss":0.0,"damage_taken":11.0},{"damage_healed":0.0,"max_hp_gain":0.0,"max_hp_loss":0.0,"gold_gain":50.0,"event_name":"Golden Shrine","player_choice":"Pray","floor":11.0,"gold_loss":0.0,"damage_taken":0.0}],"is_beta":false,"boss_relics":[],"items_purged_floors":[],"is_endless":false,"potions_floor_spawned":[1,5],"killed_by":"Hexaghost","ascension_level":20}}