{"host":"5nj7t8259370g0gl","time":1608105197,"event":{"mods":["AchievementEnabler","BaseMod","Bestiary","Colored Map","Colored Powertips","Displayed Cursed Tome","Downfall","Minty Spire (QoL Compilation)","Permanent Neow","Relic Sorter","Shop Mod","StSLib"],"gold_per_floor":[500115,499224,499236,498495,498557,498582,498582,498610,498680,498680,498680,498707,498059,498059,498059,498158,498158,498176,498176,497424,496756,496756,496786,496818,496113,496164,496192,496218,496218,496228,496228,496228,496330,496330,496345,496369,496369,496381,500000,500031,499507,499541,499541,498602,498602,498627,498627,497775,497775,497775],"floor_reached":51,"playtime":2365,"items_purged":["champ:FanOfKnives","champ:PerfectedStrike","champ:PerfectedStrike","champ:RisingSlash","champ:StanceDance","champ:BerserkersShout"],"score":1374,"play_id":"6da8218e-86ad-4216-bbe6-a5b7bd53e96a","local_time":"20201216185317","daily_mods":["SealedDeck","Heirloom","Flight"],"is_ascension_mode":true,"campfire_choices":[{"data":"champ:BerserkerStyle","floor":7.0,"key":"SMITH"},{"data":"champ:FocusedBerserking","floor":10.0,"key":"SMITH"},{"data":"champ:Encircle","floor":11.0,"key":"SMITH"},{"data":"champ:Encircle","floor":15.0,"key":"SMITH"},{"floor":32.0,"key":"REST"},{"floor":47,"key":"REST"},{"floor":49,"key":"REST"}],"circlet_count":0,"master_deck":["champ:Encircle+1","champ:EnragedBash","champ:Encircle+1","champ:BerserkerStyle+1","champ:HeartStrike","champ:RisingSlash","champ:EndlessRage+1","champ:FocusedBerserking+1","champ:FocusedBerserking+1","Trip+1","champ:SwordThrow+1","champ:Shatter+1","champ:RapidStrikes+1","champ:SwordThrow+1","champ:VampiricStrike+1","champ:AdrenalArmor","champ:AdrenalArmor+1","champ:VampiricStrike+1"],"relics":["champ:ChampionCrown","Lizard Tail","Letter Opener","Pocketwatch","HandDrill","PreservedInsect","Incense Burner","Medical Kit","Toy Ornithopter","Centennial Puzzle","Blue Candle","Calipers","Molten Egg 2","DollysMirror","Dream Catcher","Fusion Hammer","Enchiridion","ClockworkSouvenir","Meat on the Bone","Question Card","Guardian:PocketSentry","InkBottle","Frozen Eye","TungstenRod","Eternal Feather","Ginger","HornCleat","Lee\u0027s Waffle","Orichalcum","Anchor","Kunai","Bottled Lightning","SlaversCollar","Juzu Bracelet","Red Mask","Art of War","Vajra","Oddly Smooth Stone","hexamod:BolsterEngine","Mercury Hourglass","Darkstone Periapt","Strange Spoon","Guardian:GemstoneGun","Omamori","Pantograph","Singing Bowl","TheAbacus"],"acts_visited":["Exordium","TheCity","TheBeyond"],"potions_floor_usage":[],"damage_taken":[{"damage":23.0,"enemies":"Cultist","floor":1.0,"turns":3.0},{"damage":24.0,"enemies":"Jaw Worm","floor":3.0,"turns":2.0},{"damage":22.0,"enemies":"Gremlin Nob","floor":6.0,"turns":2.0},{"damage":37.0,"enemies":"3 Sentries","floor":8.0,"turns":3.0},{"damage":17.0,"enemies":"Gremlin Nob","floor":12.0,"turns":2.0},{"damage":42.0,"enemies":"Slime Boss","floor":16.0,"turns":2.0},{"damage":37.0,"enemies":"Spheric Guardian","floor":18.0,"turns":3.0},{"damage":50.0,"enemies":"Slavers","floor":23.0,"turns":2.0},{"damage":22.0,"enemies":"Gremlin Leader","floor":24.0,"turns":2.0},{"damage":13.0,"enemies":"Book of Stabbing","floor":27.0,"turns":2.0},{"damage":23.0,"enemies":"Gremlin Leader","floor":28.0,"turns":2.0},{"damage":16.0,"enemies":"3 Byrds","floor":30.0,"turns":2.0},{"damage":17.0,"enemies":"Collector","floor":33.0,"turns":3.0},{"damage":9.0,"enemies":"Orb Walker","floor":35.0,"turns":2.0},{"damage":23.0,"enemies":"3 Darklings","floor":38.0,"turns":2.0},{"damage":22.0,"enemies":"Nemesis","floor":40.0,"turns":3.0},{"damage":16.0,"enemies":"Giant Head","floor":42.0,"turns":2.0},{"damage":8,"enemies":"Reptomancer","floor":46,"turns":2},{"damage":31,"enemies":"Donu and Deca","floor":50,"turns":3}],"seed_played":"-1827732374058162990","potions_obtained":[{"floor":8.0,"key":"Block Potion"},{"floor":12.0,"key":"DistilledChaos"},{"floor":18.0,"key":"SkillPotion"},{"floor":24.0,"key":"Strength Potion"},{"floor":45,"key":"champ:UltimateStancePotion"}],"is_trial":true,"path_per_floor":["M","$","M","$","?","E","R","E","T","R","R","E","$","?","R","B",null,"M","?","$","$","?","E","E","$","T","E","E","?","M","T","R","B",null,"M","T","?","M","?","E","$","E","T","$","?","E","R","$","R","B",null],"character_chosen":"THE_CHAMP","items_purchased":["Letter Opener","Pocketwatch","HandDrill","champ:StanceDance","PowerPotion","AttackPotion","Fire Potion","PreservedInsect","Incense Burner","Medical Kit","champ:FanOfKnives","Molten Egg 2","DollysMirror","Trip","Dream Catcher","ClockworkSouvenir","Meat on the Bone","Question Card","Guardian:PocketSentry","InkBottle","Frozen Eye","Ginger","HornCleat","Lee\u0027s Waffle","Vajra","Oddly Smooth Stone","champ:VampiricStrike+1","Darkstone Periapt","Strange Spoon","Guardian:GemstoneGun","champ:AdrenalArmor","Pantograph","Singing Bowl","TheAbacus"],"campfire_rested":3,"item_purchase_floors":[2,2,2,2,2,2,2,4,4,4,4,13,13,13,13,20,20,20,21,21,21,25,25,25,41,41,41,44,44,44,44,48,48,48],"current_hp_per_floor":[90,90,82,82,82,90,90,90,90,90,90,90,90,72,72,90,90,90,74,74,74,74,90,90,97,97,97,97,92,97,97,97,97,97,97,97,92,92,92,92,92,92,92,92,92,92,92,92,92,92],"gold":497775,"neow_bonus":"","is_daily":false,"chose_seed":false,"campfire_upgraded":4,"win_rate":0.0,"timestamp":1608105197,"path_taken":["M","$","?","$","?","E","R","E","T","R","R","E","$","?","R","BOSS","M","?","$","$","?","E","E","$","T","E","E","?","?","?","R","BOSS","M","?","?","M","?","E","$","E","T","$","?","E","R","$","R","BOSS"],"items_purchased_type":["Relic","Relic","Relic","Card","Potion","Potion","Potion","Relic","Relic","Relic","Card","Relic","Relic","Card","Relic","Relic","Relic","Relic","Relic","Relic","Relic","Relic","Relic","Relic","Relic","Relic","Card","Relic","Relic","Relic","Card","Relic","Relic","Relic"],"build_version":"2020-12-13","purchased_purges":6,"victory":true,"max_hp_per_floor":[90,90,90,90,90,90,90,90,90,90,90,90,90,90,90,90,90,90,90,90,90,90,90,90,97,97,97,97,97,97,97,97,97,97,97,97,92,92,92,92,92,92,92,92,92,92,92,92,92,92],"card_choices":[{"not_picked":["champ:DefensiveShout","champ:FightOn","champ:FaceSlap"],"picked":"SKIP","floor":1.0},{"not_picked":["champ:FlashCut","champ:DefensiveShout","champ:FightOn"],"picked":"SKIP","floor":3.0},{"not_picked":["champ:DefensiveShout","champ:ViciousMockery"],"picked":"champ:PerfectedStrike","floor":6.0},{"not_picked":["champ:BladeFlurry","champ:PerfectForm"],"picked":"champ:FocusedBerserking","floor":8.0},{"not_picked":["champ:HeavySlash","champ:ShieldWall","champ:ArenaPreparation"],"picked":"SKIP","floor":12.0},{"not_picked":["champ:CrownThrow+1","champ:HeavySlash+1"],"picked":"champ:SwordThrow+1","floor":16.0},{"not_picked":["champ:FocusedDefense","champ:RisingSlash+1"],"picked":"champ:Shatter+1","floor":18.0},{"not_picked":["champ:PreciseThrust+1","champ:GladiatorsShout","champ:BladeFlurry+1"],"picked":"champ:RapidStrikes+1","floor":23.0},{"not_picked":["champ:Duel+1","champ:BringItOn","champ:Riposte","champ:StanceDance+1"],"picked":"SKIP","floor":24.0},{"not_picked":["champ:BringItOn","champ:Haymaker+1","champ:ArenaPreparation","champ:BladeFlurry+1"],"picked":"SKIP","floor":27.0},{"not_picked":["champ:EndlessRage","champ:CrookedStrike+1","champ:FocusedGladiator","champ:BerserkersShout"],"picked":"SKIP","floor":28.0},{"not_picked":["champ:StanceDance","champ:ArenaPreparation","champ:BerserkersShout","champ:FanOfKnives+1"],"picked":"SKIP","floor":30.0},{"not_picked":["champ:SteelEdge+1","champ:IgnorePain","champ:LastStand"],"picked":"champ:SwordThrow+1","floor":33.0},{"not_picked":["champ:StanceDance","champ:Duel+1","champ:RapidStrikes+1","champ:FlashCut+1"],"picked":"SKIP","floor":35.0},{"not_picked":["champ:FlashCut+1","champ:ShieldWall","champ:GladiatorStyle","champ:BringItOn"],"picked":"SKIP","floor":38.0},{"not_picked":["champ:BladeFlurry+1","champ:SteelEdge+1","champ:PerfectedStrike+1","champ:RisingSlash+1"],"picked":"SKIP","floor":40.0},{"not_picked":["champ:FanOfKnives+1","champ:PerfectedStrike+1","champ:BerserkersShout+1","champ:DeathBlow+1"],"picked":"SKIP","floor":42.0},{"not_picked":["champ:Haymaker+1","champ:Circumvent+1","champ:BringItOn","champ:BerserkersShout"],"picked":"SKIP","floor":46},{"not_picked":["champ:DefensiveStyle","champ:FocusedDefense+1","champ:BerserkersShout"],"picked":"champ:AdrenalArmor+1","floor":47},{"not_picked":["champ:FanOfKnives+1","champ:CalledShot","champ:GladiatorsShout+1"],"picked":"champ:VampiricStrike+1","floor":49}],"player_experience":789746,"relics_obtained":[{"floor":6.0,"key":"Toy Ornithopter"},{"floor":8.0,"key":"Centennial Puzzle"},{"floor":9.0,"key":"Blue Candle"},{"floor":12.0,"key":"Calipers"},{"floor":23.0,"key":"TungstenRod"},{"floor":24.0,"key":"Eternal Feather"},{"floor":26.0,"key":"Orichalcum"},{"floor":27.0,"key":"Anchor"},{"floor":28.0,"key":"Kunai"},{"floor":31.0,"key":"Bottled Lightning"},{"floor":36.0,"key":"Juzu Bracelet"},{"floor":40.0,"key":"Art of War"},{"floor":42.0,"key":"hexamod:BolsterEngine"},{"floor":43.0,"key":"Mercury Hourglass"},{"floor":46,"key":"Omamori"}],"event_choices":[{"damage_healed":0.0,"max_hp_gain":0.0,"max_hp_loss":0.0,"gold_gain":62.0,"event_name":"Golden Wing","player_choice":"Gained Gold","floor":5.0,"gold_loss":0.0,"damage_taken":0.0},{"damage_healed":0.0,"max_hp_gain":0.0,"max_hp_loss":0.0,"gold_gain":0.0,"event_name":"Shining Light","player_choice":"Entered Light","floor":14.0,"gold_loss":0.0,"damage_taken":18.0,"cards_upgraded":["Trip","champ:EndlessRage"]},{"damage_healed":0.0,"max_hp_gain":0.0,"max_hp_loss":0.0,"gold_gain":0.0,"event_name":"Cursed Tome","player_choice":"Obtained Book","floor":19.0,"gold_loss":0.0,"damage_taken":16.0},{"damage_healed":0.0,"max_hp_gain":0.0,"max_hp_loss":0.0,"gold_gain":0.0,"event_name":"Beggar","player_choice":"Ignored","floor":22.0,"gold_loss":0.0,"damage_taken":0.0},{"damage_healed":0.0,"max_hp_gain":0.0,"max_hp_loss":0.0,"gold_gain":0.0,"event_name":"Knowing Skull","player_choice":"","floor":29.0,"potions_obtained":[],"gold_loss":0.0,"damage_taken":6.0,"cards_obtained":[]},{"damage_healed":0.0,"max_hp_gain":0.0,"max_hp_loss":5.0,"gold_gain":0.0,"event_name":"Winding Halls","player_choice":"Max HP","floor":37.0,"gold_loss":0.0,"damage_taken":0.0},{"damage_healed":0.0,"max_hp_gain":0.0,"max_hp_loss":0.0,"gold_gain":0.0,"event_name":"Tomb of Lord Red Mask","player_choice":"Paid","floor":39.0,"gold_loss":496381.0,"damage_taken":0.0,"relics_obtained":["Red Mask"]},{"damage_healed":0,"gold_gain":0,"player_choice":"Got Potions","damage_taken":0,"max_hp_gain":0,"max_hp_loss":0,"event_name":"Lab","floor":45,"gold_loss":0}],"is_beta":false,"boss_relics":[{"not_picked":["Calling Bell","Cursed Key"],"picked":"Fusion Hammer"},{"not_picked":["Velvet Choker","Runic Pyramid"],"picked":"SlaversCollar"}],"items_purged_floors":[4,20,21,41,44,48],"is_endless":false,"potions_floor_spawned":[8,12,18,24,30,33,40,42],"ascension_level":1}}