{"host":"jak4ncvfzor9mys0","time":1608091178,"event":{"mods":["2.2 Compatiblity","AchievementEnabler","BaseMod","Better Altar","Better Match","Better Note","Better Sensory Stone","Better Skull","Better Third Choice","BetterRewards","Block Reminder","Colored Map","Colored Powertips","Energized Spire","Gold Saver","Hubris","Infinite Spire","Key Reminder","Minty Spire (QoL Compilation)","Rare Cards Sparkle","Red Circlet Mod","Relic Sorter","Relic Stats","Replay The Spire","Retaliation","StSLib","SuperFastMode","The Blue Laboratory"],"gold_per_floor":[1604,1618,1618,1197,1197,1197,1216,1216,1216,1227,1242,1277,1277,1294,1294,1390,1390,1406,1113,1133,1133,545,545,578,589,589,609,609,620,646,731,731,827,827,845,845,845,845,546,569,569,607,631,642,642,659,659,678,678,685,685],"floor_reached":50,"playtime":2241,"items_purged":["Defend_R","Strike_R","Defend_R","Strike_R","Bash"],"score":787,"play_id":"7c147bfd-6f6c-465b-bbbb-8c8c182603a0","local_time":"20201215195938","is_ascension_mode":false,"campfire_choices":[{"data":"Twin Strike","floor":6,"key":"SMITH"},{"data":"hubris:ReadiedAction","floor":13,"key":"SMITH"},{"floor":15,"key":"REST"},{"data":"Barricade","floor":28,"key":"SMITH"},{"data":"DDmod:SpikeMailSkill","floor":32,"key":"SMITH"},{"data":"Shrug It Off","floor":41,"key":"SMITH"},{"data":"Shrug It Off","floor":45,"key":"SMITH"},{"data":"DDmod:SpikedSkill","floor":47,"key":"SMITH"},{"data":"DDmod:SpikedSkill","floor":49,"key":"SMITH"}],"circlet_count":0,"master_deck":["Strike_R","Strike_R","Strike_R","Defend_R","Defend_R","Entrench+1","Ghostly Armor","Impervious","Twin Strike+1","Shrug It Off+1","hubris:ReadiedAction+1","DDmod:SpikedSkill+1","Barricade+1","Shrug It Off+1","DDmod:SpikeMailSkill+1","Body Slam+1","DDmod:ScaleUpSkill","Ghostly Armor","ReplayTheSpireMod:Stacked+1","Parasite","DDmod:SpikedSkill+1"],"relics":["Burning Blood","Happy Flower","DDmod:StuhbiRelic","hubris:TenFootPole","ReplayTheSpireMod:Lightbulb","hubris:TinFlute","Strange Spoon","Bottled Flame","energizedSpire:RedRose","ClockworkSouvenir","ReplayFunnel","Garlic","hubris:64BitClover","MealTicket","hubris:ScarierMask","Replay:Lucky Slots","Replay:Wax Seal","Smiling Mask","Vajra"],"acts_visited":["Exordium","TheCity","TheBeyond"],"potions_floor_usage":[12,25,33,50],"damage_taken":[{"damage":5,"enemies":"Small Slimes","floor":1,"turns":4},{"damage":1,"enemies":"Jaw Worm","floor":2,"turns":5},{"damage":0,"enemies":"2 Louse","floor":7,"turns":3},{"damage":9,"enemies":"Blue Slaver","floor":10,"turns":4},{"damage":17,"enemies":"Exordium Thugs","floor":11,"turns":7},{"damage":23,"enemies":"Gremlin Nob","floor":12,"turns":5},{"damage":0,"enemies":"3 Louse","floor":14,"turns":4},{"damage":37,"enemies":"Hexaghost","floor":16,"turns":11},{"damage":13,"enemies":"Shell Parasite","floor":18,"turns":9},{"damage":0,"enemies":"Chosen","floor":20,"turns":8},{"damage":7,"enemies":"Gremlin Leader","floor":24,"turns":12},{"damage":70,"enemies":"3 Cultists","floor":25,"turns":9},{"damage":0,"enemies":"Chosen and Byrds","floor":27,"turns":7},{"damage":0,"enemies":"Centurion and Healer","floor":29,"turns":8},{"damage":0,"enemies":"Book of Stabbing","floor":30,"turns":5},{"damage":43,"enemies":"hubris:MusketHawk","floor":33,"turns":11},{"damage":2,"enemies":"3 Darklings","floor":35,"turns":6},{"damage":23,"enemies":"Orb Walker","floor":40,"turns":6},{"damage":0,"enemies":"Nightmare","floor":42,"turns":6},{"damage":0,"enemies":"Maw","floor":44,"turns":8},{"damage":0,"enemies":"Writhing Mass","floor":46,"turns":4},{"damage":0,"enemies":"Jaw Worm Horde","floor":48,"turns":5},{"damage":78,"enemies":"hubris:GrandSnecko","floor":50,"turns":12}],"seed_played":"-3071701289704256325","potions_obtained":[{"floor":7,"key":"LiquidBronze"},{"floor":10,"key":"blueLaboratory:CorrosionFlask"},{"floor":11,"key":"Elixir"},{"floor":25,"key":"blueLaboratory:ForbiddenFruitJuice"},{"floor":30,"key":"Regen Potion"},{"floor":46,"key":"blueLaboratory:PhilterOfMotion"}],"is_trial":false,"path_per_floor":["M","M","?","$","?","R","M","$","T","M","M","E","R","M","R","B",null,"M","$","M","?","$","R","E","M","T","M","R","M","E","?","R","B",null,"M","AVR","?","?","$","M","R","NM","T","M","R","M","R","M","R","B"],"character_chosen":"IRONCLAD","items_purchased":["hubris:TenFootPole","Entrench","Impervious","Strange Spoon","Twin Strike","ClockworkSouvenir","Shrug It Off","ReplayFunnel","DDmod:StuhbiRelic","Replay:Wax Seal","Ghostly Armor"],"campfire_rested":1,"item_purchase_floors":[0,0,4,4,4,19,19,22,22,39,39],"current_hp_per_floor":[80,80,66,66,66,66,72,72,72,69,58,41,41,47,71,40,80,73,73,79,79,79,79,78,70,70,70,70,70,70,70,70,48,70,70,70,70,70,70,53,53,59,59,65,65,70,70,70,70,0,0],"gold":685,"neow_bonus":"","is_daily":false,"chose_seed":false,"campfire_upgraded":8,"win_rate":0.0,"timestamp":1608091178,"path_taken":["M","M","?","$","?","R","M","$","T","M","M","E","R","M","R","BOSS","M","$","M","?","$","R","E","M","T","M","R","M","E","?","R","BOSS","M","AVR","?","?","$","M","R","NM","T","M","R","M","R","M","R","BOSS"],"items_purchased_type":["Relic","Card","Card","Relic","Card","Relic","Card","Relic","Relic","Relic","Card"],"build_version":"2020-12-13","purchased_purges":5,"victory":false,"max_hp_per_floor":[80,80,80,80,80,80,80,80,80,80,80,80,80,80,80,80,80,80,80,80,80,80,80,80,70,70,70,70,70,70,70,70,70,70,70,70,70,70,70,70,70,70,70,70,70,70,70,70,70,70,70],"relic_stats":{"Strange Spoon":[10],"Happy Flower":[49],"counters":[155,776],"MealTicket":0,"Smiling Mask":0,"obtain_stats":[{"Ice Cream":79,"hubris:CrystalStatue":19,"Vajra":43,"Bottled Tornado":28,"hubris:MysteriousPyramids":37,"Ring of Searing":7,"Old Coin":89,"energizedSpire:TabascoSauce":17,"MealTicket":31,"Iron Hammer":99,"Replay:Wax Seal":53,"hubris:TinFlute":3,"Pear":43,"Ring of Hypnosis":7,"Happy Flower":9,"Ring of Chaos":25,"infinitespire:Beetle Shell":40,"Letter Opener":27,"Question Card":28,"Akabeko":5,"infinitespire:EvilPickle":33,"ReplayTheSpireMod:Spearhead":0,"Bottled Flame":26,"DDmod:StuhbiRelic":10,"Shuriken":0,"infinitespire:Broken Mirror":23,"Molten Egg 2":77,"hubris:ToyBattleship":24,"hubris:TenFootPole":0,"Mirror":103,"Unceasing Top":0,"Pocketwatch":2,"ReplayFunnel":22,"hubris:Metronome":9,"Lantern":6,"Torii":31,"Blue Doll":5,"Mango":97,"hubris:SlimyHat":0,"Juzu Bracelet":22,"Cursed Key":17,"Empty Cage":34,"Smiling Mask":42,"Burning Blood":0,"ClockworkSouvenir":3,"Shovel":13,"Chameleon Ring":85,"infinitespire:Bottled Soul":63,"hubris:Stopwatch":17,"Pantograph":74,"Gambling Chip":6,"hubris:ScarierMask":17,"Tiny Chest":9,"hubris:IronBody":13,"Replay:Lucky Slots":36,"Replay:Bottled Eggs":26,"infinitespire:Eraser":94,"hubris:ChampionShield":105,"energizedSpire:DecayingSkull":17,"Red Skull":3,"Potion Belt":9,"Gremlin Food":23,"energizedSpire:RedRose":17,"hubris:DisguiseKit":11,"NeowsBlessing":0,"infinitespire:CursedDice":7,"Golden Idol":5,"hubris:64BitClover":30,"Quantum Egg":36,"Replay:WaspNest":0,"PreservedInsect":9,"hubris:MedicalManual":0,"infinitespire:Lucky Rock":7,"Replay:Arrowhead":85,"Mercury Hourglass":13,"Calling Bell":85,"Cauldron":25,"Strange Spoon":4,"hubris:Spice":26,"betterThird:SlimedRelic":2,"Bloody Idol":31,"Orrery":13,"ChewingGum":34,"Bag of Marbles":46,"infinitespire:Burning Sword":17,"Garlic":26,"Membership Card":0,"Champion Belt":6,"DDmod:BarbedSlagRelic":11,"ReplayTheSpireMod:Lightbulb":8,"TungstenRod":53,"infinitespire:Midas Blood":4},{"Ice Cream":99,"hubris:CrystalStatue":8,"Vajra":151,"Bottled Tornado":12,"hubris:MysteriousPyramids":74,"Ring of Searing":60,"Old Coin":104,"energizedSpire:TabascoSauce":54,"MealTicket":147,"Iron Hammer":107,"Replay:Wax Seal":84,"hubris:TinFlute":134,"Pear":78,"Ring of Hypnosis":60,"Happy Flower":135,"Ring of Chaos":11,"infinitespire:Beetle Shell":76,"Letter Opener":124,"Question Card":68,"Akabeko":2,"infinitespire:EvilPickle":72,"ReplayTheSpireMod:Spearhead":37,"Bottled Flame":68,"DDmod:StuhbiRelic":29,"Shuriken":47,"infinitespire:Broken Mirror":122,"Molten Egg 2":97,"hubris:ToyBattleship":11,"hubris:TenFootPole":132,"Mirror":108,"Unceasing Top":110,"Pocketwatch":38,"ReplayFunnel":142,"hubris:Metronome":3,"Lantern":51,"Torii":71,"Blue Doll":16,"Mango":107,"hubris:SlimyHat":57,"Juzu Bracelet":66,"Cursed Key":64,"Empty Cage":72,"Smiling Mask":151,"Burning Blood":0,"ClockworkSouvenir":15,"Shovel":30,"Chameleon Ring":101,"infinitespire:Bottled Soul":89,"hubris:Stopwatch":7,"Pantograph":96,"Gambling Chip":114,"hubris:ScarierMask":32,"Tiny Chest":17,"hubris:IronBody":62,"Replay:Lucky Slots":149,"Replay:Bottled Eggs":11,"infinitespire:Eraser":106,"hubris:ChampionShield":109,"energizedSpire:DecayingSkull":20,"Red Skull":25,"Potion Belt":60,"Gremlin Food":67,"energizedSpire:RedRose":140,"hubris:DisguiseKit":4,"NeowsBlessing":0,"infinitespire:CursedDice":17,"Golden Idol":26,"hubris:64BitClover":147,"Quantum Egg":127,"Replay:WaspNest":24,"PreservedInsect":29,"hubris:MedicalManual":110,"infinitespire:Lucky Rock":3,"Replay:Arrowhead":101,"Mercury Hourglass":116,"Calling Bell":101,"Cauldron":11,"Strange Spoon":134,"hubris:Spice":123,"betterThird:SlimedRelic":1,"Bloody Idol":125,"Orrery":116,"ChewingGum":126,"Bag of Marbles":80,"infinitespire:Burning Sword":118,"Garlic":144,"Membership Card":14,"Champion Belt":27,"DDmod:BarbedSlagRelic":29,"ReplayTheSpireMod:Lightbulb":41,"TungstenRod":84,"infinitespire:Midas Blood":39},{"Ice Cream":427,"hubris:CrystalStatue":35,"Vajra":747,"Bottled Tornado":59,"hubris:MysteriousPyramids":361,"Ring of Searing":315,"Old Coin":444,"energizedSpire:TabascoSauce":283,"MealTicket":718,"Iron Hammer":454,"Replay:Wax Seal":407,"hubris:TinFlute":626,"Pear":380,"Ring of Hypnosis":315,"Happy Flower":629,"Ring of Chaos":55,"infinitespire:Beetle Shell":372,"Letter Opener":564,"Question Card":342,"Akabeko":2,"infinitespire:EvilPickle":356,"ReplayTheSpireMod:Spearhead":202,"Bottled Flame":342,"DDmod:StuhbiRelic":152,"Shuriken":256,"infinitespire:Broken Mirror":545,"Molten Egg 2":424,"hubris:ToyBattleship":55,"hubris:TenFootPole":617,"Mirror":460,"Unceasing Top":468,"Pocketwatch":205,"ReplayFunnel":677,"hubris:Metronome":3,"Lantern":269,"Torii":349,"Blue Doll":82,"Mango":454,"hubris:SlimyHat":305,"Juzu Bracelet":336,"Cursed Key":330,"Empty Cage":356,"Smiling Mask":747,"Burning Blood":0,"ClockworkSouvenir":78,"Shovel":159,"Chameleon Ring":434,"infinitespire:Bottled Soul":414,"hubris:Stopwatch":26,"Pantograph":423,"Gambling Chip":486,"hubris:ScarierMask":174,"Tiny Chest":89,"hubris:IronBody":320,"Replay:Lucky Slots":735,"Replay:Bottled Eggs":55,"infinitespire:Eraser":452,"hubris:ChampionShield":463,"energizedSpire:DecayingSkull":106,"Red Skull":134,"Potion Belt":315,"Gremlin Food":340,"energizedSpire:RedRose":660,"hubris:DisguiseKit":5,"NeowsBlessing":0,"infinitespire:CursedDice":89,"Golden Idol":137,"hubris:64BitClover":718,"Quantum Egg":585,"Replay:WaspNest":132,"PreservedInsect":152,"hubris:MedicalManual":468,"infinitespire:Lucky Rock":3,"Replay:Arrowhead":434,"Mercury Hourglass":496,"Calling Bell":434,"Cauldron":55,"Strange Spoon":626,"hubris:Spice":550,"betterThird:SlimedRelic":1,"Bloody Idol":569,"Orrery":496,"ChewingGum":583,"Bag of Marbles":388,"infinitespire:Burning Sword":520,"Garlic":698,"Membership Card":75,"Champion Belt":144,"DDmod:BarbedSlagRelic":152,"ReplayTheSpireMod:Lightbulb":215,"TungstenRod":407,"infinitespire:Midas Blood":209}],"Burning Blood":695},"card_choices":[{"not_picked":["Replay:Undeath\u0027s Touch","Anger","DDmod:CallousedSkill"],"picked":"SKIP","floor":1},{"not_picked":["Perfected Strike","DDmod:CallousedSkill"],"picked":"Ghostly Armor","floor":2},{"not_picked":["Havoc","Flex","DDmod:UnstoppableAttack"],"picked":"SKIP","floor":7},{"not_picked":["Wild Strike","Defy Death"],"picked":"Shrug It Off","floor":10},{"not_picked":["Perfected Strike","ReplayTheSpireMod:Limb From Limb","Dropkick"],"picked":"SKIP","floor":11},{"not_picked":["Immolate","Cleave"],"picked":"hubris:ReadiedAction","floor":12},{"not_picked":["Power Through","Armaments"],"picked":"DDmod:SpikedSkill","floor":14},{"not_picked":["Berserk","DDmod:GrandUltimatumAttack"],"picked":"Barricade","floor":16},{"not_picked":["True Grit","Sword Boomerang","Pommel Strike+1"],"picked":"SKIP","floor":18},{"not_picked":["DDmod:EasePowerCard+1","DDmod:PokeAttack+1"],"picked":"DDmod:SpikeMailSkill","floor":20},{"not_picked":["Heavy Blade","Twin Strike","DDmod:PokeAttack"],"picked":"SKIP","floor":24},{"not_picked":["Heavy Blade","Armaments"],"picked":"Body Slam+1","floor":25},{"not_picked":["Inflame","Sword Boomerang+1","Feed"],"picked":"SKIP","floor":27},{"not_picked":["infinitespire:OneForAll","Flex","Havoc+1"],"picked":"SKIP","floor":29},{"not_picked":["Cleave","ReplayTheSpireMod:Limb From Limb","Clothesline"],"picked":"SKIP","floor":30},{"not_picked":["hubris:ReadiedAction+1","Warcry"],"picked":"DDmod:ScaleUpSkill","floor":31},{"not_picked":["Headbutt","Clothesline","Armaments+1"],"picked":"SKIP","floor":35},{"not_picked":["Inflame+1","Run Through+1","DDmod:SpikeShotSkill"],"picked":"SKIP","floor":40},{"not_picked":["Life Link","Pommel Strike","ReplayTheSpireMod:Strike From Hell+1"],"picked":"SKIP","floor":42},{"not_picked":["Life Link","Pommel Strike","ReplayTheSpireMod:Strike From Hell+1"],"picked":"SKIP","floor":42},{"not_picked":["Clash","Whirlwind"],"picked":"ReplayTheSpireMod:Stacked+1","floor":44},{"not_picked":["Shockwave","Flex+1","Anger+1"],"picked":"SKIP","floor":46},{"not_picked":["Wild Strike+1","Anger+1"],"picked":"DDmod:SpikedSkill","floor":48}],"player_experience":2618837,"relics_obtained":[{"floor":9,"key":"Happy Flower"},{"floor":12,"key":"Bottled Flame"},{"floor":26,"key":"Garlic"},{"floor":30,"key":"hubris:64BitClover"},{"floor":31,"key":"MealTicket"},{"floor":42,"key":"Smiling Mask"},{"floor":43,"key":"Vajra"}],"event_choices":[{"damage_healed":0,"gold_gain":1,"player_choice":"Relic Relic ","damage_taken":31,"max_hp_gain":0,"max_hp_loss":0,"event_name":"betterThird:BetterScrap","floor":3,"gold_loss":0,"cards_obtained":["Skim"]},{"cards_removed":["Defend_R"],"damage_healed":0,"gold_gain":0,"player_choice":"Give","damage_taken":0,"max_hp_gain":0,"max_hp_loss":0,"event_name":"betterNote:BetterNote","floor":21,"gold_loss":0,"cards_obtained":["Defend_R"]},{"damage_healed":0,"gold_gain":0,"player_choice":"Ignored","damage_taken":0,"max_hp_gain":0,"max_hp_loss":0,"event_name":"Tomb of Lord Red Mask","floor":37,"gold_loss":0}],"is_beta":false,"boss_relics":[{"not_picked":["ReplayTheSpireMod:DimensionalGlitch","Replay:Ancient Bell"],"picked":"energizedSpire:RedRose"},{"not_picked":["Replay:Wanted Poster","Astrolabe"],"picked":"hubris:ScarierMask"}],"items_purged_floors":[4,19,22,36,39],"is_endless":true,"potions_floor_spawned":[7,10,11,25,30,46,48],"killed_by":"hubris:GrandSnecko","ascension_level":0}}