{"host":"mvlqq966zh3ccmv5","time":1608141842,"event":{"mods":["AchievementEnabler","BaseMod","DeckTracker","Minty Spire (QoL Compilation)","SuperFastMode"],"gold_per_floor":[116,131,33,133,149,175,192,192,192,212,212,212,162,175,175,279,279,299,313,327,341,42,42,70,70,95,121,121,140,140,155,155,257,257,271,271,125,136,153,153,188,188,213,225,225,237,266,286,286,286],"floor_reached":51,"playtime":1524,"items_purged":["Strike_P"],"score":1452,"play_id":"1e480c3e-4958-46c9-a61a-46268da27456","local_time":"20201217030402","is_ascension_mode":true,"campfire_choices":[{"data":"Eruption","floor":8.0,"key":"SMITH"},{"data":"TalkToTheHand","floor":15.0,"key":"SMITH"},{"data":"MentalFortress","floor":23.0,"key":"SMITH"},{"data":"Scrawl","floor":28.0,"key":"SMITH"},{"floor":30.0,"key":"REST"},{"floor":32.0,"key":"REST"},{"data":"EmptyMind","floor":40,"key":"SMITH"},{"floor":42,"key":"REST"},{"data":"SandsOfTime","floor":45,"key":"SMITH"},{"floor":49,"key":"REST"}],"circlet_count":0,"master_deck":["AscendersBane","Eruption+1","Vigilance","CrushJoints","Consecrate","BowlingBash+1","InnerPeace","FollowUp+1","FlurryOfBlows","Adaptation+1","SpiritShield","TalkToTheHand+1","Scrawl","FearNoEvil","CrushJoints+1","SandsOfTime+1","MentalFortress+1","EmptyMind+1","Scrawl+1","Swivel","WheelKick","ReachHeaven+1","Vengeance","WaveOfTheHand+1","DeusExMachina","ClearTheMind+1","FlyingSleeves+1","Pray+1","Study+1","FlurryOfBlows+1","Crescendo+1","Adaptation+1","Prostrate+1"],"relics":["PureWater","NeowsBlessing","Incense Burner","Prayer Wheel","Philosopher\u0027s Stone","Whetstone","Unceasing Top","Tiny Chest","Art of War","Astrolabe","Damaru","StrikeDummy","Happy Flower","MealTicket"],"acts_visited":["Exordium","TheCity","TheBeyond"],"potions_floor_usage":[50],"damage_taken":[{"damage":0.0,"enemies":"Cultist","floor":1.0,"turns":1.0},{"damage":0.0,"enemies":"Small Slimes","floor":2.0,"turns":2.0},{"damage":0.0,"enemies":"2 Louse","floor":5.0,"turns":1.0},{"damage":20.0,"enemies":"Lagavulin","floor":6.0,"turns":6.0},{"damage":5.0,"enemies":"Large Slime","floor":7.0,"turns":7.0},{"damage":6.0,"enemies":"Looter","floor":10.0,"turns":2.0},{"damage":7.0,"enemies":"Exordium Thugs","floor":14.0,"turns":5.0},{"damage":2.0,"enemies":"Hexaghost","floor":16.0,"turns":9.0},{"damage":1.0,"enemies":"2 Thieves","floor":18.0,"turns":2.0},{"damage":0.0,"enemies":"Spheric Guardian","floor":19.0,"turns":2.0},{"damage":0.0,"enemies":"Chosen and Byrds","floor":20.0,"turns":4.0},{"damage":6.0,"enemies":"Cultist and Chosen","floor":21.0,"turns":4.0},{"damage":0.0,"enemies":"Slavers","floor":24.0,"turns":4.0},{"damage":6.0,"enemies":"Book of Stabbing","floor":27.0,"turns":3.0},{"damage":39.0,"enemies":"Sentry and Sphere","floor":29.0,"turns":6.0},{"damage":3.0,"enemies":"Centurion and Healer","floor":31.0,"turns":3.0},{"damage":0.0,"enemies":"Collector","floor":33.0,"turns":7.0},{"damage":0.0,"enemies":"Orb Walker","floor":35.0,"turns":1.0},{"damage":0.0,"enemies":"3 Shapes","floor":38.0,"turns":2.0},{"damage":29,"enemies":"Writhing Mass","floor":39,"turns":4},{"damage":0,"enemies":"Giant Head","floor":41,"turns":4},{"damage":5,"enemies":"4 Shapes","floor":44,"turns":3},{"damage":13,"enemies":"Transient","floor":46,"turns":5},{"damage":0,"enemies":"Reptomancer","floor":47,"turns":2},{"damage":1,"enemies":"Spire Growth","floor":48,"turns":3},{"damage":28,"enemies":"Time Eater","floor":50,"turns":4}],"seed_played":"-1417509885196963802","potions_obtained":[{"floor":2.0,"key":"Fire Potion"},{"floor":5.0,"key":"EssenceOfSteel"},{"floor":7.0,"key":"AttackPotion"},{"floor":16.0,"key":"Energy Potion"},{"floor":19.0,"key":"Fruit Juice"},{"floor":20.0,"key":"Swift Potion"},{"floor":21.0,"key":"BottledMiracle"},{"floor":29.0,"key":"SteroidPotion"},{"floor":41,"key":"FairyPotion"},{"floor":48,"key":"Ambrosia"}],"is_trial":false,"path_per_floor":["M","M","$","?","M","E","M","R","T","M","?","?","?","M","R","B",null,"M","M","M","M","$","R","E","?","T","E","R","M","R","M","R","B",null,"M","?","$","M","M","R","E","R","T","M","R","M","E","M","R","B",null],"character_chosen":"WATCHER","items_purchased":["BowlingBash","MentalFortress","EmptyMind","Whetstone","Damaru"],"campfire_rested":4,"item_purchase_floors":[3,22,22,22,37],"current_hp_per_floor":[65,65,65,65,65,45,40,40,40,34,34,27,27,20,20,18,59,58,63,63,57,57,57,57,57,57,51,51,12,35,32,55,55,72,72,72,72,72,43,43,43,66,66,61,61,48,48,47,70,42],"gold":286,"neow_bonus":"THREE_ENEMY_KILL","is_daily":false,"chose_seed":false,"campfire_upgraded":6,"win_rate":0.0,"timestamp":1608141842,"path_taken":["M","M","?","?","M","E","M","R","T","?","?","?","?","M","R","BOSS","M","M","M","M","$","R","E","?","T","E","R","M","R","M","R","BOSS","M","?","$","M","M","R","E","R","T","?","R","M","E","M","R","BOSS"],"items_purchased_type":["Card","Card","Card","Relic","Relic"],"build_version":"2020-12-13","purchased_purges":1,"victory":true,"max_hp_per_floor":[72,72,72,72,72,72,72,72,72,72,72,72,72,72,72,72,72,72,77,77,77,77,77,77,77,77,77,77,77,77,77,77,77,77,77,77,77,77,77,77,77,77,77,77,77,77,77,77,77,77],"card_choices":[{"not_picked":["ThirdEye","Worship"],"picked":"CrushJoints","floor":1.0},{"not_picked":["WaveOfTheHand","Wireheading"],"picked":"Consecrate","floor":2.0},{"not_picked":["Perseverance","CrushJoints"],"picked":"InnerPeace","floor":5.0},{"not_picked":["Crescendo","CrushJoints"],"picked":"FollowUp","floor":6.0},{"not_picked":["Consecrate","FollowUp","Meditate"],"picked":"SKIP","floor":7.0},{"not_picked":["CutThroughFate","Worship"],"picked":"FlurryOfBlows","floor":10.0},{"not_picked":["EmptyBody","Weave"],"picked":"Adaptation","floor":10.0},{"not_picked":["JustLucky","PathToVictory"],"picked":"SpiritShield","floor":14.0},{"not_picked":["ThirdEye","ClearTheMind"],"picked":"TalkToTheHand","floor":14.0},{"not_picked":["Devotion","DevaForm"],"picked":"Scrawl","floor":16.0},{"not_picked":["FollowUp","PathToVictory"],"picked":"FearNoEvil","floor":18.0},{"not_picked":["TalkToTheHand","Halt"],"picked":"CrushJoints+1","floor":18.0},{"not_picked":["InnerPeace","FlurryOfBlows"],"picked":"SandsOfTime","floor":19.0},{"not_picked":["Protect","DevaForm","WindmillStrike"],"picked":"SKIP","floor":19.0},{"not_picked":["EmptyBody","SashWhip","Evaluate"],"picked":"SKIP","floor":20.0},{"not_picked":["Prostrate","DeceiveReality","SashWhip"],"picked":"SKIP","floor":20.0},{"not_picked":["Fasting2","InnerPeace","BattleHymn"],"picked":"SKIP","floor":21.0},{"not_picked":["ThirdEye+1","Collect","WreathOfFlame"],"picked":"SKIP","floor":21.0},{"not_picked":["Swivel","CutThroughFate+1"],"picked":"Scrawl","floor":24.0},{"not_picked":["Protect","BowlingBash"],"picked":"ReachHeaven+1","floor":27.0},{"not_picked":["FlyingSleeves","CarveReality"],"picked":"Vengeance","floor":29.0},{"not_picked":["Halt","CutThroughFate","PathToVictory+1"],"picked":"SKIP","floor":29.0},{"not_picked":["WheelKick","Conclude"],"picked":"WaveOfTheHand+1","floor":31.0},{"not_picked":["PathToVictory","FollowUp","WheelKick"],"picked":"SKIP","floor":31.0},{"not_picked":["Scrawl","Alpha"],"picked":"DeusExMachina","floor":33.0},{"not_picked":["EmptyFist","BowlingBash","Worship+1"],"picked":"SKIP","floor":35.0},{"not_picked":["Wireheading","WheelKick","Vengeance"],"picked":"SKIP","floor":35.0},{"not_picked":["ReachHeaven","ClearTheMind"],"picked":"Study+1","floor":38.0},{"not_picked":["Protect","SignatureMove+1"],"picked":"FlurryOfBlows+1","floor":38.0},{"not_picked":["Halt","ClearTheMind"],"picked":"Crescendo+1","floor":39},{"not_picked":["Prostrate","ClearTheMind+1","SandsOfTime"],"picked":"SKIP","floor":39},{"not_picked":["ReachHeaven","Collect","Protect+1"],"picked":"SKIP","floor":41},{"not_picked":["Crescendo+1","Prostrate","Tantrum"],"picked":"SKIP","floor":44},{"not_picked":["LessonLearned","Crescendo","CarveReality"],"picked":"SKIP","floor":44},{"not_picked":["BowlingBash+1","EmptyFist"],"picked":"Adaptation+1","floor":46},{"not_picked":["Fasting2+1","Prostrate","WindmillStrike+1"],"picked":"SKIP","floor":46},{"not_picked":["PathToVictory","SandsOfTime","JustLucky"],"picked":"SKIP","floor":47},{"not_picked":["Crescendo","ForeignInfluence"],"picked":"Prostrate+1","floor":48},{"not_picked":["JustLucky","Blasphemy","Crescendo"],"picked":"SKIP","floor":48}],"player_experience":209642,"relics_obtained":[{"floor":6.0,"key":"Incense Burner"},{"floor":9.0,"key":"Prayer Wheel"},{"floor":24.0,"key":"Unceasing Top"},{"floor":26.0,"key":"Tiny Chest"},{"floor":27.0,"key":"Art of War"},{"floor":41,"key":"StrikeDummy"},{"floor":43,"key":"Happy Flower"},{"floor":47,"key":"MealTicket"}],"event_choices":[{"damage_healed":0.0,"max_hp_gain":0.0,"max_hp_loss":0.0,"gold_gain":100.0,"event_name":"Golden Shrine","player_choice":"Pray","floor":4.0,"gold_loss":0.0,"damage_taken":0.0},{"damage_healed":0.0,"max_hp_gain":0.0,"max_hp_loss":0.0,"gold_gain":0.0,"event_name":"Living Wall","player_choice":"Grow","floor":11.0,"gold_loss":0.0,"damage_taken":0.0,"cards_upgraded":["Adaptation"]},{"cards_removed":["Strike_P"],"damage_healed":0.0,"max_hp_gain":0.0,"max_hp_loss":0.0,"gold_gain":0.0,"event_name":"Golden Wing","player_choice":"Card Removal","floor":12.0,"gold_loss":0.0,"damage_taken":7.0},{"cards_removed":["Defend_P"],"damage_healed":0.0,"max_hp_gain":0.0,"max_hp_loss":0.0,"gold_gain":0.0,"event_name":"The Cleric","player_choice":"Card Removal","floor":13.0,"gold_loss":50.0,"damage_taken":0.0},{"damage_healed":0.0,"max_hp_gain":0.0,"max_hp_loss":0.0,"gold_gain":0.0,"cards_transformed":["Strike_P","Defend_P"],"event_name":"Drug Dealer","player_choice":"Became Test Subject","floor":25.0,"gold_loss":0.0,"damage_taken":0.0,"cards_obtained":["Swivel","WheelKick"]},{"damage_healed":0.0,"max_hp_gain":0.0,"max_hp_loss":0.0,"gold_gain":0.0,"event_name":"The Woman in Blue","player_choice":"Bought 0 Potions","floor":36.0,"gold_loss":0.0,"damage_taken":0.0}],"is_beta":false,"boss_relics":[{"not_picked":["Runic Pyramid","Pandora\u0027s Box"],"picked":"Philosopher\u0027s Stone"},{"not_picked":["Fusion Hammer","Snecko Eye"],"picked":"Astrolabe"}],"items_purged_floors":[3],"is_endless":false,"potions_floor_spawned":[2,5,7,16,19,20,21,29,41,44,46,48],"ascension_level":12}}