{"host":"egwexuw5uvnxf11j","time":1608151833,"event":{"mods":["2.2 Compatiblity","Aspiration","BaseMod","Better Altar","Better Note","Better Sensory Stone","Better Third Choice","Displayed Cursed Tome","Downfall","Hermit","Key Reminder","Koishi","Marisa????????","Minty Spire (QoL Compilation)","Quick Restart","Shade Mod","Spicy Shops","StSLib","The Construct","The Cursed","The Hierophant","The Runesmith","The Senshi","The Servant 0.9.4","Transform Curses"],"gold_per_floor":[111,186,203,25,25,25,41,55,55,87,87,105,105,119,119,222,222,238,251,9,19,19,19,39,39,39],"floor_reached":25,"playtime":2597,"items_purged":["Pain"],"score":236,"play_id":"2ec625f3-84a3-4db5-82b7-3b9b866d7f63","local_time":"20201216155033","is_ascension_mode":true,"campfire_choices":[{"data":"Flame Barrier","floor":6,"key":"SMITH"},{"floor":13,"key":"REST"},{"floor":15,"key":"REST"},{"floor":23,"key":"REST"}],"circlet_count":0,"master_deck":["Strike_R","Strike_R","Strike_R","Strike_R","Defend_R","Defend_R","Defend_R","Defend_R","Bash","Wild Strike","Flame Barrier+1","Whirlwind","Headbutt","Armaments","Pommel Strike","Cleave","Berserk","Evolve","Shrug It Off","Twin Strike","Wild Strike+1","Rupture"],"relics":["Burning Blood","aspiration:Nostalgia","Ring of the Snake","keyreminder:keyreminder","Runesmith:Locket","Potion Belt","WarpedTongs","SlaversCollar","Oddly Smooth Stone"],"acts_visited":["Exordium","TheCity"],"potions_floor_usage":[16,21,24],"damage_taken":[{"damage":11,"enemies":"Cultist","floor":1,"turns":4},{"damage":1,"enemies":"2 Louse","floor":3,"turns":2},{"damage":0,"enemies":"Small Slimes","floor":7,"turns":3},{"damage":0,"enemies":"Gremlin Gang","floor":8,"turns":1},{"damage":48,"enemies":"Lagavulin","floor":10,"turns":8},{"damage":11,"enemies":"Looter","floor":12,"turns":3},{"damage":17,"enemies":"Large Slime","floor":14,"turns":6},{"damage":64,"enemies":"Hexaghost","floor":16,"turns":12},{"damage":60,"enemies":"Shell Parasite","floor":18,"turns":7},{"damage":1,"enemies":"3 Byrds","floor":19,"turns":4},{"damage":32,"enemies":"Shelled Parasite and Fungi","floor":21,"turns":7},{"damage":32,"enemies":"Sentry and Sphere","floor":24,"turns":5},{"damage":20,"enemies":"3 Cultists","floor":25,"turns":3}],"seed_played":"7360294041356641414","potions_obtained":[{"floor":7,"key":"Regen Potion"},{"floor":12,"key":"construct:ShiftPotion"},{"floor":16,"key":"Block Potion"},{"floor":18,"key":"Block Potion"}],"is_trial":false,"path_per_floor":["M","?","M","$","T","R","M","M","T","E","?","M","R","M","R","B",null,"M","M","$","M","?","R","M","M"],"character_chosen":"IRONCLAD","items_purchased":["aspiration:Nostalgia","Whirlwind","Oddly Smooth Stone","Twin Strike"],"campfire_rested":3,"item_purchase_floors":[4,4,20,20],"current_hp_per_floor":[83,75,80,80,80,80,86,88,88,46,46,41,67,56,82,39,88,34,39,39,13,13,39,13,0,0],"gold":39,"neow_bonus":"TEN_PERCENT_HP_BONUS","is_daily":false,"chose_seed":false,"campfire_upgraded":1,"win_rate":0.0,"timestamp":1608151833,"path_taken":["M","?","M","$","?","R","M","M","T","E","?","M","R","?","R","BOSS","M","?","$","M","?","R","M","?"],"items_purchased_type":["Relic","Card","Relic","Card"],"build_version":"2020-12-13","purchased_purges":1,"victory":false,"max_hp_per_floor":[88,88,88,88,88,88,88,88,88,88,88,88,88,88,88,88,88,88,88,88,88,88,88,88,88,88],"card_choices":[{"not_picked":["Shockwave","Shrug It Off"],"picked":"Wild Strike","floor":1},{"not_picked":["Armaments","Ghostly Armor"],"picked":"Flame Barrier","floor":3},{"not_picked":["Rupture","Entrench","True Grit"],"picked":"SKIP","floor":7},{"not_picked":["Disarm","Twin Strike"],"picked":"Headbutt","floor":8},{"not_picked":["Dark Embrace","Twin Strike"],"picked":"Armaments","floor":10},{"not_picked":["Rage","Warcry"],"picked":"Pommel Strike","floor":12},{"not_picked":["Rage","Armaments"],"picked":"Cleave","floor":14},{"not_picked":["Impervious","Reaper"],"picked":"Berserk","floor":16},{"not_picked":["Seeing Red","Clothesline"],"picked":"Evolve","floor":18},{"not_picked":["Bloodletting","Headbutt"],"picked":"Shrug It Off","floor":19},{"not_picked":["Armaments","Combust"],"picked":"Wild Strike+1","floor":21},{"not_picked":["Sword Boomerang+1","Bloodletting"],"picked":"Rupture","floor":24}],"player_experience":2089685,"relics_obtained":[{"floor":9,"key":"Runesmith:Locket"},{"floor":10,"key":"Potion Belt"}],"event_choices":[{"damage_healed":0,"gold_gain":75,"player_choice":"Touch","damage_taken":8,"max_hp_gain":0,"max_hp_loss":0,"event_name":"FaceTrader","floor":2,"gold_loss":0},{"damage_healed":0,"gold_gain":0,"player_choice":"Rummage","damage_taken":0,"relics_obtained":["WarpedTongs"],"max_hp_gain":0,"max_hp_loss":0,"event_name":"Accursed Blacksmith","floor":11,"gold_loss":0,"cards_obtained":["Pain"]},{"cards_removed":["Strike_R"],"damage_healed":0,"gold_gain":0,"player_choice":"Purged","damage_taken":0,"max_hp_gain":0,"max_hp_loss":0,"event_name":"Purifier","floor":22,"gold_loss":0}],"is_beta":false,"boss_relics":[{"not_picked":["aspiration:SecretTechniqueScroll","Runic Dome"],"picked":"SlaversCollar"}],"items_purged_floors":[20],"is_endless":false,"potions_floor_spawned":[7,12,16,18],"killed_by":"3 Cultists","ascension_level":3}}