{"host":"y9jgkjnf95sujozk","time":1608161087,"event":{"mods":["2.2 Compatiblity","AchievementEnabler","BaseMod","Block Reminder","Colored Map","Colored Powertips","Downfall","Friendly Minions","GifTheSpireLib","Hermit","Highlight Path","MarisaÅiñ∂âJÅ@ñÇóùçπÅj","Minty Spire (QoL Compilation)","Random Character Button","Rare Cards Sparkle","Replay The Spire","StSLib","SuperFastMode","The Animator","The Bug Knight","The Cursed","The Servant 0.9.4"],"gold_per_floor":[119,133,145,28,45,72,72,72,72,107,130,130,378,22,22,131,131,155,155,155,155,181,181,181,204,227,233,233],"floor_reached":27,"playtime":710,"items_purged":["ReplayTheSpireMod:Splinters"],"score":259,"play_id":"6de7dff8-b713-44f5-83e0-27eb29f0ef34","local_time":"20201217002447","is_ascension_mode":true,"campfire_choices":[{"data":"Slimebound:SpikyOuterGoop","floor":7.0,"key":"SMITH"},{"floor":15.0,"key":"REST"},{"floor":23,"key":"REST"}],"circlet_count":0,"master_deck":["Slimebound:Strike_Slimebound","Slimebound:Strike_Slimebound","Slimebound:Strike_Slimebound","Slimebound:Tackle","Slimebound:Defend_Slimebound","Slimebound:Defend_Slimebound","Slimebound:Defend_Slimebound","Slimebound:Defend_Slimebound","Slimebound:Split","Slimebound:CorrosiveSpit","Slimebound:GoopSpray","Slimebound:GrowthPunch","Slimebound:PressTheAttack","Slimebound:GrowthPunch","Slimebound:AcidTongue","Slimebound:ViciousTackle+1","Slimebound:SpikyOuterGoop+1","Slimebound:RollThrough","Slimebound:SamplingLick","Slimebound:SplitLeeching","Slimebound:GrowthPunch","Slimebound:LeechingTouch","Slimebound:RejuvenatingLick","Slimebound:SpikyOuterGoop","Slimebound:RallyTheTroops","Slimebound:SplitMire","Ghostly","Ghostly","Ghostly","Ghostly","Ghostly","Slimebound:Schlurp","Slimebound:RejuvenatingLick"],"relics":["Slimebound:AbsorbEndCombat","NeowsBlessing","Replay:Bandana","Matryoshka","Replay:PocketPolymizer","Orichalcum","Sundial","Smiling Mask","HandDrill","ReplayTheSpireMod:DimensionalGlitch","FossilizedHelix","Boot"],"acts_visited":["Exordium","TheCity"],"potions_floor_usage":[19],"damage_taken":[{"damage":15.0,"enemies":"Jaw Worm","floor":1.0,"turns":2.0},{"damage":4.0,"enemies":"2 Louse","floor":2.0,"turns":2.0},{"damage":0.0,"enemies":"Small Slimes","floor":3.0,"turns":2.0},{"damage":23.0,"enemies":"Red Slaver","floor":5.0,"turns":5.0},{"damage":11.0,"enemies":"HollowMod:MossKnight","floor":6.0,"turns":8.0},{"damage":25.0,"enemies":"Lagavulin","floor":10.0,"turns":8.0},{"damage":11.0,"enemies":"2 Fungi Beasts","floor":11.0,"turns":3.0},{"damage":69.0,"enemies":"Fading Forest","floor":16.0,"turns":11.0},{"damage":41,"enemies":"2 Thieves","floor":18,"turns":5},{"damage":0,"enemies":"3 Byrds","floor":19,"turns":1},{"damage":13,"enemies":"Centurion and Healer","floor":22,"turns":7},{"damage":23,"enemies":"Snake Plant","floor":25,"turns":4},{"damage":45,"enemies":"Cultist and Chosen","floor":27,"turns":8}],"seed_played":"-6355700650787621256","potions_obtained":[{"floor":3.0,"key":"FearPotion"},{"floor":6.0,"key":"sneckomod:MuddlingPotion"},{"floor":13.0,"key":"SmokeBomb"},{"floor":16.0,"key":"BlessingOfTheForge"},{"floor":18,"key":"GamblersBrew"},{"floor":25,"key":"Languid Potion"}],"is_trial":false,"path_per_floor":["M","M","M","$","M","E","R","?","T","E","M","T","?","$","R","B",null,"M","M","?","?","M","R","T","M","T","M"],"character_chosen":"SLIMEBOUND","items_purchased":["Slimebound:GrowthPunch","Slimebound:AcidTongue","Slimebound:LeechingTouch","Slimebound:RejuvenatingLick","Slimebound:SpikyOuterGoop","HandDrill"],"campfire_rested":2,"item_purchase_floors":[4,4,14,14,14,14],"current_hp_per_floor":[49,53,60,60,48,60,60,60,60,59,56,56,56,56,60,44,60,30,30,30,27,29,35,35,19,19,0,0],"gold":233,"neow_bonus":"THREE_ENEMY_KILL","is_daily":false,"chose_seed":false,"campfire_upgraded":1,"win_rate":0.0,"timestamp":1608161087,"path_taken":["M","M","M","$","M","E","R","?","T","E","M","?","?","$","R","BOSS","M","M","?","?","M","R","?","M","T","?"],"items_purchased_type":["Card","Card","Card","Card","Card","Relic"],"build_version":"2020-12-13","purchased_purges":1,"victory":false,"max_hp_per_floor":[60,60,60,60,60,60,60,60,60,60,60,60,60,60,60,60,60,60,60,30,35,35,35,35,35,35,35,35],"card_choices":[{"not_picked":["Slimebound:GrowthPunch","Slimebound:SpikyOuterGoop"],"picked":"Slimebound:GoopSpray","floor":1.0},{"not_picked":["Slimebound:LeechEnergy","Slimebound:SplitLeeching"],"picked":"Slimebound:GrowthPunch","floor":2.0},{"not_picked":["Slimebound:SamplingLick","Slimebound:FinishingTackle"],"picked":"Slimebound:PressTheAttack","floor":3.0},{"not_picked":["Slimebound:ForwardTackle","Slimebound:Replication"],"picked":"Slimebound:ViciousTackle","floor":5.0},{"not_picked":["Slimebound:Teamwork","Slimebound:LeechEnergy"],"picked":"Slimebound:SpikyOuterGoop","floor":6.0},{"not_picked":["Slimebound:Grow","Slimebound:SplitLeeching"],"picked":"Slimebound:RollThrough","floor":10.0},{"not_picked":["Slimebound:LeechingTouch","Slimebound:SplitAcid"],"picked":"Slimebound:SamplingLick","floor":11.0},{"not_picked":["Slimebound:LevelUp","Slimebound:DivideAndConquer"],"picked":"Slimebound:SplitLeeching","floor":13.0},{"not_picked":["Slimebound:PressTheAttack","Slimebound:GoopSpray"],"picked":"Slimebound:GrowthPunch","floor":13.0},{"not_picked":["Slimebound:MassFeed","Slimebound:OneTwoCombo"],"picked":"Slimebound:RallyTheTroops","floor":16.0},{"not_picked":["Slimebound:SplitBruiser+1","Slimebound:Equalize+1"],"picked":"Slimebound:SplitMire","floor":18},{"not_picked":["Slimebound:LeechingTouch","Slimebound:Nibble+1"],"picked":"Slimebound:Schlurp","floor":22},{"not_picked":["Slimebound:BestDefense","Slimebound:GrowthPunch"],"picked":"Slimebound:RejuvenatingLick","floor":25}],"player_experience":97882,"relics_obtained":[{"floor":6.0,"key":"Replay:Bandana"},{"floor":9.0,"key":"Matryoshka"},{"floor":10.0,"key":"Replay:PocketPolymizer"},{"floor":12.0,"key":"Orichalcum"},{"floor":12.0,"key":"Sundial"},{"floor":13.0,"key":"Smiling Mask"},{"floor":24,"key":"FossilizedHelix"},{"floor":26,"key":"Boot"}],"event_choices":[{"damage_healed":0.0,"max_hp_gain":0.0,"max_hp_loss":0.0,"gold_gain":0.0,"event_name":"Living Wall","player_choice":"Grow","floor":8.0,"gold_loss":0.0,"damage_taken":0.0,"cards_upgraded":["Slimebound:ViciousTackle"]},{"damage_healed":0,"gold_gain":0,"player_choice":"Became a Ghost","damage_taken":0,"max_hp_gain":0,"max_hp_loss":30,"event_name":"Ghosts","floor":20,"gold_loss":0,"cards_obtained":["Ghostly","Ghostly","Ghostly","Ghostly","Ghostly"]},{"damage_healed":0,"gold_gain":0,"player_choice":"Shed Blood","damage_taken":8,"max_hp_gain":5,"max_hp_loss":0,"event_name":"Forgotten Altar","floor":21,"gold_loss":0}],"is_beta":false,"boss_relics":[{"not_picked":["Calling Bell","Tiny House"],"picked":"ReplayTheSpireMod:DimensionalGlitch"}],"items_purged_floors":[14],"is_endless":false,"potions_floor_spawned":[3,6,16,18,19,25],"killed_by":"Cultist and Chosen","ascension_level":1}}