{"host":"ssviq0y9yg8c9gbe","time":1608154706,"event":{"mods":["AchievementEnabler","Act Like it!","BaseMod","Colored Map","Colored Powertips","Downfall","Hallownest","Highlight Path","Hubris","Minty Spire (QoL Compilation)","Replay The Spire","StSLib"],"gold_per_floor":[99,109,109,127,158,175,175,275,275,307,307,322,339,339,358,358,358],"floor_reached":16,"playtime":943,"items_purged":[],"score":112,"play_id":"a077642a-4ede-4bb7-b809-f4f5f2ff7e56","local_time":"20201216163826","is_ascension_mode":false,"campfire_choices":[{"data":"Slimebound:CorrosiveSpit","floor":1.0,"key":"SMITH"},{"data":"Slimebound:GrowthPunch","floor":3.0,"key":"SMITH"},{"floor":9,"key":"RECALL"}],"circlet_count":0,"master_deck":["Slimebound:Strike_Slimebound","Slimebound:Tackle","Slimebound:Defend_Slimebound","Slimebound:Defend_Slimebound","Slimebound:Defend_Slimebound","Slimebound:Defend_Slimebound","Slimebound:Split","Slimebound:CorrosiveSpit+1","Slimebound:GrowthPunch+1","Slimebound:GoopSpray","Slimebound:ViciousTackle","Slimebound:SplitLeeching","Slimebound:FirmFortitude","Slimebound:RollThrough","Slimebound:PressTheAttack","Slimebound:LeechEnergy"],"relics":["Slimebound:AbsorbEndCombat","hubris:64BitClover","hubris:TenFootPole"],"acts_visited":["Exordium"],"potions_floor_usage":[10,10,16],"damage_taken":[{"damage":13.0,"enemies":"2 Louse","floor":2.0,"turns":3.0},{"damage":4.0,"enemies":"Small Slimes","floor":4.0,"turns":4.0},{"damage":51.0,"enemies":"Lagavulin","floor":5.0,"turns":7.0},{"damage":4,"enemies":"Cultist","floor":6,"turns":3},{"damage":10,"enemies":"Gremlin Nob","floor":10,"turns":3},{"damage":20,"enemies":"Exordium Wildlife","floor":12,"turns":5},{"damage":9,"enemies":"Blue Slaver","floor":13,"turns":3},{"damage":6,"enemies":"2 Fungi Beasts","floor":15,"turns":4},{"damage":69,"enemies":"downfall:Defect","floor":16,"turns":5}],"seed_played":"3829601231537590994","potions_obtained":[{"floor":2.0,"key":"PowerPotion"},{"floor":4.0,"key":"Guardian:BlockOnCardUsePotion"},{"floor":6,"key":"ColorlessPotion"}],"is_trial":false,"path_per_floor":["R","M","R","M","E","M","T","?","R","E","?","M","M","?","M","B"],"character_chosen":"SLIMEBOUND","items_purchased":[],"campfire_rested":0,"item_purchase_floors":[],"current_hp_per_floor":[66,57,57,65,35,39,39,39,39,41,41,45,48,48,58,0,0],"gold":358,"neow_bonus":"TEN_PERCENT_HP_BONUS","is_daily":false,"chose_seed":false,"campfire_upgraded":2,"win_rate":0.0,"timestamp":1608154706,"path_taken":["R","M","R","M","E","M","T","?","R","E","?","M","M","?","M","BOSS"],"items_purchased_type":[],"build_version":"2020-12-13","purchased_purges":0,"victory":false,"max_hp_per_floor":[66,66,66,66,66,66,66,66,66,66,66,66,66,66,66,66,66],"card_choices":[{"not_picked":["Slimebound:SpikyOuterGoop","Slimebound:SplitAcid"],"picked":"Slimebound:GrowthPunch","floor":2.0},{"not_picked":["Slimebound:SplitBruiser","Slimebound:MegaLick"],"picked":"Slimebound:GoopSpray","floor":4.0},{"not_picked":["Slimebound:MinionMaster","Slimebound:SlimeBrawl"],"picked":"Slimebound:ViciousTackle","floor":5},{"not_picked":["Slimebound:SplitAcid","Slimebound:ViciousTackle"],"picked":"Slimebound:SplitLeeching","floor":6},{"not_picked":["Slimebound:SlimeBrawl","Slimebound:OozeBath"],"picked":"Slimebound:FirmFortitude","floor":10},{"not_picked":["Slimebound:SplitBruiser","Slimebound:GrowthPunch"],"picked":"Slimebound:RollThrough","floor":12},{"not_picked":["Slimebound:HauntingLick","Slimebound:ViciousTackle"],"picked":"Slimebound:PressTheAttack","floor":13},{"not_picked":["Slimebound:SplitMire","Slimebound:SplitLeeching"],"picked":"Slimebound:LeechEnergy","floor":15}],"player_experience":114396,"relics_obtained":[{"floor":5,"key":"hubris:64BitClover"},{"floor":10,"key":"hubris:TenFootPole"}],"event_choices":[{"cards_removed":["Slimebound:Strike_Slimebound"],"damage_healed":0,"gold_gain":0,"player_choice":"Purged","damage_taken":0,"max_hp_gain":0,"max_hp_loss":0,"event_name":"Purifier","floor":14,"gold_loss":0}],"is_beta":false,"boss_relics":[],"items_purged_floors":[],"is_endless":false,"potions_floor_spawned":[2,4,6],"killed_by":"downfall:Defect","ascension_level":0}}