{"host":"newqdrzxfhh2im9e","time":1608085364,"event":{"mods":["AchievementEnabler","BaseMod","BetterRewards","Block Reminder","Colored Map","Jorbs\u0027s Wanderer Trilogy","Minty Spire (QoL Compilation)","Rare Cards Sparkle","Shop Mod","StSLib"],"gold_per_floor":[111,22,97,108,108,108,119,119,119,136,148,1,60,80,80,182,182,196,196,2,22,36,63,81,81,81],"floor_reached":25,"playtime":828,"items_purged":[],"score":269,"play_id":"0ae40002-674d-4e4b-b98a-25ee2f8bb3b1","local_time":"20201215182244","is_ascension_mode":true,"campfire_choices":[{"data":"Dramatic Entrance","floor":6,"key":"SMITH"},{"data":"Bouncing Flask","floor":8,"key":"SMITH"},{"floor":15,"key":"REST"}],"circlet_count":0,"master_deck":["Strike_G","Strike_G","Strike_G","Strike_G+1","Strike_G","Defend_G","Defend_G","Defend_G","Defend_G","Defend_G","Survivor","Neutralize","Deflect","Dramatic Entrance+1","Bouncing Flask+1","Infinite Blades","All Out Attack","Footwork","Dash+1","Die Die Die","CurseOfTheBell","Escape Plan","Die Die Die","Bandage Up","Adrenaline","Crippling Poison","Slice","Masterful Stab","Concentrate","Deflect+1","Envenom","Quick Slash+1"],"relics":["Ring of the Snake","Bottled Lightning","Membership Card","Question Card","Calling Bell","Happy Flower","Ninja Scroll","Prayer Wheel","Enchiridion","Whetstone","Peace Pipe"],"acts_visited":["Exordium","TheCity"],"potions_floor_usage":[10,13,14,16,18,21,22,25],"damage_taken":[{"damage":8,"enemies":"Cultist","floor":1,"turns":4},{"damage":0,"enemies":"Small Slimes","floor":4,"turns":2},{"damage":1,"enemies":"Jaw Worm","floor":7,"turns":3},{"damage":0,"enemies":"2 Fungi Beasts","floor":10,"turns":2},{"damage":4,"enemies":"Blue Slaver","floor":11,"turns":3},{"damage":13,"enemies":"3 Sentries","floor":13,"turns":6},{"damage":0,"enemies":"Exordium Wildlife","floor":14,"turns":2},{"damage":22,"enemies":"Hexaghost","floor":16,"turns":9},{"damage":21,"enemies":"Shell Parasite","floor":18,"turns":5},{"damage":1,"enemies":"2 Thieves","floor":21,"turns":2},{"damage":0,"enemies":"3 Cultists","floor":22,"turns":2},{"damage":18,"enemies":"Gremlin Leader","floor":23,"turns":6},{"damage":22,"enemies":"Snake Plant","floor":24,"turns":3},{"damage":18,"enemies":"Book of Stabbing","floor":25,"turns":1}],"seed_played":"6046901104668262835","potions_obtained":[{"floor":7,"key":"DistilledChaos"},{"floor":11,"key":"EssenceOfSteel"},{"floor":13,"key":"SteroidPotion"},{"floor":14,"key":"CultistPotion"},{"floor":16,"key":"SkillPotion"},{"floor":18,"key":"Poison Potion"},{"floor":21,"key":"SteroidPotion"},{"floor":24,"key":"SkillPotion"}],"is_trial":false,"path_per_floor":["M","$","?","M","?","R","M","R","T","M","M","$","?","M","R","B",null,"M","?","$","M","M","E","M","E"],"character_chosen":"THE_SILENT","items_purchased":["Dramatic Entrance","Membership Card","Whetstone","Bandage Up","Adrenaline"],"campfire_rested":1,"item_purchase_floors":[2,12,20,20,20],"current_hp_per_floor":[69,69,58,58,58,58,57,57,57,57,53,53,40,40,63,41,68,47,31,31,34,38,24,6,0,0],"gold":81,"neow_bonus":"TEN_PERCENT_HP_BONUS","is_daily":false,"chose_seed":false,"campfire_upgraded":2,"win_rate":0.0,"timestamp":1608085364,"path_taken":["M","$","?","M","?","R","M","R","T","?","M","$","?","M","R","BOSS","M","?","$","M","M","E","M","E"],"items_purchased_type":["Card","Relic","Relic","Card","Card"],"build_version":"2020-12-13","purchased_purges":0,"victory":false,"max_hp_per_floor":[77,77,77,77,77,77,77,77,77,77,77,77,77,77,77,77,77,77,77,77,77,77,77,77,77,77],"card_choices":[{"not_picked":["Deadly Poison","Sucker Punch"],"picked":"Deflect","floor":1},{"not_picked":["Outmaneuver","Bane"],"picked":"Underhanded Strike","floor":4},{"not_picked":["Eviscerate","Dash"],"picked":"Bouncing Flask","floor":7},{"not_picked":["Outmaneuver","Slice"],"picked":"Infinite Blades","floor":10},{"not_picked":["Flying Knee","Distraction"],"picked":"All Out Attack","floor":11},{"not_picked":["Slice","Setup"],"picked":"Footwork","floor":13},{"not_picked":["Deadly Poison","Dagger Throw","Bouncing Flask"],"picked":"Dash","floor":14},{"not_picked":["Grand Finale","Night Terror","Malaise"],"picked":"Die Die Die","floor":16},{"not_picked":["Quick Slash+1","Predator","Crippling Poison"],"picked":"Escape Plan","floor":18},{"not_picked":["Slice","Distraction+1","Acrobatics"],"picked":"Die Die Die","floor":18},{"not_picked":["Sucker Punch","Bouncing Flask+1","Cloak And Dagger+1"],"picked":"Crippling Poison","floor":21},{"not_picked":["Dodge and Roll","Backflip","Dagger Throw"],"picked":"Slice","floor":21},{"not_picked":["Footwork","Grand Finale","Flying Knee"],"picked":"Masterful Stab","floor":22},{"not_picked":["Acrobatics","Outmaneuver","Dagger Spray"],"picked":"Concentrate","floor":22},{"not_picked":["Dodge and Roll+1","Endless Agony","Dagger Spray+1"],"picked":"Deflect+1","floor":23},{"not_picked":["Blade Dance","Dagger Throw","Expertise"],"picked":"Envenom","floor":24},{"not_picked":["Sucker Punch","Slice","Caltrops"],"picked":"Quick Slash+1","floor":24}],"player_experience":605745,"relics_obtained":[{"floor":9,"key":"Bottled Lightning"},{"floor":13,"key":"Question Card"},{"floor":17,"key":"Happy Flower"},{"floor":17,"key":"Ninja Scroll"},{"floor":17,"key":"Prayer Wheel"},{"floor":19,"key":"Enchiridion"},{"floor":23,"key":"Peace Pipe"}],"event_choices":[{"damage_healed":0,"gold_gain":75,"player_choice":"Gather Gold","damage_taken":11,"max_hp_gain":0,"max_hp_loss":0,"event_name":"World of Goop","floor":3,"gold_loss":0},{"cards_removed":["Underhanded Strike"],"damage_healed":0,"gold_gain":0,"player_choice":"Purged","damage_taken":0,"max_hp_gain":0,"max_hp_loss":0,"event_name":"Purifier","floor":5,"gold_loss":0},{"damage_healed":0,"gold_gain":0,"player_choice":"Searched \u00271\u0027 times","damage_taken":0,"max_hp_gain":0,"max_hp_loss":0,"event_name":"Dead Adventurer","floor":13,"gold_loss":0},{"damage_healed":0,"gold_gain":0,"player_choice":"Obtained Book","damage_taken":16,"max_hp_gain":0,"max_hp_loss":0,"event_name":"Cursed Tome","floor":19,"gold_loss":0}],"is_beta":false,"boss_relics":[{"not_picked":["Pandora\u0027s Box","Empty Cage"],"picked":"Calling Bell"}],"items_purged_floors":[],"is_endless":false,"potions_floor_spawned":[7,11,13,14,16,18,21,24],"killed_by":"Book of Stabbing","ascension_level":5}}