{"host":"ryuep8ewa00k39z9","time":1608154691,"event":{"mods":["AchievementEnabler","BaseMod","Best Route Mod","Colored Map","Colored Powertips","Displayed Cursed Tome","Highlight Path","Minty Spire (QoL Compilation)","Quick Restart","SuperFastMode"],"gold_per_floor":[115,128,25,37,37,37,67,78,78,78,78],"floor_reached":10,"playtime":285,"items_purged":["Strike_R"],"score":126,"play_id":"c47910a6-bd9c-4418-9b5f-d8fdd278ba5f","local_time":"20201216153811","is_ascension_mode":true,"campfire_choices":[{"data":"Inflame","floor":6,"key":"SMITH"}],"circlet_count":0,"master_deck":["AscendersBane","Strike_R","Strike_R","Strike_R","Defend_R+1","Defend_R+1","Defend_R","Bash","Wild Strike","Inflame+1","Twin Strike","Heavy Blade+1","Headbutt"],"relics":["Empty Cage","War Paint","Paper Frog"],"acts_visited":["Exordium"],"potions_floor_usage":[7,8],"damage_taken":[{"damage":7,"enemies":"Jaw Worm","floor":1,"turns":3},{"damage":3,"enemies":"2 Louse","floor":2,"turns":2},{"damage":6,"enemies":"Cultist","floor":4,"turns":3},{"damage":30,"enemies":"3 Sentries","floor":7,"turns":5},{"damage":0,"enemies":"3 Louse","floor":8,"turns":2},{"damage":16,"enemies":"Gremlin Nob","floor":10,"turns":3}],"seed_played":"8272225929216951344","potions_obtained":[{"floor":2,"key":"SteroidPotion"},{"floor":7,"key":"DistilledChaos"}],"is_trial":false,"path_per_floor":["M","M","$","M","?","R","E","M","T","E"],"character_chosen":"IRONCLAD","items_purchased":["Twin Strike"],"campfire_rested":0,"item_purchase_floors":[3],"current_hp_per_floor":[61,58,58,52,52,52,22,22,22,6,6],"gold":78,"neow_bonus":"BOSS_RELIC","is_daily":false,"chose_seed":false,"campfire_upgraded":1,"win_rate":0.0,"timestamp":1608154691,"path_taken":["M","M","$","M","?","R","E","M","T","E"],"items_purchased_type":["Card"],"build_version":"2020-12-13","purchased_purges":1,"victory":false,"max_hp_per_floor":[75,75,75,75,75,75,75,75,75,75,75],"card_choices":[{"not_picked":["Clash","Flex"],"picked":"Wild Strike","floor":1},{"not_picked":["Cleave","Anger"],"picked":"Inflame","floor":2},{"not_picked":["Sword Boomerang","Thunderclap"],"picked":"Heavy Blade","floor":4},{"not_picked":["Warcry","Perfected Strike"],"picked":"Headbutt","floor":7},{"not_picked":["Clothesline","Shrug It Off","Armaments"],"picked":"SKIP","floor":8}],"player_experience":3249725,"relics_obtained":[{"floor":7,"key":"War Paint"},{"floor":9,"key":"Paper Frog"}],"event_choices":[{"damage_healed":0,"gold_gain":0,"player_choice":"Grow","damage_taken":0,"max_hp_gain":0,"max_hp_loss":0,"event_name":"Living Wall","floor":5,"gold_loss":0,"cards_upgraded":["Heavy Blade"]}],"is_beta":false,"boss_relics":[],"items_purged_floors":[3],"is_endless":false,"potions_floor_spawned":[2,7],"killed_by":"Gremlin Nob","ascension_level":17}}