{"host":"i4eavuqabbk5mi94","time":1608129109,"event":{"mods":["BaseMod","Googly Eyes","Minty Spire (QoL Compilation)"],"gold_per_floor":[116,116,62,62,78,111,111,126,126,146,190,211,211,245,245,368,368,386,4,274,295,316,316,351,276,350,350,350,350,369,413,413,539,539,554,578,203,203,203,203,236,236,287,287,302,0,13,54,54,54],"floor_reached":51,"playtime":2432,"items_purged":["Defend_G","Strike_G"],"score":962,"play_id":"4ae55e26-b33d-47b3-a031-24b7e074f36d","local_time":"20201216143149","is_ascension_mode":true,"campfire_choices":[{"data":"Neutralize","floor":7,"key":"SMITH"},{"data":"Riddle With Holes","floor":15,"key":"SMITH"},{"floor":23,"key":"REST"},{"floor":27,"key":"REST"},{"floor":32,"key":"REST"},{"data":"Footwork","floor":40,"key":"SMITH"},{"data":"Accuracy","floor":42,"key":"SMITH"},{"floor":44,"key":"REST"},{"floor":49,"key":"REST"}],"circlet_count":0,"master_deck":["Strike_G","Strike_G","Strike_G+1","Defend_G","Defend_G","Defend_G","Survivor","Neutralize+1","Sucker Punch","Poisoned Stab","Riddle With Holes+1","Cloak And Dagger","Calculated Gamble","Dagger Spray+1","PiercingWail","Backflip","Venomology","Blur+1","Finesse","Deadly Poison","Crippling Poison","Infinite Blades","Adrenaline","Catalyst+1","Footwork+1","Bouncing Flask","Envenom","Outmaneuver","Apotheosis+1","Accuracy+1","Tactician+1","Blade Dance+1","Footwork","Catalyst+1","Footwork"],"relics":["Ring of the Snake","NeowsBlessing","Golden Idol","Eternal Feather","Snake Skull","Strawberry","Dream Catcher","WristBlade","Membership Card","Happy Flower","Bird Faced Urn","Pen Nib","Mummified Hand","Du-Vu Doll","SlaversCollar","Ancient Tea Set","Singing Bowl","Question Card","Whetstone","DollysMirror","Peace Pipe","Bronze Scales"],"acts_visited":["Exordium","TheCity","TheBeyond"],"potions_floor_usage":[11,16,18,21,22,24,30,33,33,33,35,41,45,47,48,48,50,50],"damage_taken":[{"damage":0,"enemies":"Cultist","floor":1,"turns":1},{"damage":0,"enemies":"Small Slimes","floor":5,"turns":1},{"damage":0,"enemies":"3 Sentries","floor":6,"turns":1},{"damage":3,"enemies":"Jaw Worm","floor":8,"turns":2},{"damage":2,"enemies":"Looter","floor":10,"turns":3},{"damage":16,"enemies":"Lagavulin","floor":11,"turns":6},{"damage":4,"enemies":"Red Slaver","floor":12,"turns":2},{"damage":13,"enemies":"3 Sentries","floor":14,"turns":7},{"damage":70,"enemies":"Slime Boss","floor":16,"turns":14},{"damage":3,"enemies":"3 Byrds","floor":18,"turns":6},{"damage":10,"enemies":"Shell Parasite","floor":21,"turns":7},{"damage":29,"enemies":"Snecko","floor":22,"turns":7},{"damage":17,"enemies":"Book of Stabbing","floor":24,"turns":7},{"damage":15,"enemies":"Snake Plant","floor":30,"turns":5},{"damage":27,"enemies":"Slavers","floor":31,"turns":6},{"damage":37,"enemies":"Collector","floor":33,"turns":6},{"damage":3,"enemies":"Orb Walker","floor":35,"turns":3},{"damage":20,"enemies":"3 Darklings","floor":36,"turns":5},{"damage":9,"enemies":"Giant Head","floor":41,"turns":6},{"damage":10,"enemies":"Maw","floor":45,"turns":6},{"damage":24,"enemies":"Spire Growth","floor":47,"turns":4},{"damage":27,"enemies":"Reptomancer","floor":48,"turns":5},{"damage":60,"enemies":"Awakened One","floor":50,"turns":9}],"seed_played":"-4424384978992950976","potions_obtained":[{"floor":5,"key":"CultistPotion"},{"floor":11,"key":"Weak Potion"},{"floor":16,"key":"SkillPotion"},{"floor":30,"key":"BlessingOfTheForge"},{"floor":31,"key":"DistilledChaos"},{"floor":36,"key":"DistilledChaos"},{"floor":41,"key":"SkillPotion"},{"floor":48,"key":"Block Potion"}],"is_trial":false,"path_per_floor":["M","?","$","?","M","E","R","M","T","M","E","M","?","E","R","B",null,"M","$","?","M","M","R","E","?","T","R","?","?","M","E","R","B",null,"M","M","$","?","?","R","E","R","T","R","M","$","M","E","R","B",null],"character_chosen":"THE_SILENT","items_purchased":["Poisoned Stab","Membership Card","Happy Flower","Bird Faced Urn","Apotheosis","Accuracy","Ancient Tea Set","Singing Bowl","Footwork","DollysMirror","Peace Pipe"],"campfire_rested":5,"item_purchase_floors":[3,19,19,19,37,37,37,37,46,46,46],"current_hp_per_floor":[70,70,70,70,70,70,70,67,67,65,56,52,77,64,76,6,77,74,74,41,31,2,40,25,25,25,63,63,63,50,25,63,30,77,76,61,61,63,63,79,75,79,79,79,73,73,55,40,83,31],"gold":54,"neow_bonus":"THREE_ENEMY_KILL","is_daily":false,"chose_seed":false,"campfire_upgraded":4,"win_rate":0.0,"timestamp":1608129109,"path_taken":["M","?","$","?","M","E","R","M","T","?","E","M","?","E","R","BOSS","M","$","?","?","M","R","E","?","T","R","?","?","?","E","R","BOSS","M","M","$","?","?","R","E","R","T","R","M","$","?","E","R","BOSS"],"items_purchased_type":["Card","Relic","Relic","Relic","Card","Card","Relic","Relic","Card","Relic","Relic"],"build_version":"2020-12-13","purchased_purges":2,"victory":true,"max_hp_per_floor":[70,70,70,70,70,70,70,70,70,70,77,77,77,77,77,77,77,77,77,77,77,77,77,77,77,77,77,77,77,77,77,77,77,77,77,77,77,79,79,79,79,79,79,79,81,81,83,85,85,85],"card_choices":[{"not_picked":["Dagger Throw","Concentrate"],"picked":"Sucker Punch","floor":1},{"not_picked":["Tactician","Slice"],"picked":"Riddle With Holes","floor":5},{"not_picked":["Dodge and Roll","Slice"],"picked":"Cloak And Dagger","floor":6},{"not_picked":["Acrobatics","Dagger Throw"],"picked":"Calculated Gamble","floor":8},{"not_picked":["Blade Dance","Prepared"],"picked":"Dagger Spray","floor":10},{"not_picked":["Choke","Poisoned Stab","Underhanded Strike"],"picked":"SKIP","floor":11},{"not_picked":["Dodge and Roll","Sucker Punch"],"picked":"PiercingWail","floor":12},{"not_picked":["Flechettes","Slice"],"picked":"Backflip","floor":14},{"not_picked":["Glass Knife","Die Die Die"],"picked":"Venomology","floor":16},{"not_picked":["Blade Dance","Cloak And Dagger"],"picked":"Blur+1","floor":18},{"not_picked":["Quick Slash+1","Flying Knee"],"picked":"Deadly Poison","floor":21},{"not_picked":["Deflect","Poisoned Stab"],"picked":"Crippling Poison","floor":22},{"not_picked":["PiercingWail","Predator"],"picked":"Infinite Blades","floor":23},{"not_picked":["Cloak And Dagger+1","Dodge and Roll"],"picked":"Adrenaline","floor":24},{"not_picked":["All Out Attack+1","Acrobatics"],"picked":"Catalyst+1","floor":30},{"not_picked":["Malaise","Dagger Spray+1"],"picked":"Footwork","floor":31},{"not_picked":["Distraction","Deadly Poison"],"picked":"Bouncing Flask","floor":32},{"not_picked":["A Thousand Cuts","Bullet Time"],"picked":"Envenom","floor":33},{"not_picked":["Dodge and Roll","Quick Slash+1"],"picked":"Outmaneuver","floor":35},{"not_picked":["Underhanded Strike","Reflex+1","Cloak And Dagger+1"],"picked":"SKIP","floor":36},{"not_picked":["Mayhem","Blind","Enlightenment"],"picked":"Singing Bowl","floor":38},{"not_picked":["Crippling Poison+1","Blur+1"],"picked":"Tactician+1","floor":41},{"not_picked":["Backflip+1","Predator","Quick Slash+1"],"picked":"Blade Dance+1","floor":44},{"not_picked":["Deflect+1","Flying Knee","Dagger Throw+1","Dagger Spray"],"picked":"Singing Bowl","floor":45},{"not_picked":["Phantasmal Killer","Acrobatics+1","Flying Knee","Escape Plan+1"],"picked":"Singing Bowl","floor":47},{"not_picked":["Blur","Prepared+1","Phantasmal Killer","Poisoned Stab"],"picked":"Singing Bowl","floor":48},{"not_picked":["Bane+1","Crippling Poison+1","Setup"],"picked":"Footwork","floor":49}],"player_experience":344430,"relics_obtained":[{"floor":6,"key":"Eternal Feather"},{"floor":9,"key":"Snake Skull"},{"floor":11,"key":"Strawberry"},{"floor":14,"key":"Dream Catcher"},{"floor":24,"key":"Pen Nib"},{"floor":26,"key":"Mummified Hand"},{"floor":31,"key":"Du-Vu Doll"},{"floor":41,"key":"Question Card"},{"floor":43,"key":"Whetstone"},{"floor":48,"key":"Bronze Scales"}],"event_choices":[{"damage_healed":0,"gold_gain":0,"player_choice":"Take Wound","damage_taken":0,"relics_obtained":["Golden Idol"],"max_hp_gain":0,"max_hp_loss":0,"event_name":"Golden Idol","floor":2,"gold_loss":0,"cards_obtained":["Injury"]},{"cards_removed":["Injury"],"damage_healed":0,"gold_gain":0,"player_choice":"Purged","damage_taken":0,"max_hp_gain":0,"max_hp_loss":0,"event_name":"Purifier","floor":4,"gold_loss":0},{"damage_healed":25,"gold_gain":0,"player_choice":"Banana","damage_taken":0,"max_hp_gain":0,"max_hp_loss":0,"event_name":"Big Fish","floor":13,"gold_loss":0},{"damage_healed":0,"gold_gain":270,"player_choice":"GOLD GOLD GOLD CARD ","damage_taken":33,"max_hp_gain":0,"max_hp_loss":0,"event_name":"Knowing Skull","floor":20,"potions_obtained":[],"gold_loss":0,"cards_obtained":["Finesse"]},{"cards_removed":["Strike_G"],"damage_healed":0,"gold_gain":0,"player_choice":"Gave Gold","damage_taken":0,"max_hp_gain":0,"max_hp_loss":0,"event_name":"Beggar","floor":25,"gold_loss":75},{"damage_healed":0,"gold_gain":0,"player_choice":"Ignored","damage_taken":0,"max_hp_gain":0,"max_hp_loss":0,"event_name":"Ghosts","floor":28,"gold_loss":0},{"cards_removed":["Defend_G"],"damage_healed":0,"gold_gain":0,"player_choice":"Purged","damage_taken":0,"max_hp_gain":0,"max_hp_loss":0,"event_name":"Purifier","floor":29,"gold_loss":0},{"damage_healed":0,"gold_gain":0,"player_choice":"Memory 1","damage_taken":0,"max_hp_gain":0,"max_hp_loss":0,"event_name":"SensoryStone","floor":38,"gold_loss":0},{"damage_healed":0,"gold_gain":0,"player_choice":"Upgraded","damage_taken":0,"max_hp_gain":0,"max_hp_loss":0,"event_name":"Upgrade Shrine","floor":39,"gold_loss":0,"cards_upgraded":["Apotheosis"]}],"is_beta":false,"boss_relics":[{"not_picked":["SacredBark","Fusion Hammer"],"picked":"WristBlade"},{"not_picked":["Empty Cage","Pandora\u0027s Box"],"picked":"SlaversCollar"}],"items_purged_floors":[37,46],"is_endless":false,"potions_floor_spawned":[5,11,16,30,31,36,41,48],"ascension_level":2}}