{"host":"a5y02gvi04tqovpl","time":1608093246,"event":{"mods":["Act Like it!","BaseMod","Better Third Choice","Colored Map","Downfall","Minty Spire (QoL Compilation)","StSLib"],"gold_per_floor":[349,360,71,71,71,98,123,48,59,84,94,104,89,239,258,359,359,359,375,375,375,375,391,391,391,422,422,433,443,37,66,86,186,186,186,186,236,236,236,248,275,275,292,292,311,161,176,226,240,240],"floor_reached":51,"playtime":3749,"items_purged":["Guardian:Strike_Guardian","Slimebound:Icky","Clumsy","Decay"],"score":750,"play_id":"5cb41f6d-4721-432b-b05f-7117c423d960","local_time":"20201216150406","is_ascension_mode":false,"campfire_choices":[{"floor":1,"key":"RECALL"},{"data":"Guardian:ChargeUp","floor":4,"key":"SMITH"},{"data":"Guardian:FloatingOrbs","floor":8,"key":"SMITH"},{"data":"Guardian:ChargeUp","floor":18,"key":"SMITH"},{"data":"Guardian:TwinSlam","floor":20,"key":"SMITH"},{"data":"Guardian:CurlUp","floor":25,"key":"SMITH"},{"data":"Guardian:PiercingHide","floor":27,"key":"SMITH"},{"data":"Guardian:SpikerProtocol","floor":35,"key":"SMITH"},{"data":"Guardian:TimeSifter","floor":38,"key":"SMITH"},{"data":"Guardian:StasisStrike","floor":42,"key":"SMITH"},{"data":"expansioncontent:Collect","floor":44,"key":"SMITH"}],"circlet_count":0,"master_deck":["Guardian:Strike_Guardian","Guardian:Defend_Guardian","Guardian:Defend_Guardian","Guardian:Defend_Guardian","Guardian:Defend_Guardian","Guardian:CurlUp+1","Guardian:TwinSlam+1","Guardian:ChargeUp+1","Guardian:FloatingOrbs+1","Guardian:ChargeCore","Guardian:PiercingHide+1","Guardian:TemporalStrike","Guardian:ChargeUp+1","Guardian:StasisStrike","Guardian:StasisStrike+1","Guardian:BronzeArmor+1","Guardian:TimeSifter+1","Guardian:SpikerProtocol+1","expansioncontent:Collect+1","Guardian:TemporalStrike+1","Parasite"],"relics":["Guardian:ModeShifter","Incense Burner","Potion Belt","downfall:HeartBlessingRed","White Beast Statue","Cursed Key","Bottled Tornado","Lantern","Unceasing Top","Strange Spoon","Busted Crown","CaptainsWheel","Regal Pillow","FossilizedHelix"],"acts_visited":["Exordium","TheCity","TheBeyond"],"potions_floor_usage":[6,28,30,31,33,33,48,50,50,50,50],"damage_taken":[{"damage":4,"enemies":"Cultist","floor":2,"turns":4},{"damage":0,"enemies":"downfall:FleeingMerchant","floor":3,"turns":4},{"damage":21,"enemies":"Lagavulin","floor":6,"turns":6},{"damage":0,"enemies":"Small Slimes","floor":9,"turns":2},{"damage":12,"enemies":"Gremlin Nob","floor":10,"turns":4},{"damage":0,"enemies":"Jaw Worm","floor":11,"turns":3},{"damage":7,"enemies":"Blue Slaver","floor":12,"turns":3},{"damage":0,"enemies":"downfall:FleeingMerchant","floor":13,"turns":4},{"damage":0,"enemies":"Large Slime","floor":15,"turns":4},{"damage":1,"enemies":"downfall:Watcher","floor":16,"turns":8},{"damage":0,"enemies":"3 Byrds","floor":19,"turns":5},{"damage":7,"enemies":"Shell Parasite","floor":23,"turns":4},{"damage":5,"enemies":"Book of Stabbing","floor":26,"turns":5},{"damage":11,"enemies":"Snake Plant","floor":28,"turns":3},{"damage":3,"enemies":"Chosen and Byrds","floor":29,"turns":5},{"damage":0,"enemies":"downfall:FleeingMerchant","floor":30,"turns":4},{"damage":0,"enemies":"downfall:FleeingMerchant","floor":31,"turns":4},{"damage":0,"enemies":"Snecko","floor":32,"turns":4},{"damage":0,"enemies":"downfall:Defect","floor":33,"turns":6},{"damage":12,"enemies":"Mind Bloom Boss Battle","floor":37,"turns":5},{"damage":0,"enemies":"3 Shapes","floor":40,"turns":3},{"damage":0,"enemies":"Orb Walker","floor":43,"turns":3},{"damage":10,"enemies":"Jaw Worm Horde","floor":45,"turns":4},{"damage":0,"enemies":"4 Shapes","floor":47,"turns":4},{"damage":3,"enemies":"2 Orb Walkers","floor":48,"turns":5},{"damage":0,"enemies":"Writhing Mass","floor":49,"turns":4},{"damage":0,"enemies":"downfall:Ironclad","floor":50,"turns":5}],"seed_played":"-1727446879077676085","potions_obtained":[{"floor":2,"key":"FearPotion"},{"floor":10,"key":"Slimebound:ThreeZeroPotion"},{"floor":11,"key":"LiquidBronze"},{"floor":12,"key":"Swift Potion"},{"floor":13,"key":"Energy Potion"},{"floor":15,"key":"champ:CounterPotion"},{"floor":28,"key":"LiquidMemories"},{"floor":30,"key":"Weak Potion"},{"floor":31,"key":"FearPotion"},{"floor":32,"key":"Fruit Juice"},{"floor":33,"key":"SteroidPotion"},{"floor":37,"key":"EssenceOfSteel"},{"floor":40,"key":"SteroidPotion"},{"floor":48,"key":"AttackPotion"},{"floor":49,"key":"Swift Potion"}],"is_trial":false,"path_per_floor":["R","M","$","R","?","E","T","R","M","E","M","M","$","?","M","B",null,"R","M","R","?","?","M","T","R","E","R","M","M","$","$","M","B",null,"R","?","?","R","?","M","T","R","M","R","M","$","M","?","M","B",null],"character_chosen":"GUARDIAN","items_purchased":["Guardian:ChargeUp","Guardian:FloatingOrbs","Guardian:ChargeCore","Unceasing Top","Strange Spoon","Guardian:SpikerProtocol"],"campfire_rested":0,"item_purchase_floors":[3,3,3,30,31,31],"current_hp_per_floor":[56,52,52,52,52,31,31,31,31,19,19,12,12,12,12,11,80,80,80,80,80,80,73,73,73,68,68,57,54,54,54,54,59,85,85,85,73,73,73,73,73,73,73,73,63,63,63,60,60,60],"gold":240,"neow_bonus":"TWO_FIFTY_GOLD","is_daily":false,"chose_seed":false,"campfire_upgraded":10,"win_rate":0.0,"timestamp":1608093246,"path_taken":["R","M","$","R","?","E","T","R","M","E","M","?","$","?","M","BOSS","R","M","R","?","?","M","T","R","E","R","M","M","$","$","M","BOSS","R","?","?","R","?","M","T","R","M","R","?","$","M","?","M","BOSS"],"items_purchased_type":["Card","Card","Card","Relic","Relic","Card"],"build_version":"2020-12-13","purchased_purges":4,"victory":true,"max_hp_per_floor":[80,80,80,80,80,80,80,80,80,80,80,80,80,80,80,80,80,80,80,80,80,80,80,80,80,80,80,80,80,80,80,80,85,85,85,85,85,85,85,85,85,85,85,85,85,85,85,85,85,85],"card_choices":[{"not_picked":["Guardian:SentryBeam","Guardian:Preprogram"],"picked":"Guardian:Gem_Purple","floor":2},{"not_picked":["Guardian:PrimingBeam","Guardian:Incinerate"],"picked":"Guardian:Gem_Red","floor":3},{"not_picked":["Guardian:Gem_Green","Guardian:WalkerClaw"],"picked":"Guardian:PiercingHide","floor":6},{"not_picked":["Guardian:Reroute","Guardian:WalkerClaw","Guardian:Suspension"],"picked":"SKIP","floor":9},{"not_picked":["Guardian:WalkerClaw","Guardian:ShieldCharger"],"picked":"Guardian:TemporalStrike","floor":10},{"not_picked":["Guardian:Planning","Guardian:PrimingBeam","Guardian:TemporalShield"],"picked":"SKIP","floor":11},{"not_picked":["Guardian:PiercingHide","Guardian:EvasiveProtocol"],"picked":"Guardian:ChargeUp","floor":12},{"not_picked":["Guardian:TimeBomb","Guardian:Gem_Fragmented"],"picked":"Guardian:StasisStrike","floor":13},{"not_picked":["Guardian:PolyBeam","Guardian:Planning"],"picked":"Guardian:Gem_Blue","floor":15},{"not_picked":["Guardian:ConstructionForm","Guardian:StasisField"],"picked":"Guardian:StasisStrike","floor":16},{"not_picked":["Guardian:PiercingHide","Guardian:Suspension","Guardian:TemporalShield"],"picked":"SKIP","floor":19},{"not_picked":["Guardian:TemporalShield","Guardian:Gem_Fragmented"],"picked":"Guardian:Gem_Cyan","floor":23},{"not_picked":["Guardian:Reroute","Guardian:BronzeOrb"],"picked":"Guardian:Gem_Red","floor":26},{"not_picked":["Guardian:VentSteam+1","Guardian:ChargeCore"],"picked":"Guardian:BronzeArmor+1","floor":28},{"not_picked":["Guardian:Reroute","Guardian:TemporalShield+1","Guardian:Gem_Cyan"],"picked":"SKIP","floor":29},{"not_picked":["Guardian:VentSteam","Guardian:Repulse+1"],"picked":"Guardian:TimeSifter","floor":30},{"not_picked":["Guardian:PiercingHide","Guardian:RollAttack","Guardian:ShieldCharger"],"picked":"SKIP","floor":31},{"not_picked":["Guardian:RefractedBeam","Guardian:TimeCapacitor","Guardian:Incinerate+1"],"picked":"SKIP","floor":32},{"not_picked":["Guardian:FastForward","Guardian:StasisStrike"],"picked":"Guardian:Gem_Orange","floor":33},{"not_picked":[],"picked":"Guardian:Gem_Red","floor":37},{"not_picked":[],"picked":"expansioncontent:Collect","floor":39},{"not_picked":[],"picked":"Guardian:TemporalStrike+1","floor":40},{"not_picked":["Guardian:PiercingHide"],"picked":"SKIP","floor":43},{"not_picked":["Guardian:SentryBeam+1"],"picked":"SKIP","floor":45},{"not_picked":["Guardian:Gem_Blue"],"picked":"SKIP","floor":47},{"not_picked":["Guardian:PrismaticBarrier+1"],"picked":"SKIP","floor":49}],"player_experience":5310,"relics_obtained":[{"floor":6,"key":"Incense Burner"},{"floor":7,"key":"Potion Belt"},{"floor":10,"key":"White Beast Statue"},{"floor":24,"key":"Bottled Tornado"},{"floor":26,"key":"Lantern"},{"floor":37,"key":"CaptainsWheel"},{"floor":41,"key":"Regal Pillow"},{"floor":48,"key":"FossilizedHelix"}],"event_choices":[{"cards_removed":["Guardian:Strike_Guardian"],"damage_healed":0,"gold_gain":0,"player_choice":"Purged","damage_taken":0,"max_hp_gain":0,"max_hp_loss":0,"event_name":"Purifier","floor":5,"gold_loss":0},{"damage_healed":0,"gold_gain":0,"player_choice":"Ignored","damage_taken":0,"max_hp_gain":0,"max_hp_loss":0,"event_name":"Vampires","floor":22,"gold_loss":0},{"damage_healed":0,"gold_gain":0,"player_choice":"Fight","damage_taken":0,"max_hp_gain":0,"max_hp_loss":0,"event_name":"Mysterious Sphere","floor":48,"gold_loss":0}],"is_beta":false,"boss_relics":[{"not_picked":["Astrolabe","Philosopher\u0027s Stone"],"picked":"Cursed Key"},{"not_picked":["Coffee Dripper","Tiny House"],"picked":"Busted Crown"}],"items_purged_floors":[3,30,31,46],"is_endless":false,"potions_floor_spawned":[2,10,11,12,13,15,16,19,23,26,28,29,30,31,32,33,37,40,43,45,47,48,49],"ascension_level":0}}