{"host":"p7j7o00jacnw7qzt","time":1608100140,"event":{"mods":["BaseMod","Colored Map","Colored Powertips","DeckTracker","Highlight Path","Minty Spire (QoL Compilation)","Relic Stats"],"gold_per_floor":[117,42,54,54,129,163,224,224,301,301,301],"floor_reached":10,"playtime":161,"items_purged":["Strike_G"],"score":178,"play_id":"ced34d90-32d2-4653-b349-4fe47f20174b","local_time":"20201216012900","is_ascension_mode":true,"campfire_choices":[{"floor":8.0,"key":"REST"}],"circlet_count":0,"master_deck":["AscendersBane","Strike_G","Strike_G","Strike_G","Strike_G","Defend_G","Defend_G","Defend_G","Defend_G","Defend_G","Survivor","Neutralize","Catalyst","Deadly Poison","Noxious Fumes"],"relics":["Ring of the Snake","NeowsBlessing","Juzu Bracelet","Boot","MealTicket","Frozen Egg 2"],"acts_visited":["Exordium"],"potions_floor_usage":[10],"damage_taken":[{"damage":0.0,"enemies":"Jaw Worm","floor":1.0,"turns":1.0},{"damage":0.0,"enemies":"Small Slimes","floor":3.0,"turns":2.0},{"damage":0.0,"enemies":"Lagavulin","floor":6.0,"turns":1.0},{"damage":11.0,"enemies":"Gremlin Nob","floor":7.0,"turns":4.0},{"damage":8,"enemies":"Gremlin Nob","floor":10,"turns":3}],"seed_played":"-4795575211319585597","potions_obtained":[{"floor":1.0,"key":"SpeedPotion"},{"floor":3.0,"key":"Strength Potion"},{"floor":7.0,"key":"PowerPotion"}],"is_trial":false,"path_per_floor":["M","$","M","?","?","E","?","R","T","E"],"character_chosen":"THE_SILENT","items_purchased":[],"campfire_rested":1,"item_purchase_floors":[],"current_hp_per_floor":[59,59,59,24,13,13,2,21,21,13,13],"gold":301,"neow_bonus":"THREE_ENEMY_KILL","is_daily":false,"chose_seed":false,"campfire_upgraded":0,"win_rate":0.0,"timestamp":1608100140,"path_taken":["M","$","M","?","?","E","?","R","T","E"],"items_purchased_type":[],"build_version":"2020-12-13","purchased_purges":1,"victory":false,"max_hp_per_floor":[66,66,66,66,66,66,66,66,66,66,66],"relic_stats":{"counters":[5,11],"MealTicket":0,"Juzu Bracelet":0,"Boot":[4],"obtain_stats":[{"NeowsBlessing":0,"MealTicket":7,"Juzu Bracelet":4,"Frozen Egg 2":9,"Boot":6,"Ring of the Snake":0},{"NeowsBlessing":0,"MealTicket":3,"Juzu Bracelet":2,"Frozen Egg 2":4,"Boot":3,"Ring of the Snake":0},{"NeowsBlessing":0,"MealTicket":4,"Juzu Bracelet":3,"Frozen Egg 2":8,"Boot":4,"Ring of the Snake":0}],"Ring of the Snake":[10]},"card_choices":[{"not_picked":["Acrobatics","Crippling Poison"],"picked":"Catalyst","floor":1.0},{"not_picked":["Bane","PiercingWail"],"picked":"Deadly Poison","floor":3.0},{"not_picked":["Backstab","Dodge and Roll","Masterful Stab"],"picked":"SKIP","floor":6.0},{"not_picked":["Bane","Escape Plan"],"picked":"Noxious Fumes","floor":7.0}],"player_experience":882131,"relics_obtained":[{"floor":6.0,"key":"Boot"},{"floor":9.0,"key":"Frozen Egg 2"}],"event_choices":[{"damage_healed":0.0,"max_hp_gain":0.0,"max_hp_loss":0.0,"gold_gain":0.0,"event_name":"Scrap Ooze","player_choice":"Success","floor":4.0,"gold_loss":0.0,"damage_taken":35.0,"relics_obtained":["Juzu Bracelet"]},{"damage_healed":0.0,"max_hp_gain":0.0,"max_hp_loss":0.0,"gold_gain":75.0,"event_name":"World of Goop","player_choice":"Gather Gold","floor":5.0,"gold_loss":0.0,"damage_taken":11.0},{"damage_healed":0.0,"max_hp_gain":0.0,"max_hp_loss":0.0,"gold_gain":0.0,"event_name":"Dead Adventurer","player_choice":"Searched \u00272\u0027 times","floor":7.0,"gold_loss":0.0,"damage_taken":0.0,"relics_obtained":["MealTicket"]}],"is_beta":false,"boss_relics":[],"items_purged_floors":[2],"is_endless":false,"potions_floor_spawned":[1,3,6,7],"killed_by":"Gremlin Nob","ascension_level":20}}