{"host":"bnl7o5cb2omwu7ka","time":1608114280,"event":{"mods":["AchievementEnabler","BaseMod","BetterRewards","Block Reminder","Colored Map","Colored Powertips","Conspire","Defective Defect","Downfall","Energized Spire","Googly Eyes","Highlight Path","Infinite Spire","Ironclad Rager","Jedi Mod","Mimic Mod","Minty Spire (QoL Compilation)","Permanent Neow","Quick Restart","Rare Cards Sparkle","Replay The Spire","Spikes Relics","StSLib","The IronCluck","egg","everything is the same but u backflip on backflip","slay the spire mod where everything is the same but ironclad has a cowboy hat"],"gold_per_floor":[199,199,224,240,31,31,67,67,67,67,67,77,88,101,111,216,216,216,23,36,186,186,186],"floor_reached":22,"playtime":3372,"items_purged":["hexamod:Defend","hexamod:Strike"],"score":182,"play_id":"ae97fff3-fa9a-48a8-9e42-53fe8b386bb7","local_time":"20201216052440","is_ascension_mode":false,"campfire_choices":[{"data":"hexamod:Float","floor":1,"key":"SMITH"},{"floor":6,"key":"REST"},{"data":"hexamod:SearingWound","floor":8,"key":"SMITH"},{"data":"hexamod:GhostOfSpirePast","floor":10,"key":"SMITH"},{"data":"hexamod:ExtraCrispy","floor":18,"key":"SMITH"}],"circlet_count":0,"master_deck":["hexamod:Strike","hexamod:Strike","hexamod:Strike","hexamod:Defend","hexamod:Defend+1","hexamod:Defend","hexamod:Sear+1","hexamod:Float+1","hexamod:SpectralAdrenaline","hexamod:Hexaguard","hexamod:VolcanoVisage","hexamod:SearingWound+1","hexamod:InspiringFlames","hexamod:GhostOfSpirePast+1","hexamod:CatchUp","hexamod:BacktrackSmack","hexamod:Firestarter","hexamod:RadiantFlame","hexamod:Firestarter","hexamod:Hexaguard","hexamod:HauntingEcho","hexamod:ExtraCrispy+1","hexamod:CrushingStance","hexamod:StepThrough","hexamod:ChargedBarrage"],"relics":["hexamod:SpiritBrand","Prayer Wheel","Replay:Rubber Ducky","Black Star"],"acts_visited":["Exordium","TheCity"],"potions_floor_usage":[],"damage_taken":[{"damage":25,"enemies":"Lagavulin","floor":3,"turns":7},{"damage":5,"enemies":"Jaw Worm","floor":4,"turns":3},{"damage":4,"enemies":"downfall:FleeingMerchant","floor":5,"turns":4},{"damage":3,"enemies":"Small Slimes","floor":7,"turns":5},{"damage":0,"enemies":"Small Slimes","floor":12,"turns":4},{"damage":0,"enemies":"Cultist","floor":13,"turns":3},{"damage":26,"enemies":"Gremlin Gang","floor":14,"turns":4},{"damage":0,"enemies":"Large Slime","floor":15,"turns":3},{"damage":9,"enemies":"downfall:Watcher","floor":16,"turns":7},{"damage":0,"enemies":"downfall:FleeingMerchant","floor":19,"turns":4},{"damage":15,"enemies":"3 Byrds","floor":20,"turns":4},{"damage":63,"enemies":"Slavers","floor":22,"turns":5}],"seed_played":"-5912936841905738621","potions_obtained":[{"floor":3,"key":"Languid Potion"},{"floor":11,"key":"Weak Potion"},{"floor":11,"key":"Doom Potion"}],"is_trial":false,"path_per_floor":["R","?","E","M","$","R","MIM","R","?","R","?","M","M","M","M","B",null,"R","$","M","?","E"],"character_chosen":"THE_SPIRIT","items_purchased":["hexamod:InspiringFlames","hexamod:GhostOfSpirePast","hexamod:StepThrough"],"campfire_rested":1,"item_purchase_floors":[5,5,19],"current_hp_per_floor":[70,63,38,33,29,50,47,47,47,47,47,47,47,21,21,12,70,70,70,55,55,0,0],"gold":186,"neow_bonus":"HUNDRED_GOLD","is_daily":false,"chose_seed":false,"campfire_upgraded":4,"win_rate":0.0,"timestamp":1608114280,"path_taken":["R","?","E","M","$","R","MIM","R","?","R","?","M","M","M","M","BOSS","R","$","M","?","E"],"items_purchased_type":["Card","Card","Card"],"build_version":"2020-12-13","purchased_purges":2,"victory":false,"max_hp_per_floor":[70,70,70,70,70,70,70,70,70,70,70,70,70,70,70,70,70,70,70,70,70,70,70],"card_choices":[{"not_picked":["hexamod:GhostShield","hexamod:HauntingEcho"],"picked":"hexamod:SpectralAdrenaline","floor":3},{"not_picked":["hexamod:Firestarter","hexamod:InspiringFlames"],"picked":"hexamod:Hexaguard","floor":4},{"not_picked":["hexamod:RadiantFlame","hexamod:FastForward"],"picked":"hexamod:VolcanoVisage","floor":4},{"not_picked":["hexamod:BurningTouch","hexamod:RetreatToShadows"],"picked":"hexamod:SearingWound","floor":5},{"not_picked":["hexamod:BacktrackSmack","hexamod:SpectersWail"],"picked":"hexamod:CatchUp","floor":7},{"not_picked":["hexamod:ThermalTransfer","hexamod:InspiringFlames"],"picked":"hexamod:BacktrackSmack","floor":12},{"not_picked":["hexamod:RainOfEmbers","hexamod:SwordOfDarkness"],"picked":"hexamod:Firestarter","floor":12},{"not_picked":["hexamod:NightmareGuise","hexamod:BurningTouch"],"picked":"hexamod:RadiantFlame","floor":13},{"not_picked":["hexamod:HeatCrush","hexamod:NightmareGuise"],"picked":"hexamod:Firestarter","floor":13},{"not_picked":["hexamod:SixthSeal","hexamod:InspiringFlames"],"picked":"hexamod:Hexaguard","floor":14},{"not_picked":["hexamod:Hexaguard","hexamod:HeatCrush","hexamod:Haunt"],"picked":"SKIP","floor":14},{"not_picked":["hexamod:BacktrackSmack","hexamod:Firestarter"],"picked":"hexamod:HauntingEcho","floor":15},{"not_picked":["hexamod:RetreatToShadows","hexamod:DynamicBlow"],"picked":"hexamod:ExtraCrispy","floor":15},{"not_picked":["hexamod:TimeOfNeed","hexamod:FifthSeal"],"picked":"hexamod:CrushingStance","floor":16},{"not_picked":["hexamod:GhostflameBarrier","hexamod:SpectersWail","hexamod:HauntingEcho+1"],"picked":"SKIP","floor":19},{"not_picked":["hexamod:PhantomCloak","hexamod:SpectersWail"],"picked":"hexamod:ChargedBarrage","floor":20},{"not_picked":["hexamod:NightmareStrike+1","hexamod:Incineration","hexamod:ExtraCrispy"],"picked":"SKIP","floor":20}],"player_experience":141987,"relics_obtained":[{"floor":3,"key":"Prayer Wheel"},{"floor":7,"key":"Replay:Rubber Ducky"}],"event_choices":[{"damage_healed":0,"gold_gain":0,"player_choice":"Success","damage_taken":7,"relics_obtained":["War Paint"],"max_hp_gain":0,"max_hp_loss":0,"event_name":"Scrap Ooze","floor":2,"gold_loss":0},{"damage_healed":0,"gold_gain":0,"player_choice":"Got Potions","damage_taken":0,"max_hp_gain":0,"max_hp_loss":0,"event_name":"Lab","floor":11,"gold_loss":0}],"is_beta":false,"boss_relics":[{"not_picked":["energizedSpire:EnergizedDie","Painkiller Herb"],"picked":"Black Star"}],"items_purged_floors":[5,19],"is_endless":false,"potions_floor_spawned":[3,12,13,20],"killed_by":"Slavers","ascension_level":0}}