{"host":"mi0eibewekhugwl1","time":1608118281,"event":{"mods":["AchievementEnabler","BaseMod","Colored Map","Colored Powertips","DeckTracker","Keyboard Shortcuts","Minty Spire (QoL Compilation)","Quick Restart","Rare Cards Sparkle","Relic Stats","StSLib","SuperFastMode","everything is the same but u backflip on backflip"],"gold_per_floor":[112,7,25,44,58,58,73,73,73,73,89,89,107,124,124,124,124],"floor_reached":16,"playtime":277,"items_purged":["Strike_R"],"score":192,"play_id":"d0e7eef4-7f47-4241-b1e8-1e78dbe9e1d7","local_time":"20201216203121","is_ascension_mode":true,"campfire_choices":[{"data":"Armaments","floor":6,"key":"SMITH"},{"data":"Body Slam","floor":8,"key":"SMITH"},{"data":"Disarm","floor":12,"key":"SMITH"},{"data":"Bash","floor":15,"key":"SMITH"}],"circlet_count":0,"master_deck":["AscendersBane","Strike_R","Strike_R","Strike_R","Defend_R","Defend_R","Defend_R","Defend_R","Bash+1","Carnage","Shrug It Off","Body Slam+1","Armaments+1","Disarm+1"],"relics":["Burning Blood","NeowsBlessing","Matryoshka"],"acts_visited":["Exordium"],"potions_floor_usage":[16,16],"damage_taken":[{"damage":0,"enemies":"Cultist","floor":1,"turns":1},{"damage":0,"enemies":"Jaw Worm","floor":3,"turns":1},{"damage":0,"enemies":"Small Slimes","floor":4,"turns":1},{"damage":12,"enemies":"2 Fungi Beasts","floor":5,"turns":4},{"damage":13,"enemies":"Lots of Slimes","floor":7,"turns":7},{"damage":6,"enemies":"3 Louse","floor":11,"turns":3},{"damage":10,"enemies":"Large Slime","floor":13,"turns":7},{"damage":18,"enemies":"Blue Slaver","floor":14,"turns":3},{"damage":53,"enemies":"The Guardian","floor":16,"turns":12}],"seed_played":"-8109780532798706084","potions_obtained":[{"floor":1,"key":"SmokeBomb"},{"floor":5,"key":"SteroidPotion"},{"floor":11,"key":"ColorlessPotion"}],"is_trial":false,"path_per_floor":["M","$","M","M","M","R","M","R","T","?","M","R","M","M","R","B"],"character_chosen":"IRONCLAD","items_purchased":["Shrug It Off"],"campfire_rested":0,"item_purchase_floors":[2],"current_hp_per_floor":[74,74,75,75,69,69,62,62,62,55,55,55,51,39,39,0,0],"gold":124,"neow_bonus":"THREE_ENEMY_KILL","is_daily":false,"chose_seed":false,"campfire_upgraded":4,"win_rate":0.0,"timestamp":1608118281,"path_taken":["M","$","?","M","M","R","M","R","T","?","M","R","M","M","R","BOSS"],"items_purchased_type":["Card"],"build_version":"2020-12-13","purchased_purges":1,"victory":false,"max_hp_per_floor":[75,75,75,75,75,75,75,75,75,75,75,75,75,75,75,75,75],"relic_stats":{"counters":[9,39],"obtain_stats":[{"Matryoshka":9,"NeowsBlessing":0,"Burning Blood":0},{"Matryoshka":5,"NeowsBlessing":0,"Burning Blood":0},{"Matryoshka":14,"NeowsBlessing":0,"Burning Blood":0}],"Burning Blood":37},"card_choices":[{"not_picked":["Iron Wave","Flame Barrier"],"picked":"Carnage","floor":1},{"not_picked":["Shrug It Off","Headbutt"],"picked":"Body Slam","floor":3},{"not_picked":["Havoc","Double Tap"],"picked":"Armaments","floor":4},{"not_picked":["Uppercut","Anger"],"picked":"Disarm","floor":5},{"not_picked":["Shrug It Off","True Grit","Heavy Blade"],"picked":"SKIP","floor":7},{"not_picked":["Infernal Blade","Shrug It Off","Hemokinesis"],"picked":"SKIP","floor":11},{"not_picked":["Thunderclap","Perfected Strike","Spot Weakness"],"picked":"SKIP","floor":13},{"not_picked":["Iron Wave","Dropkick","Perfected Strike"],"picked":"SKIP","floor":14}],"player_experience":1670277,"relics_obtained":[{"floor":9,"key":"Matryoshka"}],"event_choices":[{"cards_removed":["Strike_R"],"damage_healed":0,"gold_gain":0,"player_choice":"Card Removal","damage_taken":7,"max_hp_gain":0,"max_hp_loss":0,"event_name":"Golden Wing","floor":10,"gold_loss":0}],"is_beta":false,"boss_relics":[],"items_purged_floors":[2],"is_endless":false,"potions_floor_spawned":[1,5,11],"killed_by":"The Guardian","ascension_level":20}}