{"host":"en3i0mvpfa3c1sbz","time":1608116027,"event":{"mods":["BaseMod","BetterRewards","Dota2Spire","Downfall","GifTheSpireLib","Hubris","Infinite Spire","Marisa£®ÏF”Í°°ƒß¿Ì…≥£©","Minty Spire (QoL Compilation)","READ ME - Guardian Mod","Replay The Spire","Shop Mod","StSLib","Stuff the Spire","The Administrix","The Factory","The Jungle"],"gold_per_floor":[118,137,150,164,180,223,223,223,248,263,271,271],"floor_reached":11,"playtime":1942,"items_purged":[],"score":92,"play_id":"aae0b15d-73e3-437e-8ee0-982f23775599","local_time":"20201216185347","is_ascension_mode":true,"campfire_choices":[{"floor":7.0,"key":"RECALL"}],"circlet_count":0,"master_deck":["Strike_R+1","Strike_R+1","Strike_R+1","Strike_R+1","Strike_R+1","Defend_R+1","Defend_R+1","Defend_R+1","Defend_R+1","Bash+1","hubris:ReadiedAction+1","Perfected Strike","Rupture","StuffTheSpire:TitanForm","StuffTheSpire:BloodClot","Blood for Blood","Armaments"],"relics":["Burning Blood","infinitespire:Midas Blood","StuffTheSpire:BottledEssence","theJungle:ParSnip","Boot"],"acts_visited":["Exordium"],"potions_floor_usage":[11,11],"damage_taken":[{"damage":0.0,"enemies":"Cultist","floor":1.0,"turns":2.0},{"damage":4.0,"enemies":"Jaw Worm","floor":2.0,"turns":3.0},{"damage":6.0,"enemies":"2 Louse","floor":3.0,"turns":2.0},{"damage":5.0,"enemies":"Blue Slaver","floor":4.0,"turns":2.0},{"damage":14.0,"enemies":"Looter","floor":5.0,"turns":3.0},{"damage":23.0,"enemies":"Replay:BlueRogue","floor":6.0,"turns":5.0},{"damage":26.0,"enemies":"Exordium Wildlife","floor":10.0,"turns":5.0},{"damage":31,"enemies":"Nightmare","floor":11,"turns":4}],"seed_played":"6059261246237776725","potions_obtained":[{"floor":2.0,"key":"ColorlessPotion"},{"floor":4.0,"key":"Slimebound:ThreeZeroPotion"},{"floor":5.0,"key":"BlessingOfTheForge"}],"is_trial":false,"path_per_floor":["M","M","M","M","M","E","R","?","T","M","NM"],"character_chosen":"IRONCLAD","items_purchased":["infinitespire:Midas Blood","StuffTheSpire:BottledEssence"],"campfire_rested":0,"item_purchase_floors":[0,0],"current_hp_per_floor":[75,75,75,75,67,50,50,50,50,30,0,0],"gold":271,"neow_bonus":"","is_daily":false,"chose_seed":false,"campfire_upgraded":0,"win_rate":0.0,"timestamp":1608116027,"path_taken":["M","M","M","M","M","E","R","?","T","M","E"],"items_purchased_type":["Relic","Relic"],"build_version":"2020-12-13","purchased_purges":0,"victory":false,"max_hp_per_floor":[75,75,75,75,75,75,75,75,75,75,75,75],"card_choices":[{"not_picked":["Fire Breathing","Metallicize"],"picked":"hubris:ReadiedAction","floor":1.0},{"not_picked":["infinitespire:OneForAll","hubris:ReadiedAction"],"picked":"Perfected Strike","floor":2.0},{"not_picked":["Infernal Blade","Combust"],"picked":"Rupture","floor":3.0},{"not_picked":["Run Through","Body Slam"],"picked":"StuffTheSpire:TitanForm","floor":4.0},{"not_picked":["Havoc","Anger"],"picked":"StuffTheSpire:BloodClot","floor":5.0},{"not_picked":["ReplayTheSpireMod:LeadingStrike","StuffTheSpire:TitanForm"],"picked":"Blood for Blood","floor":6.0},{"not_picked":["Run Through","StuffTheSpire:Incineration"],"picked":"Armaments","floor":10.0}],"player_experience":297178,"relics_obtained":[{"floor":6.0,"key":"Boot"}],"event_choices":[],"is_beta":false,"boss_relics":[],"items_purged_floors":[],"is_endless":false,"potions_floor_spawned":[2,4,5],"killed_by":"Nightmare","ascension_level":4}}