{"host":"3qkmyeoym75lj4wn","time":1608159713,"event":{"mods":["2.2 Compatiblity","BaseMod","Block Reminder","Colored Powertips","Highlight Path","Minty Spire (QoL Compilation)","Permanent Neow","Potion Indicator Mod","Rare Cards Sparkle","Relic Stats","StSLib"],"gold_per_floor":[109,66,66,85,85,118,193,193,217,251,221,221,221],"floor_reached":12,"playtime":329,"items_purged":[],"score":218,"play_id":"51c26256-f399-41ae-9d41-fe7cc4adfe7b","local_time":"20201216230153","is_ascension_mode":true,"campfire_choices":[{"data":"Zap","floor":8,"key":"SMITH"}],"circlet_count":0,"master_deck":["AscendersBane","Strike_B","Strike_B","Strike_B","Strike_B","Defend_B","Defend_B","Defend_B","Defend_B","Zap+1","Dualcast","Sweeping Beam","Genetic Algorithm","Rainbow","Hologram","Self Repair"],"relics":["Cracked Core","NeowsBlessing","Golden Idol","Orichalcum","Centennial Puzzle","Vajra"],"acts_visited":["Exordium"],"potions_floor_usage":[10,12,12],"damage_taken":[{"damage":0,"enemies":"Jaw Worm","floor":1,"turns":1},{"damage":0,"enemies":"Small Slimes","floor":4,"turns":1},{"damage":0,"enemies":"3 Sentries","floor":6,"turns":2},{"damage":27,"enemies":"Lagavulin","floor":10,"turns":7},{"damage":32,"enemies":"Gremlin Nob","floor":12,"turns":3}],"seed_played":"-7081165822191295831","potions_obtained":[{"floor":6,"key":"AttackPotion"},{"floor":11,"key":"SneckoOil"},{"floor":11,"key":"Explosive Potion"}],"is_trial":false,"path_per_floor":["M","$","?","M","?","E","?","R","T","E","?","E"],"character_chosen":"DEFECT","items_purchased":["Genetic Algorithm"],"campfire_rested":0,"item_purchase_floors":[2],"current_hp_per_floor":[64,64,69,69,69,69,58,58,58,31,31,0,0],"gold":221,"neow_bonus":"THREE_ENEMY_KILL","is_daily":false,"chose_seed":false,"campfire_upgraded":1,"win_rate":0.0,"timestamp":1608159713,"path_taken":["M","$","?","M","?","E","?","R","T","E","?","E"],"items_purchased_type":["Card"],"build_version":"2020-12-13","purchased_purges":0,"victory":false,"max_hp_per_floor":[71,71,76,76,69,69,69,69,69,69,69,69,69],"relic_stats":{"Centennial Puzzle":[6],"counters":[5,14],"Golden Idol":14,"Orichalcum":[18],"obtain_stats":[{"Centennial Puzzle":9,"NeowsBlessing":0,"Golden Idol":5,"Vajra":10,"Orichalcum":6,"Cracked Core":0},{"Centennial Puzzle":3,"NeowsBlessing":0,"Golden Idol":2,"Vajra":4,"Orichalcum":3,"Cracked Core":0},{"Centennial Puzzle":4,"NeowsBlessing":0,"Golden Idol":2,"Vajra":11,"Orichalcum":4,"Cracked Core":0}]},"card_choices":[{"not_picked":["Hologram","Melter"],"picked":"Sweeping Beam","floor":1},{"not_picked":["Gash","Sweeping Beam"],"picked":"Rainbow","floor":4},{"not_picked":["Storm","Stack"],"picked":"Hologram","floor":6},{"not_picked":["Rebound","Hologram"],"picked":"Self Repair","floor":10}],"player_experience":1593684,"relics_obtained":[{"floor":6,"key":"Orichalcum"},{"floor":9,"key":"Centennial Puzzle"},{"floor":10,"key":"Vajra"}],"event_choices":[{"damage_healed":0,"gold_gain":0,"player_choice":"Donut","damage_taken":0,"max_hp_gain":5,"max_hp_loss":0,"event_name":"Big Fish","floor":3,"gold_loss":0},{"damage_healed":0,"gold_gain":0,"player_choice":"Lose Max HP","damage_taken":0,"relics_obtained":["Golden Idol"],"max_hp_gain":0,"max_hp_loss":7,"event_name":"Golden Idol","floor":5,"gold_loss":0},{"damage_healed":0,"gold_gain":75,"player_choice":"Gather Gold","damage_taken":11,"max_hp_gain":0,"max_hp_loss":0,"event_name":"World of Goop","floor":7,"gold_loss":0},{"damage_healed":0,"gold_gain":0,"player_choice":"Bought 2 Potions","damage_taken":0,"max_hp_gain":0,"max_hp_loss":0,"event_name":"The Woman in Blue","floor":11,"gold_loss":0}],"is_beta":false,"boss_relics":[],"items_purged_floors":[],"is_endless":false,"potions_floor_spawned":[6],"killed_by":"Gremlin Nob","ascension_level":20}}