{"host":"kw4o7b3ro2ktmmbe","time":1608116290,"event":{"mods":["BaseMod","Minty Spire (QoL Compilation)","Robot Space Explorer","StSLib","Treasure Hunter"],"gold_per_floor":[199,215,215,235,88,88,131,131,140,181,190,224,224,174,174,290,290,316,27,45,74,119,155,80,115,124,124,167,167,194,194,194,307,307,335,335,362,387,401,444,444,488,523,554,408,417,15,24,24,25,25,25,25,26,26],"floor_reached":54,"playtime":4826,"items_purged":[],"score":880,"play_id":"34235399-17a8-49ea-b3fb-9883c45c39c5","local_time":"20201216235810","is_ascension_mode":false,"campfire_choices":[{"floor":6.0,"key":"RECALL"},{"floor":8.0,"key":"REST"},{"floor":15.0,"key":"REST"},{"floor":27.0,"key":"REST"},{"floor":32.0,"key":"REST"},{"floor":41.0,"key":"REST"},{"floor":49,"key":"REST"},{"floor":52,"key":"REST"}],"circlet_count":0,"master_deck":["RobotSpaceExplorer:Scan","RobotSpaceExplorer:Pulsar","RobotSpaceExplorer:RigExplosive","RobotSpaceExplorer:Comet","RobotSpaceExplorer:Blaster","TH:Mimic","RobotSpaceExplorer:Pulsar","TH:CursedSword","TH:Mimic","RobotSpaceExplorer:Comet","TH:BikiniMail","RobotSpaceExplorer:DroneSwarm","RobotSpaceExplorer:PlasmaMissile+1","RobotSpaceExplorer:Comet","RobotSpaceExplorer:Fix+1","Bite","Bite","Bite","Bite","Bite","TH:CursedSword","TH:TreasureMap","TH:TreasureMap","TH:CursedSword","RobotSpaceExplorer:Pulsar","TH:TreasureMap","RobotSpaceExplorer:Multitool","RobotSpaceExplorer:Pulsar","Panacea","Blind","Trip","RobotSpaceExplorer:Pulsar","TH:CopperCoins","RobotSpaceExplorer:Pulsar","TH:ElvenBoots","TH:ArmorSpikes","RobotSpaceExplorer:ShockMissile","RobotSpaceExplorer:Blaster","TH:ElvenBoots"],"relics":["Fusion Hammer","Nunchaku","CeramicFish","Question Card","Juzu Bracelet","WarpedTongs","Odd Mushroom","Pen Nib","Runic Dome","Anchor","Lee\u0027s Waffle","Whetstone","Vajra","Blue Candle","Thread and Needle","Pantograph","MutagenicStrength","SlaversCollar","CaptainsWheel","Calipers","Regal Pillow","Akabeko","HornCleat","OrangePellets"],"acts_visited":["Exordium","TheCity","TheBeyond","TheEnding"],"potions_floor_usage":[50,50],"damage_taken":[{"damage":0.0,"enemies":"2 Louse","floor":1.0,"turns":3.0},{"damage":0.0,"enemies":"Cultist","floor":2.0,"turns":4.0},{"damage":0.0,"enemies":"Small Slimes","floor":4.0,"turns":3.0},{"damage":10.0,"enemies":"3 Sentries","floor":7.0,"turns":4.0},{"damage":20.0,"enemies":"Gremlin Nob","floor":10.0,"turns":4.0},{"damage":4.0,"enemies":"The Mushroom Lair","floor":12.0,"turns":4.0},{"damage":12.0,"enemies":"The Guardian","floor":16.0,"turns":9.0},{"damage":21.0,"enemies":"Chosen","floor":18.0,"turns":5.0},{"damage":1.0,"enemies":"Shell Parasite","floor":21.0,"turns":4.0},{"damage":18.0,"enemies":"Slavers","floor":23.0,"turns":3.0},{"damage":12.0,"enemies":"Gremlin Leader","floor":25.0,"turns":5.0},{"damage":4.0,"enemies":"Slavers","floor":28.0,"turns":3.0},{"damage":20.0,"enemies":"Snake Plant","floor":30.0,"turns":4.0},{"damage":30.0,"enemies":"Collector","floor":33.0,"turns":6.0},{"damage":1.0,"enemies":"3 Shapes","floor":35.0,"turns":6.0},{"damage":3.0,"enemies":"3 Darklings","floor":38.0,"turns":3.0},{"damage":9.0,"enemies":"4 Shapes","floor":39.0,"turns":4.0},{"damage":52.0,"enemies":"Reptomancer","floor":40.0,"turns":6.0},{"damage":16.0,"enemies":"Giant Head","floor":42.0,"turns":8.0},{"damage":14.0,"enemies":"Jaw Worm Horde","floor":44.0,"turns":4.0},{"damage":2,"enemies":"Awakened One","floor":50,"turns":11},{"damage":72,"enemies":"Shield and Spear","floor":54,"turns":6}],"seed_played":"-666038117133923468","potions_obtained":[{"floor":1.0,"key":"DuplicationPotion"},{"floor":7.0,"key":"EssenceOfSteel"},{"floor":10.0,"key":"BlessingOfTheForge"},{"floor":16.0,"key":"Weak Potion"},{"floor":21.0,"key":"Dexterity Potion"},{"floor":30.0,"key":"Explosive Potion"},{"floor":35.0,"key":"Ancient Potion"},{"floor":42.0,"key":"PowerPotion"}],"is_trial":false,"path_per_floor":["M","M","?","M","$","R","E","R","T","E","?","?","?","?","R","B",null,"M","$","?","M","?","E","?","E","T","R","E","?","M","?","R","B",null,"M","?","?","M","M","E","R","E","T","M","$","?","$","T","R","B",null,"R","$","E"],"character_chosen":"RobotSpaceExplorer","items_purchased":["Nunchaku","Anchor","Lee\u0027s Waffle","Akabeko","HornCleat","OrangePellets"],"campfire_rested":7,"item_purchase_floors":[5,19,19,45,47,47],"current_hp_per_floor":[75,75,75,75,75,75,65,75,75,55,55,51,48,48,70,58,75,54,82,82,81,57,45,45,48,48,57,53,53,43,43,57,48,57,57,57,47,57,54,19,36,34,34,28,28,28,28,28,57,57,57,57,57,0,0],"gold":26,"neow_bonus":"BOSS_RELIC","is_daily":false,"chose_seed":false,"campfire_upgraded":0,"win_rate":0.0,"timestamp":1608116290,"path_taken":["M","M","?","M","$","R","E","R","T","E","?","?","?","?","R","BOSS","M","$","?","M","?","E","?","E","T","R","E","?","M","?","R","BOSS","M","?","?","M","M","E","R","E","T","M","$","?","$","?","R","BOSS","R","$","E"],"items_purchased_type":["Relic","Relic","Relic","Relic","Relic","Relic"],"build_version":"2020-12-13","purchased_purges":0,"victory":false,"max_hp_per_floor":[75,75,75,75,75,75,75,75,75,75,75,75,75,75,75,75,75,75,82,82,82,57,57,57,57,57,57,57,57,57,57,57,57,57,57,57,57,57,57,57,57,57,57,57,57,57,57,57,57,57,57,57,57,57,57],"card_choices":[{"not_picked":["RobotSpaceExplorer:ScrapMissile","RobotSpaceExplorer:SurgingStrike"],"picked":"RobotSpaceExplorer:Pulsar","floor":1.0},{"not_picked":["RobotSpaceExplorer:ShockKick","RobotSpaceExplorer:PowerGlove"],"picked":"RobotSpaceExplorer:RigExplosive","floor":2.0},{"not_picked":["RobotSpaceExplorer:Probe","RobotSpaceExplorer:GlueSpray"],"picked":"RobotSpaceExplorer:Blaster","floor":4.0},{"not_picked":["TH:PixieDust"],"picked":"TH:Mimic","floor":7.0},{"not_picked":["RobotSpaceExplorer:MiniBoosters","RobotSpaceExplorer:Counterblock"],"picked":"RobotSpaceExplorer:Pulsar","floor":7.0},{"not_picked":["TH:Mimic"],"picked":"TH:CursedSword","floor":9.0},{"not_picked":["TH:ElvenBoots","TH:ArmorSpikes"],"picked":"TH:Mimic","floor":10.0},{"not_picked":["RobotSpaceExplorer:SurgingStrike","RobotSpaceExplorer:SurgingShield","RobotSpaceExplorer:StunGrenade","RobotSpaceExplorer:GlueShot"],"picked":"SKIP","floor":10.0},{"not_picked":["RobotSpaceExplorer:ScrapMissile","RobotSpaceExplorer:FreezeRay","RobotSpaceExplorer:LaserBurst"],"picked":"RobotSpaceExplorer:Comet","floor":12.0},{"not_picked":["TH:DeckOfManyThings","TH:EnergyPotion"],"picked":"TH:BikiniMail","floor":16.0},{"not_picked":["RobotSpaceExplorer:TrailblazerForm","RobotSpaceExplorer:Autoloader","RobotSpaceExplorer:BlastShield"],"picked":"RobotSpaceExplorer:DroneSwarm","floor":16.0},{"not_picked":["RobotSpaceExplorer:SlimeMissile","RobotSpaceExplorer:BigMissile","RobotSpaceExplorer:TurboDodge+1"],"picked":"RobotSpaceExplorer:PlasmaMissile","floor":18.0},{"not_picked":["RobotSpaceExplorer:SurgingStrike+1","RobotSpaceExplorer:DoubleFind+1","RobotSpaceExplorer:GlueShot"],"picked":"RobotSpaceExplorer:Fix+1","floor":21.0},{"not_picked":["TH:EnergyPotion","TH:DeckOfManyThings"],"picked":"TH:CursedSword","floor":23.0},{"not_picked":["RobotSpaceExplorer:Ammunition","RobotSpaceExplorer:ScrapMissile","RobotSpaceExplorer:SurgingShield","RobotSpaceExplorer:Probe"],"picked":"SKIP","floor":23.0},{"not_picked":["TH:CopperCoins","TH:PixieDust"],"picked":"TH:TreasureMap","floor":25.0},{"not_picked":["RobotSpaceExplorer:SlimeMissile","RobotSpaceExplorer:Probe+1","RobotSpaceExplorer:FranticSearch+1","RobotSpaceExplorer:MakeshiftVolley"],"picked":"SKIP","floor":25.0},{"not_picked":["TH:CopperCoins","TH:CursedSword"],"picked":"TH:TreasureMap","floor":26.0},{"not_picked":["TH:CopperCoins","TH:EnergyPotion"],"picked":"TH:CursedSword","floor":28.0},{"not_picked":["RobotSpaceExplorer:FrostMissile","RobotSpaceExplorer:ImprovisedAttack","RobotSpaceExplorer:Counterblock","RobotSpaceExplorer:FreezingShield"],"picked":"SKIP","floor":28.0},{"not_picked":["RobotSpaceExplorer:SlimeMissile+1","RobotSpaceExplorer:Reload+1","RobotSpaceExplorer:MetalStrike"],"picked":"RobotSpaceExplorer:Pulsar","floor":30.0},{"not_picked":["TH:PixieDust","TH:ElvenBoots"],"picked":"TH:TreasureMap","floor":33.0},{"not_picked":["RobotSpaceExplorer:ChargingLaser","RobotSpaceExplorer:TrailblazerForm","RobotSpaceExplorer:Accelerator"],"picked":"RobotSpaceExplorer:Multitool","floor":33.0},{"not_picked":["RobotSpaceExplorer:ShovelStrike","RobotSpaceExplorer:FranticSearch+1","RobotSpaceExplorer:ShockKick+1"],"picked":"RobotSpaceExplorer:Pulsar","floor":35.0},{"not_picked":["Impatience","Swift Strike","Transmutation"],"picked":"Panacea","floor":37.0},{"not_picked":["Mind Blast","Good Instincts","Panacea"],"picked":"Blind","floor":37.0},{"not_picked":["Jack Of All Trades","Flash of Steel","Transmutation"],"picked":"Trip","floor":37.0},{"not_picked":["RobotSpaceExplorer:FreezingShield+1","RobotSpaceExplorer:Counterblock","RobotSpaceExplorer:MiniBoosters"],"picked":"RobotSpaceExplorer:Pulsar","floor":38.0},{"not_picked":["RobotSpaceExplorer:GlueShot","RobotSpaceExplorer:ShockKick","RobotSpaceExplorer:SurgingShield","RobotSpaceExplorer:ImprovisedAttack+1"],"picked":"SKIP","floor":39.0},{"not_picked":["TH:PixieDust","TH:EnergyPotion"],"picked":"TH:CopperCoins","floor":40.0},{"not_picked":["RobotSpaceExplorer:GlueShot","RobotSpaceExplorer:Reload","RobotSpaceExplorer:SurgingShield"],"picked":"RobotSpaceExplorer:Pulsar","floor":40.0},{"not_picked":["TH:DeckOfManyThings","TH:CursedSword"],"picked":"TH:ElvenBoots","floor":42.0},{"not_picked":["RobotSpaceExplorer:Jetpack","RobotSpaceExplorer:FreezingShield+1","RobotSpaceExplorer:SwiftStep","RobotSpaceExplorer:Probe"],"picked":"SKIP","floor":42.0},{"not_picked":["TH:ElvenBoots","TH:CursedSword"],"picked":"TH:ArmorSpikes","floor":43.0},{"not_picked":["RobotSpaceExplorer:StunGrenade","RobotSpaceExplorer:Counterblock","RobotSpaceExplorer:Ammunition"],"picked":"RobotSpaceExplorer:ShockMissile","floor":44.0},{"not_picked":["TH:BikiniMail","TH:ArmorSpikes"],"picked":"TH:ElvenBoots","floor":48}],"player_experience":1730520,"relics_obtained":[{"floor":7.0,"key":"CeramicFish"},{"floor":9.0,"key":"Question Card"},{"floor":10.0,"key":"Juzu Bracelet"},{"floor":12.0,"key":"Odd Mushroom"},{"floor":21.0,"key":"Whetstone"},{"floor":23.0,"key":"Vajra"},{"floor":25.0,"key":"Blue Candle"},{"floor":26.0,"key":"Thread and Needle"},{"floor":28.0,"key":"Pantograph"},{"floor":40.0,"key":"CaptainsWheel"},{"floor":42.0,"key":"Calipers"},{"floor":43.0,"key":"Regal Pillow"}],"event_choices":[{"damage_healed":0.0,"max_hp_gain":0.0,"max_hp_loss":0.0,"gold_gain":0.0,"cards_transformed":["RobotSpaceExplorer:Defend"],"event_name":"Transmorgrifier","player_choice":"Transformed","floor":3.0,"gold_loss":0.0,"damage_taken":0.0,"cards_obtained":["RobotSpaceExplorer:Comet"]},{"damage_healed":0.0,"max_hp_gain":0.0,"max_hp_loss":0.0,"gold_gain":0.0,"event_name":"Accursed Blacksmith","player_choice":"Rummage","floor":11.0,"gold_loss":0.0,"damage_taken":0.0,"relics_obtained":["WarpedTongs"],"cards_obtained":["Pain"]},{"damage_healed":0.0,"max_hp_gain":0.0,"max_hp_loss":0.0,"gold_gain":0.0,"event_name":"Mushrooms","player_choice":"Fought Mushrooms","floor":12.0,"gold_loss":0.0,"damage_taken":0.0},{"damage_healed":0.0,"max_hp_gain":0.0,"max_hp_loss":0.0,"gold_gain":0.0,"event_name":"Scrap Ooze","player_choice":"Success","floor":13.0,"gold_loss":0.0,"damage_taken":3.0,"relics_obtained":["Pen Nib"]},{"cards_removed":["Pain"],"damage_healed":0.0,"max_hp_gain":0.0,"max_hp_loss":0.0,"gold_gain":0.0,"event_name":"The Cleric","player_choice":"Card Removal","floor":14.0,"gold_loss":50.0,"damage_taken":0.0},{"damage_healed":0.0,"max_hp_gain":0.0,"max_hp_loss":0.0,"gold_gain":0.0,"event_name":"Match and Keep!","player_choice":"2 cards matched","floor":20.0,"gold_loss":0.0,"damage_taken":0.0,"cards_obtained":["RobotSpaceExplorer:Comet","RobotSpaceExplorer:LuckyFind"]},{"damage_healed":0.0,"max_hp_gain":0.0,"max_hp_loss":25.0,"gold_gain":0.0,"event_name":"Vampires","player_choice":"Became a vampire","floor":22.0,"gold_loss":0.0,"damage_taken":0.0,"cards_obtained":["Bite","Bite","Bite","Bite","Bite"]},{"cards_removed":["RobotSpaceExplorer:Defend"],"damage_healed":0.0,"max_hp_gain":0.0,"max_hp_loss":0.0,"gold_gain":0.0,"event_name":"Beggar","player_choice":"Gave Gold","floor":24.0,"gold_loss":75.0,"damage_taken":0.0},{"cards_removed":["RobotSpaceExplorer:Defend"],"damage_healed":0.0,"max_hp_gain":0.0,"max_hp_loss":0.0,"gold_gain":0.0,"event_name":"Back to Basics","player_choice":"Elegance","floor":29.0,"gold_loss":0.0,"damage_taken":0.0},{"damage_healed":0.0,"max_hp_gain":0.0,"max_hp_loss":0.0,"gold_gain":0.0,"event_name":"Drug Dealer","player_choice":"Inject Mutagens","floor":31.0,"gold_loss":0.0,"damage_taken":0.0,"relics_obtained":["MutagenicStrength"]},{"cards_removed":["RobotSpaceExplorer:Defend"],"damage_healed":0.0,"max_hp_gain":0.0,"max_hp_loss":0.0,"gold_gain":0.0,"event_name":"Bonfire Elementals","player_choice":"Offered Basic","floor":36.0,"gold_loss":0.0,"damage_taken":0.0},{"damage_healed":0.0,"max_hp_gain":0.0,"max_hp_loss":0.0,"gold_gain":0.0,"event_name":"SensoryStone","player_choice":"Memory 3","floor":37.0,"gold_loss":0.0,"damage_taken":10.0},{"damage_healed":0,"gold_gain":0,"cards_transformed":["RobotSpaceExplorer:MiniLasers"],"player_choice":"Transformed","damage_taken":0,"max_hp_gain":0,"max_hp_loss":0,"event_name":"Transmorgrifier","floor":46,"gold_loss":0,"cards_obtained":["RobotSpaceExplorer:Blaster"]}],"is_beta":false,"boss_relics":[{"not_picked":["RobotSpaceExplorer:SearchSpecs","Sozu"],"picked":"Runic Dome"},{"not_picked":["Philosopher\u0027s Stone","Runic Pyramid"],"picked":"SlaversCollar"}],"items_purged_floors":[],"is_endless":false,"potions_floor_spawned":[1,7,10,16,21,23,30,35,42],"killed_by":"Shield and Spear","ascension_level":0}}