{"host":"sum4dy402bbv9y4o","time":1608131075,"event":{"mods":["Aspiration","BaseMod","Conspire","Highlight Path","Minty Spire (QoL Compilation)","StSLib"],"gold_per_floor":[110,127,141,156,156,156,190,200,200,200,211,230,266,285,285,371,425,448,468,448,459,481,481,481,481],"floor_reached":24,"playtime":1159,"items_purged":[],"score":578,"play_id":"d6769585-c005-4e9a-a193-edb2a9eb60f2","local_time":"20201216180435","is_ascension_mode":true,"campfire_choices":[{"data":"Eruption","floor":6,"key":"SMITH"},{"floor":10,"key":"REST"},{"data":"TalkToTheHand","floor":15,"key":"SMITH"},{"floor":23,"key":"REST"}],"circlet_count":0,"master_deck":["AscendersBane","Eruption+1","Vigilance","EmptyFist","BowlingBash","SashWhip","TalkToTheHand+1","Tantrum","Meditate","FlurryOfBlows","FollowUp","EmptyBody","FlurryOfBlows","Ragnarok","TalkToTheHand","Nirvana","BattleHymn","ClearTheMind","MentalFortress","Vengeance","Tantrum+1","Adaptation","FlurryOfBlows"],"relics":["PureWater","Happy Flower","aspiration:FetidBarrel","CeramicFish","Pandora\u0027s Box"],"acts_visited":["Exordium","TheCity"],"potions_floor_usage":[3,4,13,13,16,16,21,24],"damage_taken":[{"damage":4,"enemies":"2 Louse","floor":1,"turns":3},{"damage":0,"enemies":"Cultist","floor":2,"turns":2},{"damage":0,"enemies":"Jaw Worm","floor":3,"turns":2},{"damage":1,"enemies":"Lots of Slimes","floor":4,"turns":2},{"damage":30,"enemies":"Gremlin Nob","floor":7,"turns":4},{"damage":2,"enemies":"Looter","floor":8,"turns":2},{"damage":0,"enemies":"Large Slime","floor":11,"turns":2},{"damage":0,"enemies":"Gremlin Gang","floor":12,"turns":3},{"damage":0,"enemies":"Lagavulin","floor":13,"turns":4},{"damage":7,"enemies":"Exordium Wildlife","floor":14,"turns":2},{"damage":0,"enemies":"Slime Boss","floor":16,"turns":4},{"damage":21,"enemies":"Shell Parasite","floor":18,"turns":2},{"damage":11,"enemies":"Spheric Guardian","floor":19,"turns":3},{"damage":14,"enemies":"Chosen and Byrds","floor":21,"turns":4},{"damage":9,"enemies":"Shelled Parasite and Fungi","floor":22,"turns":4},{"damage":25,"enemies":"Slavers","floor":24,"turns":1}],"seed_played":"-3881771118016470314","potions_obtained":[{"floor":2,"key":"LiquidMemories"},{"floor":3,"key":"Explosive Potion"},{"floor":12,"key":"EntropicBrew"},{"floor":13,"key":"PowerPotion"},{"floor":16,"key":"Dexterity Potion"},{"floor":18,"key":"SneckoOil"},{"floor":20,"key":"Energy Potion"}],"is_trial":false,"path_per_floor":["M","M","M","M","?","R","E","M","T","R","M","M","E","M","R","B",null,"M","M","?","M","M","R","E"],"character_chosen":"WATCHER","items_purchased":[],"campfire_rested":2,"item_purchase_floors":[],"current_hp_per_floor":[57,57,57,56,56,56,26,24,24,44,44,44,44,37,37,37,60,39,28,28,14,5,25,0,0],"gold":481,"neow_bonus":"REMOVE_CARD","is_daily":false,"chose_seed":false,"campfire_upgraded":2,"win_rate":0.0,"timestamp":1608131075,"path_taken":["M","M","M","M","?","R","E","M","T","R","M","M","E","M","R","BOSS","M","?","?","?","M","R","E"],"items_purchased_type":[],"build_version":"2020-12-13","purchased_purges":0,"victory":false,"max_hp_per_floor":[68,68,68,68,68,68,68,68,68,68,68,68,68,68,68,68,68,68,68,68,68,68,68,68,68],"card_choices":[{"not_picked":["ThirdEye","CrushJoints"],"picked":"EmptyFist","floor":1},{"not_picked":["WreathOfFlame","Vault"],"picked":"BowlingBash","floor":2},{"not_picked":["Evaluate","FollowUp"],"picked":"SashWhip","floor":3},{"not_picked":["PathToVictory","FlurryOfBlows"],"picked":"TalkToTheHand","floor":4},{"not_picked":["BowlingBash","Halt"],"picked":"Tantrum","floor":7},{"not_picked":["JustLucky","Ragnarok"],"picked":"Meditate","floor":8},{"not_picked":["Halt","FlyingSleeves"],"picked":"FlurryOfBlows","floor":11},{"not_picked":["Consecrate","CrushJoints"],"picked":"FollowUp","floor":12},{"not_picked":["SpiritShield","SashWhip"],"picked":"EmptyBody","floor":13},{"not_picked":["EmptyBody","Swivel"],"picked":"FlurryOfBlows","floor":14},{"not_picked":["Scrawl","Omniscience"],"picked":"Ragnarok","floor":16},{"not_picked":["ClearTheMind","Nirvana"],"picked":"Tantrum+1","floor":18},{"not_picked":["Consecrate","CutThroughFate"],"picked":"Adaptation","floor":19},{"not_picked":["ThirdEye","SignatureMove","BowlingBash"],"picked":"SKIP","floor":21},{"not_picked":["JustLucky","BowlingBash"],"picked":"FlurryOfBlows","floor":22}],"player_experience":2789764,"relics_obtained":[{"floor":7,"key":"Happy Flower"},{"floor":9,"key":"aspiration:FetidBarrel"},{"floor":13,"key":"CeramicFish"}],"event_choices":[{"cards_removed":["Strike_P"],"damage_healed":0,"gold_gain":0,"player_choice":"Purged","damage_taken":0,"max_hp_gain":0,"max_hp_loss":0,"event_name":"Purifier","floor":5,"gold_loss":0},{"damage_healed":0,"gold_gain":0,"player_choice":"Bought 1 Potion","damage_taken":0,"max_hp_gain":0,"max_hp_loss":0,"event_name":"The Woman in Blue","floor":20,"gold_loss":0}],"is_beta":false,"boss_relics":[{"not_picked":["Runic Dome","conspire:SeveredTorchhead"],"picked":"Pandora\u0027s Box"}],"items_purged_floors":[],"is_endless":false,"potions_floor_spawned":[2,3,12,13,16,18],"killed_by":"Slavers","ascension_level":20}}