{"host":"6xsbn6ynqlzwllfm","time":1608128899,"event":{"mods":["2.2 Compatiblity","BaseMod","Bestiary","Colored Map","Colored Powertips","Downfall","Googly Eyes","Highlight Path","Minty Spire (QoL Compilation)","Relic Stats","Slay the Relics Exporter","StSLib"],"gold_per_floor":[118,118,118,128,146,146,181,181,181,193,193,47,64,76,76,153,153,133,144,144,144,164,164,164,164],"floor_reached":24,"playtime":969,"items_purged":["Pain"],"score":434,"play_id":"1e64a1c2-6704-4af5-a455-312471d4552a","local_time":"20201216092819","is_ascension_mode":true,"campfire_choices":[{"data":"Guardian:Harden","floor":6,"key":"SMITH"},{"floor":11,"key":"REST"},{"data":"Guardian:PolyBeam","floor":15,"key":"SMITH"},{"data":"Guardian:BronzeArmor","floor":23,"key":"SMITH"}],"circlet_count":0,"master_deck":["AscendersBane","Guardian:Strike_Guardian","Guardian:Strike_Guardian","Guardian:Strike_Guardian","Guardian:Strike_Guardian+1","Guardian:Defend_Guardian","Guardian:Defend_Guardian+1","Guardian:Defend_Guardian","Guardian:Defend_Guardian","Guardian:CurlUp","Guardian:TwinSlam","Guardian:PrimingBeam","Guardian:Harden+1","Guardian:PolyBeam+1","Guardian:FloatingOrbs","Guardian:BronzeArmor+1","Guardian:StasisField","Guardian:Suspension","Necronomicurse","Ghostly","Ghostly","Ghostly","Ghostly","Ghostly","Guardian:VentSteam"],"relics":["Guardian:ModeShifter","Tiny Chest","WarpedTongs","Ancient Tea Set","Mummified Hand","Question Card","SlaversCollar","Necronomicon"],"acts_visited":["Exordium","TheCity"],"potions_floor_usage":[16,16,22,24],"damage_taken":[{"damage":1,"enemies":"2 Louse","floor":1,"turns":3},{"damage":3,"enemies":"Cultist","floor":4,"turns":4},{"damage":1,"enemies":"Jaw Worm","floor":5,"turns":3},{"damage":23,"enemies":"Lagavulin","floor":7,"turns":8},{"damage":9,"enemies":"Exordium Thugs","floor":10,"turns":5},{"damage":0,"enemies":"Large Slime","floor":13,"turns":4},{"damage":3,"enemies":"Blue Slaver","floor":14,"turns":3},{"damage":0,"enemies":"The Guardian","floor":16,"turns":7},{"damage":19,"enemies":"2 Thieves","floor":18,"turns":4},{"damage":9,"enemies":"Shell Parasite","floor":19,"turns":5},{"damage":2,"enemies":"Shelled Parasite and Fungi","floor":22,"turns":8},{"damage":36,"enemies":"Gremlin Leader","floor":24,"turns":7}],"seed_played":"6841652056652810316","potions_obtained":[{"floor":7,"key":"EssenceOfSteel"},{"floor":13,"key":"ColorlessPotion"},{"floor":19,"key":"Swift Potion"},{"floor":22,"key":"Block Potion"}],"is_trial":false,"path_per_floor":["M","?","?","M","M","R","E","T","T","M","R","$","M","M","R","B",null,"M","M","?","?","M","R","E"],"character_chosen":"GUARDIAN","items_purchased":["Guardian:FloatingOrbs"],"campfire_rested":1,"item_purchase_floors":[12],"current_hp_per_floor":[71,55,55,52,51,51,28,28,28,19,43,43,43,40,40,40,70,51,42,26,26,24,24,0,0],"gold":164,"neow_bonus":"RANDOM_COMMON_RELIC","is_daily":false,"chose_seed":false,"campfire_upgraded":3,"win_rate":0.0,"timestamp":1608128899,"path_taken":["M","?","?","M","?","R","E","?","T","M","R","?","M","M","R","BOSS","M","M","?","?","M","R","E"],"items_purchased_type":["Card"],"build_version":"2020-12-13","purchased_purges":1,"victory":false,"max_hp_per_floor":[80,80,80,80,80,80,80,80,80,80,80,80,80,80,80,80,80,80,80,80,40,40,40,40,40],"relic_stats":{"counters":[12,61],"Mummified Hand":[8],"Tiny Chest":1,"Necronomicon":[0],"Question Card":7,"obtain_stats":[{"SlaversCollar":17,"Mummified Hand":8,"Guardian:ModeShifter":0,"Tiny Chest":0,"Necronomicon":20,"Ancient Tea Set":7,"Question Card":9,"WarpedTongs":3},{"SlaversCollar":8,"Mummified Hand":4,"Guardian:ModeShifter":0,"Tiny Chest":0,"Necronomicon":10,"Ancient Tea Set":4,"Question Card":4,"WarpedTongs":1},{"SlaversCollar":37,"Mummified Hand":18,"Guardian:ModeShifter":0,"Tiny Chest":0,"Necronomicon":46,"Ancient Tea Set":18,"Question Card":18,"WarpedTongs":3}],"WarpedTongs":[58]},"card_choices":[{"not_picked":["Guardian:Suspension","Guardian:VentSteam"],"picked":"Guardian:Gem_Red","floor":1},{"not_picked":["Guardian:Planning","Guardian:FloatingOrbs"],"picked":"Guardian:PrimingBeam","floor":4},{"not_picked":["Guardian:Gem_Lightblue","Guardian:DecasProtection"],"picked":"Guardian:Harden","floor":5},{"not_picked":["Guardian:Planning","Guardian:BronzeOrb"],"picked":"Guardian:Gem_Orange","floor":7},{"not_picked":["Guardian:CrystalBeam","Guardian:RollAttack","Guardian:VentSteam"],"picked":"Guardian:PolyBeam","floor":10},{"not_picked":["Guardian:PiercingHide","Guardian:WalkerClaw","Guardian:CrystalBeam"],"picked":"Guardian:Gem_Cyan","floor":13},{"not_picked":["Guardian:Recover","Guardian:MultiBeam","Guardian:TimeBomb"],"picked":"Guardian:BronzeArmor","floor":14},{"not_picked":["Guardian:FastForward","Guardian:GemFire","Guardian:ConstructionForm"],"picked":"Guardian:StasisField","floor":16},{"not_picked":["Guardian:MultiBeam","Guardian:Gem_Lightblue","Guardian:PrimingBeam"],"picked":"Guardian:Gem_White","floor":18},{"not_picked":["Guardian:SpikerProtocol","Guardian:ShieldCharger","Guardian:FloatingOrbs"],"picked":"Guardian:Suspension","floor":19},{"not_picked":["Guardian:SphericShield","Guardian:SpikerProtocol","Guardian:Gem_Red"],"picked":"Guardian:VentSteam","floor":22}],"player_experience":1215218,"relics_obtained":[{"floor":7,"key":"Ancient Tea Set"},{"floor":8,"key":"Mummified Hand"},{"floor":9,"key":"Question Card"},{"floor":20,"key":"Necronomicon"}],"event_choices":[{"damage_healed":0,"gold_gain":0,"player_choice":"Entered Light","damage_taken":16,"max_hp_gain":0,"max_hp_loss":0,"event_name":"Shining Light","floor":2,"gold_loss":0,"cards_upgraded":["Guardian:Strike_Guardian","Guardian:Defend_Guardian"]},{"damage_healed":0,"gold_gain":0,"player_choice":"Obtained Book","damage_taken":16,"max_hp_gain":0,"max_hp_loss":0,"event_name":"Cursed Tome","floor":20,"gold_loss":0},{"damage_healed":0,"gold_gain":0,"player_choice":"Became a Ghost","damage_taken":0,"max_hp_gain":0,"max_hp_loss":40,"event_name":"Ghosts","floor":21,"gold_loss":0,"cards_obtained":["Ghostly","Ghostly","Ghostly","Ghostly","Ghostly"]}],"is_beta":false,"boss_relics":[{"not_picked":["SacredBark","Tiny House"],"picked":"SlaversCollar"}],"items_purged_floors":[12],"is_endless":false,"potions_floor_spawned":[7,13,14,19,22],"killed_by":"Gremlin Leader","ascension_level":13}}