{"host":"f0gpob8hq9vgebej","time":1608136147,"event":{"mods":["AchievementEnabler","BaseMod","Googly Eyes","Minty Spire (QoL Compilation)","Quick Restart","SuperFastMode"],"gold_per_floor":[116,116,127,138,44,44,44,54,80,94,105,105,117,127,127,228,228,242,258,258,258,36,61,61,61,85,98,98,48,48,48,48,143,143,158,173,187,137,137,137,157,67,67,78,0,15,15,15,15,15,15],"floor_reached":50,"playtime":944,"items_purged":["Strike_G","Defend_G","Strike_G"],"score":683,"play_id":"e6a7fed1-cec3-4485-9120-d1bd444a4eca","local_time":"20201217012907","is_ascension_mode":true,"campfire_choices":[{"data":"Cloak And Dagger","floor":6.0,"key":"SMITH"},{"floor":15.0,"key":"REST"},{"data":"Prepared","floor":24.0,"key":"SMITH"},{"floor":28.0,"key":"REST"},{"floor":32.0,"key":"REST"},{"data":"Phantasmal Killer","floor":40.0,"key":"SMITH"},{"floor":47,"key":"REST"},{"floor":49,"key":"REST"}],"circlet_count":0,"master_deck":["Defend_G+1","Defend_G+1","Survivor","Neutralize+1","Panache+1","Acrobatics","Crippling Poison","Cloak And Dagger+1","Accuracy","PiercingWail","Blade Dance","Blade Dance","Burst","Dagger Throw","After Image","Prepared+1","Tactician","Panache+1","Venomology","Storm of Steel","Phantasmal Killer+1","Backflip+1","Prepared","PiercingWail+1","Footwork+1"],"relics":["Ring of the Serpent","War Paint","SlaversCollar","DollysMirror","Smiling Mask","Potion Belt","Ninja Scroll","Lantern","Red Mask"],"acts_visited":["Exordium","TheCity","TheBeyond"],"potions_floor_usage":[41,41,41,44,46,50],"damage_taken":[{"damage":7.0,"enemies":"Small Slimes","floor":1.0,"turns":4.0},{"damage":2.0,"enemies":"Cultist","floor":3.0,"turns":5.0},{"damage":8.0,"enemies":"Jaw Worm","floor":4.0,"turns":4.0},{"damage":16.0,"enemies":"Large Slime","floor":8.0,"turns":7.0},{"damage":14.0,"enemies":"Exordium Thugs","floor":10.0,"turns":4.0},{"damage":0.0,"enemies":"Looter","floor":11.0,"turns":4.0},{"damage":0.0,"enemies":"Large Slime","floor":13.0,"turns":3.0},{"damage":8.0,"enemies":"Blue Slaver","floor":14.0,"turns":3.0},{"damage":6.0,"enemies":"Hexaghost","floor":16.0,"turns":5.0},{"damage":0.0,"enemies":"Shell Parasite","floor":18.0,"turns":3.0},{"damage":18.0,"enemies":"2 Thieves","floor":19.0,"turns":4.0},{"damage":16.0,"enemies":"Gremlin Leader","floor":23.0,"turns":4.0},{"damage":14.0,"enemies":"Snake Plant","floor":27.0,"turns":4.0},{"damage":17.0,"enemies":"Automaton","floor":33.0,"turns":5.0},{"damage":19.0,"enemies":"3 Darklings","floor":35.0,"turns":4.0},{"damage":2.0,"enemies":"3 Shapes","floor":36.0,"turns":3.0},{"damage":28.0,"enemies":"Maw","floor":37.0,"turns":6.0},{"damage":0,"enemies":"Spire Growth","floor":41,"turns":2},{"damage":0,"enemies":"Jaw Worm Horde","floor":44,"turns":3},{"damage":0,"enemies":"Sphere and 2 Shapes","floor":46,"turns":3},{"damage":36,"enemies":"Time Eater","floor":50,"turns":7}],"seed_played":"3573608278021009841","potions_obtained":[{"floor":10.0,"key":"Dexterity Potion"},{"floor":11.0,"key":"Strength Potion"},{"floor":13.0,"key":"DistilledChaos"},{"floor":16.0,"key":"SteroidPotion"},{"floor":19.0,"key":"ColorlessPotion"},{"floor":23.0,"key":"Dexterity Potion"},{"floor":27.0,"key":"Dexterity Potion"},{"floor":37.0,"key":"CunningPotion"},{"floor":44,"key":"SpeedPotion"},{"floor":46,"key":"EssenceOfSteel"}],"is_trial":false,"path_per_floor":["M","?","M","M","$","R","$","M","T","M","M","?","M","M","R","B",null,"M","M","?","?","$","E","R","?","T","M","R","$","?","T","R","B",null,"M","M","M","$","?","R","M","?","T","M","?","M","R","?","R","B"],"character_chosen":"THE_SILENT","items_purchased":["Accuracy","PiercingWail","DollysMirror"],"campfire_rested":5,"item_purchase_floors":[5,5,22],"current_hp_per_floor":[56,56,54,46,46,46,46,30,30,16,16,16,16,8,26,20,52,52,34,34,34,34,18,18,18,18,4,22,22,22,22,40,23,53,34,32,4,4,4,4,4,4,4,4,4,4,22,22,40,4,4],"gold":15,"neow_bonus":"RANDOM_COLORLESS_2","is_daily":false,"chose_seed":false,"campfire_upgraded":3,"win_rate":0.0,"timestamp":1608136147,"path_taken":["M","?","M","M","?","R","?","M","T","M","M","?","M","?","R","BOSS","M","M","?","?","$","E","R","?","T","?","R","$","?","?","R","BOSS","M","M","M","$","?","R","M","?","T","?","?","M","R","?","R","BOSS"],"items_purchased_type":["Card","Card","Relic"],"build_version":"2020-12-13","purchased_purges":3,"victory":false,"max_hp_per_floor":[63,63,63,63,63,63,63,63,63,63,63,63,63,63,63,63,63,63,63,63,63,63,63,63,63,63,63,63,63,63,63,63,63,63,63,63,63,63,63,63,63,63,63,63,63,63,63,63,63,63,63],"card_choices":[{"not_picked":["Transmutation","Metamorphosis"],"picked":"Panache","floor":0.0},{"not_picked":["Caltrops","Distraction"],"picked":"Acrobatics","floor":1.0},{"not_picked":["Deadly Poison","Underhanded Strike"],"picked":"Crippling Poison","floor":3.0},{"not_picked":["Dagger Throw","Backflip"],"picked":"Cloak And Dagger","floor":4.0},{"not_picked":["Underhanded Strike","Distraction"],"picked":"Blade Dance","floor":8.0},{"not_picked":["Poisoned Stab","Dodge and Roll"],"picked":"Blade Dance","floor":10.0},{"not_picked":["Well Laid Plans","Prepared"],"picked":"Burst","floor":11.0},{"not_picked":["Choke","Deadly Poison","Infinite Blades"],"picked":"SKIP","floor":13.0},{"not_picked":["Concentrate","Poisoned Stab","Predator"],"picked":"SKIP","floor":14.0},{"not_picked":["Tools of the Trade","Malaise"],"picked":"After Image","floor":16.0},{"not_picked":["Dagger Spray","Well Laid Plans"],"picked":"Escape Plan","floor":18.0},{"not_picked":["PiercingWail","Blur"],"picked":"Prepared","floor":19.0},{"not_picked":["Prepared","Bouncing Flask","Underhanded Strike"],"picked":"SKIP","floor":23.0},{"not_picked":["Prepared","Noxious Fumes","Deflect+1"],"picked":"SKIP","floor":27.0},{"not_picked":["After Image","Bullet Time"],"picked":"Phantasmal Killer","floor":33.0},{"not_picked":["Poisoned Stab","Dagger Throw+1"],"picked":"Backflip+1","floor":35.0},{"not_picked":["Poisoned Stab","Dagger Spray+1","Bane+1"],"picked":"SKIP","floor":36.0},{"not_picked":["Catalyst","Deadly Poison+1"],"picked":"Prepared","floor":37.0},{"not_picked":["Expertise","Prepared+1"],"picked":"PiercingWail+1","floor":41},{"not_picked":["Terror","Acrobatics+1"],"picked":"Footwork+1","floor":44},{"not_picked":["Poisoned Stab+1","Dagger Spray","Tools of the Trade"],"picked":"SKIP","floor":46}],"player_experience":157544,"relics_obtained":[{"floor":9.0,"key":"War Paint"},{"floor":23.0,"key":"Smiling Mask"},{"floor":26.0,"key":"Potion Belt"},{"floor":31.0,"key":"Ninja Scroll"},{"floor":43,"key":"Lantern"}],"event_choices":[{"damage_healed":0.0,"max_hp_gain":0.0,"max_hp_loss":0.0,"gold_gain":0.0,"event_name":"Upgrade Shrine","player_choice":"Upgraded","floor":2.0,"gold_loss":0.0,"damage_taken":0.0,"cards_upgraded":["Panache"]},{"damage_healed":0.0,"max_hp_gain":0.0,"max_hp_loss":0.0,"gold_gain":0.0,"cards_transformed":["Strike_G"],"event_name":"Transmorgrifier","player_choice":"Transformed","floor":12.0,"gold_loss":0.0,"damage_taken":0.0,"cards_obtained":["Dagger Throw"]},{"damage_healed":0.0,"max_hp_gain":0.0,"max_hp_loss":0.0,"gold_gain":0.0,"event_name":"The Library","player_choice":"Read","floor":20.0,"gold_loss":0.0,"damage_taken":0.0,"cards_obtained":["Tactician"]},{"cards_removed":["Strike_G"],"damage_healed":0.0,"max_hp_gain":0.0,"max_hp_loss":0.0,"gold_gain":0.0,"event_name":"Back to Basics","player_choice":"Elegance","floor":21.0,"gold_loss":0.0,"damage_taken":0.0},{"damage_healed":0.0,"max_hp_gain":0.0,"max_hp_loss":0.0,"gold_gain":0.0,"cards_transformed":["Defend_G","Strike_G"],"event_name":"Drug Dealer","player_choice":"Became Test Subject","floor":25.0,"gold_loss":0.0,"damage_taken":0.0,"cards_obtained":["Venomology","Storm of Steel"]},{"damage_healed":0.0,"max_hp_gain":0.0,"max_hp_loss":0.0,"gold_gain":0.0,"event_name":"Vampires","player_choice":"Ignored","floor":30.0,"gold_loss":0.0,"damage_taken":0.0},{"damage_healed":0.0,"max_hp_gain":0.0,"max_hp_loss":0.0,"gold_gain":0.0,"event_name":"The Moai Head","player_choice":"Ignored","floor":39.0,"gold_loss":0.0,"damage_taken":0.0},{"cards_removed":["Defend_G"],"damage_healed":0,"gold_gain":0,"player_choice":"Upgrade and Remove","damage_taken":0,"max_hp_gain":0,"max_hp_loss":0,"event_name":"Designer","floor":42,"gold_loss":90,"cards_upgraded":["Neutralize"]},{"damage_healed":0,"gold_gain":0,"player_choice":"Paid","damage_taken":0,"relics_obtained":["Red Mask"],"max_hp_gain":0,"max_hp_loss":0,"event_name":"Tomb of Lord Red Mask","floor":45,"gold_loss":78},{"cards_removed":["Escape Plan"],"damage_healed":0,"gold_gain":0,"player_choice":"Removed Skill","damage_taken":0,"max_hp_gain":0,"max_hp_loss":0,"event_name":"Falling","floor":48,"gold_loss":0}],"is_beta":false,"boss_relics":[{"not_picked":["Ectoplasm","Snecko Eye"],"picked":"SlaversCollar"},{"not_picked":["SacredBark","Cursed Key"],"picked":"Ring of the Serpent"}],"items_purged_floors":[22,29,38],"is_endless":false,"potions_floor_spawned":[10,11,13,16,19,23,27,37,44,46],"killed_by":"Time Eater","ascension_level":9}}