{"host":"mi0eibewekhugwl1","time":1608134390,"event":{"mods":["AchievementEnabler","BaseMod","Colored Map","Colored Powertips","DeckTracker","Keyboard Shortcuts","Minty Spire (QoL Compilation)","Quick Restart","Rare Cards Sparkle","Relic Stats","StSLib","SuperFastMode","everything is the same but u backflip on backflip"],"gold_per_floor":[117,130,11,11,24,24,40,40,40],"floor_reached":8,"playtime":180,"items_purged":["Strike_P"],"score":96,"play_id":"16751bda-f17a-4782-99ad-2a9f91d63225","local_time":"20201217005950","is_ascension_mode":true,"campfire_choices":[{"data":"Eruption","floor":6,"key":"SMITH"}],"circlet_count":0,"master_deck":["AscendersBane","Strike_P","Strike_P","Strike_P","Defend_P","Defend_P","Defend_P","Eruption+1","Vigilance","Tantrum","MentalFortress","Halt"],"relics":["PureWater","Orichalcum"],"acts_visited":["Exordium"],"potions_floor_usage":[8],"damage_taken":[{"damage":5,"enemies":"2 Louse","floor":1,"turns":4},{"damage":1,"enemies":"Cultist","floor":2,"turns":4},{"damage":0,"enemies":"Jaw Worm","floor":5,"turns":2},{"damage":23,"enemies":"Blue Slaver","floor":7,"turns":4},{"damage":34,"enemies":"Lagavulin","floor":8,"turns":6}],"seed_played":"-2189035956983614887","potions_obtained":[{"floor":5,"key":"Energy Potion"}],"is_trial":false,"path_per_floor":["M","M","$","?","M","R","M","E"],"character_chosen":"WATCHER","items_purchased":["MentalFortress"],"campfire_rested":0,"item_purchase_floors":[3],"current_hp_per_floor":[56,55,55,55,55,55,32,0,0],"gold":40,"neow_bonus":"RANDOM_COMMON_RELIC","is_daily":false,"chose_seed":false,"campfire_upgraded":1,"win_rate":0.0,"timestamp":1608134390,"path_taken":["M","M","$","?","M","R","?","E"],"items_purchased_type":["Card"],"build_version":"2020-12-13","purchased_purges":1,"victory":false,"max_hp_per_floor":[68,68,68,68,68,68,68,68,68],"relic_stats":{"counters":[5,20],"Orichalcum":[12],"obtain_stats":[{"PureWater":0,"Orichalcum":0},{"PureWater":0,"Orichalcum":0},{"PureWater":0,"Orichalcum":0}]},"card_choices":[{"not_picked":["Evaluate","SashWhip"],"picked":"Tantrum","floor":1},{"not_picked":["Prostrate","ClearTheMind","SashWhip"],"picked":"SKIP","floor":2},{"not_picked":["Conclude","CutThroughFate","CrushJoints"],"picked":"SKIP","floor":5},{"not_picked":["Sanctity","PathToVictory"],"picked":"Halt","floor":7}],"player_experience":1678434,"relics_obtained":[],"event_choices":[{"cards_removed":["Defend_P"],"damage_healed":0,"gold_gain":0,"player_choice":"Purged","damage_taken":0,"max_hp_gain":0,"max_hp_loss":0,"event_name":"Purifier","floor":4,"gold_loss":0}],"is_beta":false,"boss_relics":[],"items_purged_floors":[3],"is_endless":false,"potions_floor_spawned":[5],"killed_by":"Lagavulin","ascension_level":20}}