{"host":"rj1j8apb2x4vafcu","time":1608157974,"event":{"mods":["BaseMod","Colored Map","Colored Powertips","Minty Spire (QoL Compilation)","StSLib"],"gold_per_floor":[113,125,125,125,144,144,179,199,199,222,238,136,174,197,197,197,197],"floor_reached":16,"playtime":1989,"items_purged":["Strike_R"],"score":114,"play_id":"c232ddce-37f3-410c-87c1-395f75265c20","local_time":"20201216203254","is_ascension_mode":false,"campfire_choices":[{"data":"Rage","floor":6,"key":"SMITH"},{"floor":15,"key":"REST"}],"circlet_count":0,"master_deck":["Strike_R","Strike_R","Strike_R","Defend_R","Defend_R","Defend_R","Defend_R","Bash","Rage+1","Warcry","Pommel Strike","Armaments","Infernal Blade","Intimidate","Flex","Armaments","Pommel Strike","Shrug It Off","Headbutt"],"relics":["Burning Blood","Golden Idol","Pen Nib","Mummified Hand","WingedGreaves"],"acts_visited":["Exordium"],"potions_floor_usage":[7,13,16],"damage_taken":[{"damage":0,"enemies":"Cultist","floor":1,"turns":3},{"damage":8,"enemies":"Small Slimes","floor":2,"turns":4},{"damage":2,"enemies":"Jaw Worm","floor":5,"turns":3},{"damage":13,"enemies":"3 Sentries","floor":7,"turns":10},{"damage":7,"enemies":"2 Fungi Beasts","floor":8,"turns":4},{"damage":14,"enemies":"Exordium Thugs","floor":10,"turns":8},{"damage":9,"enemies":"Lots of Slimes","floor":11,"turns":6},{"damage":29,"enemies":"Gremlin Nob","floor":13,"turns":5},{"damage":7,"enemies":"3 Louse","floor":14,"turns":5},{"damage":36,"enemies":"Slime Boss","floor":16,"turns":10}],"seed_played":"-6719895242825300141","potions_obtained":[{"floor":2,"key":"Explosive Potion"},{"floor":8,"key":"ElixirPotion"},{"floor":10,"key":"GamblersBrew"},{"floor":13,"key":"ColorlessPotion"}],"is_trial":false,"path_per_floor":["M","M","?","?","M","R","E","M","T","M","M","$","E","M","R","B"],"character_chosen":"IRONCLAD","items_purchased":["Pommel Strike"],"campfire_rested":1,"item_purchase_floors":[12],"current_hp_per_floor":[80,78,58,51,55,55,48,47,47,39,36,36,13,12,36,0,0],"gold":197,"neow_bonus":"THREE_CARDS","is_daily":false,"chose_seed":false,"campfire_upgraded":1,"win_rate":0.0,"timestamp":1608157974,"path_taken":["M","M","?","?","M","R","E","M","T","M","M","$","E","M","R","BOSS"],"items_purchased_type":["Card"],"build_version":"2020-12-13","purchased_purges":1,"victory":false,"max_hp_per_floor":[80,80,80,80,80,80,80,80,80,80,80,80,80,80,80,80,80],"card_choices":[{"not_picked":["Hemokinesis","Infernal Blade"],"picked":"Rage","floor":0},{"not_picked":["Inflame","Spot Weakness"],"picked":"Warcry","floor":1},{"not_picked":["Infernal Blade","Hemokinesis"],"picked":"Pommel Strike","floor":2},{"not_picked":["Clash","Heavy Blade"],"picked":"Armaments","floor":5},{"not_picked":["Power Through","Heavy Blade"],"picked":"Infernal Blade","floor":7},{"not_picked":["Brutality","Warcry"],"picked":"Intimidate","floor":8},{"not_picked":["Cleave","Sword Boomerang"],"picked":"Flex","floor":10},{"not_picked":["Cleave","Sword Boomerang"],"picked":"Armaments","floor":11},{"not_picked":["Twin Strike","Wild Strike"],"picked":"Shrug It Off","floor":13},{"not_picked":["Blood for Blood","Flex"],"picked":"Headbutt","floor":14}],"player_experience":53582,"relics_obtained":[{"floor":7,"key":"Pen Nib"},{"floor":9,"key":"Mummified Hand"},{"floor":13,"key":"WingedGreaves"}],"event_choices":[{"damage_healed":0,"gold_gain":0,"player_choice":"Take Damage","damage_taken":20,"relics_obtained":["Golden Idol"],"max_hp_gain":0,"max_hp_loss":0,"event_name":"Golden Idol","floor":3,"gold_loss":0},{"cards_removed":["Strike_R"],"damage_healed":0,"gold_gain":0,"player_choice":"Card Removal","damage_taken":7,"max_hp_gain":0,"max_hp_loss":0,"event_name":"Golden Wing","floor":4,"gold_loss":0}],"is_beta":false,"boss_relics":[],"items_purged_floors":[12],"is_endless":false,"potions_floor_spawned":[2,8,10,13],"killed_by":"Slime Boss","ascension_level":0}}