{"host":"zi8o4akxlgxypwgb","time":1608099101,"event":{"mods":["BaseMod","Minty Spire (QoL Compilation)","Replay The Spire","StSLib","SuperFastMode"],"gold_per_floor":[118,118,118,131,131,131,142,201,201,201,201,246,246,311,311,415,415,480,540,815,835,54,54,54],"floor_reached":23,"playtime":780,"items_purged":["Regret"],"score":210,"play_id":"eb378b87-b7fd-4965-9301-04968456dd5a","local_time":"20201216141141","is_ascension_mode":true,"campfire_choices":[{"floor":15,"key":"DIG"}],"circlet_count":0,"master_deck":["Strike_P","Strike_P+1","Defend_P","Defend_P","Defend_P","Eruption","Vigilance","Apotheosis+1","ForeignInfluence","Swivel","Replay:Cycle+1","Ragnarok","Consecrate","ClearTheMind","Consecrate","WindmillStrike","FollowUp","Judgement","CurseOfTheBell","Adaptation","ForeignInfluence","Pray","Crescendo+1","FollowUp+1","Replay:ManipulateFuture+1","Poisoned Strike+1","Replay:Sssssssssshield+1","Replay:BluntJabs+1"],"relics":["PureWater","Replay:Multitool","ReplayTheSpireMod:Ring of Challenge","ReplayTheSpireMod:Ring of Collecting","Ring of Peace","Replay:Accelerometer","Replay:Kaleidoscope","Onion Ring","Calling Bell","Du-Vu Doll","Golden Egg","Happy Flower","Art of War","Shuriken"],"acts_visited":["TheCity"],"potions_floor_usage":[16,21],"damage_taken":[{"damage":0.0,"enemies":"Jaw Worm","floor":1.0,"turns":3.0},{"damage":0.0,"enemies":"2 Louse","floor":4.0,"turns":1.0},{"damage":0.0,"enemies":"Small Slimes","floor":7.0,"turns":2.0},{"damage":11.0,"enemies":"Looter","floor":8.0,"turns":3.0},{"damage":4,"enemies":"Gremlin Nob","floor":12,"turns":4},{"damage":13,"enemies":"Exordium Thugs","floor":14,"turns":5},{"damage":21,"enemies":"The Guardian","floor":16,"turns":6},{"damage":0,"enemies":"Spheric Guardian","floor":18,"turns":1},{"damage":30,"enemies":"Shell Parasite","floor":19,"turns":5},{"damage":25,"enemies":"Centurion and Healer","floor":21,"turns":3},{"damage":14,"enemies":"Slavers","floor":23,"turns":3}],"seed_played":"-4743149297078814840","potions_obtained":[{"floor":1.0,"key":"Ancient Potion"},{"floor":14,"key":"Weak Potion"},{"floor":16,"key":"StancePotion"},{"floor":18,"key":"StancePotion"},{"floor":19,"key":"StancePotion"},{"floor":21,"key":"Block Potion"}],"is_trial":false,"path_per_floor":["M","?","T","M","?","R","M","M","T","?","R","E","R","M","R","B",null,"M","M","?","M","$","E"],"character_chosen":"WATCHER","items_purchased":["Crescendo","FollowUp+1","Replay:ManipulateFuture","Poisoned Strike","Replay:Sssssssssshield","Shuriken","Replay:BluntJabs"],"campfire_rested":0,"item_purchase_floors":[22,22,22,22,22,22,22],"current_hp_per_floor":[72,72,72,72,72,72,72,61,61,47,47,43,43,30,30,9,72,72,42,42,17,17,3,3],"gold":54,"neow_bonus":"COLORLESS_CARD","is_daily":false,"chose_seed":false,"campfire_upgraded":0,"win_rate":0.0,"timestamp":1608099101,"path_taken":["M","?","?","M","?","R","M","M","T","?","R","E","R","M","R","BOSS","M","M","?","M","?","E"],"items_purchased_type":["Card","Card","Card","Card","Card","Relic","Card"],"build_version":"2020-12-13","purchased_purges":1,"victory":false,"max_hp_per_floor":[72,72,72,72,72,72,72,72,72,72,72,72,72,72,72,72,72,72,72,72,72,72,72,72],"card_choices":[{"not_picked":["FlurryOfBlows","ClearTheMind"],"picked":"ForeignInfluence","floor":1.0},{"not_picked":["Protect","WaveOfTheHand"],"picked":"Swivel","floor":4.0},{"not_picked":["JustLucky","Replay:Cycle"],"picked":"Ragnarok","floor":7.0},{"not_picked":["PathToVictory","ClearTheMind"],"picked":"Consecrate","floor":8.0},{"not_picked":["Replay:Battleflow","Fasting2"],"picked":"Consecrate","floor":12},{"not_picked":["Pray","SashWhip"],"picked":"FollowUp","floor":14},{"not_picked":["Wish","Blasphemy"],"picked":"Judgement","floor":16},{"not_picked":["Worship+1","FlyingSleeves"],"picked":"Adaptation","floor":18},{"not_picked":["Replay:Anticipation+1","Perseverance+1"],"picked":"ForeignInfluence","floor":19},{"not_picked":["Consecrate","MentalFortress"],"picked":"Pray","floor":21}],"player_experience":330100,"relics_obtained":[{"floor":3.0,"key":"Replay:Multitool"},{"floor":5.0,"key":"ReplayTheSpireMod:Ring of Challenge"},{"floor":5.0,"key":"ReplayTheSpireMod:Ring of Collecting"},{"floor":9.0,"key":"Ring of Peace"},{"floor":9.0,"key":"Replay:Accelerometer"},{"floor":12,"key":"Replay:Kaleidoscope"},{"floor":15,"key":"Onion Ring"},{"floor":17,"key":"Du-Vu Doll"},{"floor":17,"key":"Golden Egg"},{"floor":17,"key":"Happy Flower"},{"floor":18,"key":"Art of War"}],"event_choices":[{"damage_healed":0.0,"max_hp_gain":0.0,"max_hp_loss":0.0,"gold_gain":0.0,"event_name":"Shining Light","player_choice":"Entered Light","floor":10.0,"gold_loss":0.0,"damage_taken":14.0,"cards_upgraded":["Apotheosis","Replay:Cycle"]},{"damage_healed":0,"gold_gain":275,"player_choice":"Desecrate","damage_taken":0,"max_hp_gain":0,"max_hp_loss":0,"event_name":"Golden Shrine","floor":20,"gold_loss":0,"cards_obtained":["Regret"]}],"is_beta":false,"boss_relics":[{"not_picked":["Tiny House","SlaversCollar"],"picked":"Calling Bell"}],"items_purged_floors":[22],"is_endless":false,"potions_floor_spawned":[1,14,16,18,19,21],"killed_by":"Slavers","ascension_level":2}}