{"host":"9n9nzkokhxe59gmc","time":1608128635,"event":{"mods":["Act Like it!","BaseMod","Elementarium","Hallownest","Hermit","Hubris","Infinite Spire","Menagerie","Minty Spire (QoL Compilation)","Replay The Spire","Robot Space Explorer","Shade Mod","StSLib","The Servant 0.9.4","The Wild Card"],"gold_per_floor":[109,127,127,23,43,73,73,87,87,39,53,83,93,108,108,212,212,223,223,242,253,107,107,123,136,160,172,202,214,237,267,279,291,291],"floor_reached":33,"playtime":1977,"items_purged":[],"score":290,"play_id":"4f22980c-13f0-48f8-a83a-848ed6622248","local_time":"20201216062355","is_ascension_mode":false,"campfire_choices":[{"data":"RobotSpaceExplorer:TurboDodge","floor":7,"key":"SMITH"},{"floor":15,"key":"REST"},{"data":"RobotSpaceExplorer:DroneSwarm","floor":23,"key":"SMITH"},{"floor":32,"key":"REST"}],"circlet_count":0,"master_deck":["RobotSpaceExplorer:Strike","RobotSpaceExplorer:Strike","RobotSpaceExplorer:Strike","RobotSpaceExplorer:Strike","RobotSpaceExplorer:Defend","RobotSpaceExplorer:Defend","RobotSpaceExplorer:Defend","RobotSpaceExplorer:Defend","RobotSpaceExplorer:Scan","RobotSpaceExplorer:MiniLasers","RobotSpaceExplorer:MiniDrones","RobotSpaceExplorer:GlueShot","RobotSpaceExplorer:TurboDodge+1","RobotSpaceExplorer:LuckyStrike","RobotSpaceExplorer:Autoloader","RobotSpaceExplorer:SurgingStrike","RobotSpaceExplorer:MiniDrones","RobotSpaceExplorer:Asteroid","RobotSpaceExplorer:SurgingShield","RobotSpaceExplorer:Discharger","RobotSpaceExplorer:Multitool","ReplayTheSpireMod:Faulty Equipment","CommonCold","Languid","RobotSpaceExplorer:IronShell","RobotSpaceExplorer:TurboDodge+1","RobotSpaceExplorer:FreezeRay","RobotSpaceExplorer:DroneSwarm+1","RobotSpaceExplorer:PowerCollector","RobotSpaceExplorer:Blitz+1","RobotSpaceExplorer:ScrapMissile","RobotSpaceExplorer:DoubleFind","RobotSpaceExplorer:RigExplosive+1"],"relics":["RobotSpaceExplorer:RoboCore","FaceOfCleric","Matryoshka","Mirror","Sundial","Ancient Tea Set","Replay:Ancient Bell","PreservedInsect","Mercury Hourglass","TungstenRod","MealTicket","MawBank","Bag of Marbles"],"acts_visited":["Exordium","TheCity"],"potions_floor_usage":[5,6,12,16,16,20,25,28,30,30,33,33,33,33],"damage_taken":[{"damage":2,"enemies":"Small Slimes","floor":1,"turns":3},{"damage":1,"enemies":"Cultist","floor":2,"turns":4},{"damage":1,"enemies":"Jaw Worm","floor":5,"turns":4},{"damage":11,"enemies":"Replay:BlueRogue","floor":6,"turns":9},{"damage":0,"enemies":"Red Slaver","floor":8,"turns":3},{"damage":25,"enemies":"Exordium Wildlife","floor":11,"turns":6},{"damage":31,"enemies":"Lagavulin","floor":12,"turns":9},{"damage":2,"enemies":"Blue Slaver","floor":13,"turns":3},{"damage":0,"enemies":"Exordium Thugs","floor":14,"turns":3},{"damage":46,"enemies":"Fading Forest","floor":16,"turns":11},{"damage":9,"enemies":"Shell Parasite","floor":18,"turns":7},{"damage":12,"enemies":"3 Byrds","floor":20,"turns":5},{"damage":10,"enemies":"Snake Plant","floor":21,"turns":7},{"damage":11,"enemies":"Snecko","floor":24,"turns":5},{"damage":24,"enemies":"Centurion and Healer","floor":25,"turns":10},{"damage":0,"enemies":"Cultist and Chosen","floor":28,"turns":7},{"damage":21,"enemies":"Snake Plant","floor":30,"turns":6},{"damage":0,"enemies":"3 Cultists","floor":31,"turns":5},{"damage":49,"enemies":"Collector","floor":33,"turns":6}],"seed_played":"5090045005205982803","potions_obtained":[{"floor":5,"key":"PowerPotion"},{"floor":12,"key":"Explosive Potion"},{"floor":14,"key":"RobotSpaceExplorer:RecyclePotion"},{"floor":16,"key":"Fire Potion"},{"floor":21,"key":"Milkshake"},{"floor":28,"key":"Ancient Potion"},{"floor":29,"key":"LiquidBronze"},{"floor":30,"key":"BlessingOfTheForge"},{"floor":31,"key":"PowerPotion"}],"is_trial":false,"path_per_floor":["M","M","?","$","M","E","R","M","T","$","M","E","M","M","R","B",null,"M","?","M","M","$","R","M","M","T","?","M","?","M","M","R","B"],"character_chosen":"RobotSpaceExplorer","items_purchased":["EntropicBrew","RobotSpaceExplorer:SurgingStrike","LiquidMemories","RobotSpaceExplorer:PlasmaFlask"],"campfire_rested":2,"item_purchase_floors":[4,10,22,22],"current_hp_per_floor":[80,79,79,79,79,69,69,70,70,70,46,16,15,16,42,23,90,82,82,71,62,62,62,52,29,29,29,30,30,10,11,40,0,0],"gold":291,"neow_bonus":"TEN_PERCENT_HP_BONUS","is_daily":false,"chose_seed":false,"campfire_upgraded":2,"win_rate":0.0,"timestamp":1608128635,"path_taken":["M","M","?","?","M","E","R","M","T","$","?","E","M","M","R","BOSS","M","?","M","?","$","R","M","M","T","?","?","?","?","M","R","BOSS"],"items_purchased_type":["Potion","Card","Potion","Potion"],"build_version":"2020-12-13","purchased_purges":0,"victory":false,"max_hp_per_floor":[82,82,82,82,83,84,84,85,85,85,86,87,88,89,89,90,90,91,91,92,93,93,93,94,95,95,95,96,96,97,98,98,98,98],"card_choices":[{"not_picked":["RobotSpaceExplorer:Electropulse","RobotSpaceExplorer:SurgingStrike"],"picked":"RobotSpaceExplorer:MiniDrones","floor":1},{"not_picked":["RobotSpaceExplorer:ImprovisedAttack","RobotSpaceExplorer:Ammunition"],"picked":"RobotSpaceExplorer:GlueShot","floor":2},{"not_picked":["RobotSpaceExplorer:ScrapToss","RobotSpaceExplorer:Ammunition"],"picked":"RobotSpaceExplorer:TurboDodge","floor":5},{"not_picked":["RobotSpaceExplorer:IronShell","RobotSpaceExplorer:Counterblock"],"picked":"RobotSpaceExplorer:LuckyStrike","floor":6},{"not_picked":["RobotSpaceExplorer:ImprovisedAttack","RobotSpaceExplorer:MetalStrike"],"picked":"RobotSpaceExplorer:Autoloader","floor":8},{"not_picked":["RobotSpaceExplorer:ImprovisedAttack","RobotSpaceExplorer:GlueShot"],"picked":"RobotSpaceExplorer:MiniDrones","floor":11},{"not_picked":["RobotSpaceExplorer:ScrapShield","RobotSpaceExplorer:FranticSearch"],"picked":"RobotSpaceExplorer:Asteroid","floor":12},{"not_picked":["RobotSpaceExplorer:SwiftStep","RobotSpaceExplorer:MetalStrike"],"picked":"RobotSpaceExplorer:SurgingShield","floor":13},{"not_picked":["RobotSpaceExplorer:FrostMissile","RobotSpaceExplorer:ShockKick"],"picked":"RobotSpaceExplorer:Discharger","floor":14},{"not_picked":["RobotSpaceExplorer:Autoloader","RobotSpaceExplorer:Asteroid"],"picked":"RobotSpaceExplorer:Multitool","floor":16},{"not_picked":["Parasite","hubris:Sloth"],"picked":"ReplayTheSpireMod:Faulty Equipment","floor":17},{"not_picked":["Spreading Infection","Doubt"],"picked":"CommonCold","floor":17},{"not_picked":["ReplayTheSpireMod:Splinters","Amnesia"],"picked":"Languid","floor":17},{"not_picked":["RobotSpaceExplorer:MetalStrike+1","RobotSpaceExplorer:StunGrenade"],"picked":"RobotSpaceExplorer:IronShell","floor":18},{"not_picked":["RobotSpaceExplorer:ImprovisedAttack","RobotSpaceExplorer:MiniDrones"],"picked":"RobotSpaceExplorer:FreezeRay","floor":20},{"not_picked":["RobotSpaceExplorer:FrostMissile","RobotSpaceExplorer:ShockKick"],"picked":"RobotSpaceExplorer:DroneSwarm","floor":21},{"not_picked":["RobotSpaceExplorer:GlueShot","RobotSpaceExplorer:FranticSearch+1"],"picked":"RobotSpaceExplorer:PowerCollector","floor":24},{"not_picked":["RobotSpaceExplorer:SlimeMissile","RobotSpaceExplorer:FreezingShield"],"picked":"RobotSpaceExplorer:Blitz+1","floor":25},{"not_picked":["RobotSpaceExplorer:GlueShot+1","RobotSpaceExplorer:SurgingShield+1"],"picked":"RobotSpaceExplorer:ScrapMissile","floor":28},{"not_picked":["RobotSpaceExplorer:GlueShot","RobotSpaceExplorer:BigMissile+1"],"picked":"RobotSpaceExplorer:DoubleFind","floor":30},{"not_picked":["RobotSpaceExplorer:Fix+1","RobotSpaceExplorer:ScrapShield"],"picked":"RobotSpaceExplorer:RigExplosive+1","floor":31}],"player_experience":724675,"relics_obtained":[{"floor":6,"key":"Matryoshka"},{"floor":9,"key":"Mirror"},{"floor":9,"key":"Sundial"},{"floor":12,"key":"Ancient Tea Set"},{"floor":26,"key":"MealTicket"},{"floor":26,"key":"MawBank"},{"floor":30,"key":"Bag of Marbles"}],"event_choices":[{"damage_healed":0,"gold_gain":0,"player_choice":"Trade","damage_taken":0,"relics_obtained":["FaceOfCleric"],"max_hp_gain":0,"max_hp_loss":0,"event_name":"FaceTrader","floor":3,"gold_loss":0},{"damage_healed":0,"gold_gain":0,"player_choice":"Copied","damage_taken":0,"max_hp_gain":0,"max_hp_loss":0,"event_name":"Duplicator","floor":19,"gold_loss":0,"cards_obtained":["RobotSpaceExplorer:TurboDodge"]},{"damage_healed":0,"gold_gain":0,"player_choice":"1 cards matched","damage_taken":0,"max_hp_gain":0,"max_hp_loss":0,"event_name":"Match and Keep!","floor":27,"gold_loss":0,"cards_obtained":["RobotSpaceExplorer:LuckyFind"]},{"damage_healed":0,"gold_gain":0,"player_choice":"Got Potions","damage_taken":0,"max_hp_gain":0,"max_hp_loss":0,"event_name":"Lab","floor":29,"gold_loss":0}],"is_beta":false,"boss_relics":[{"not_picked":["ChewingGum","RobotSpaceExplorer:Reprocessor"],"picked":"Replay:Ancient Bell"},{"not_picked":["Potion Belt","infinitespire:Satchel"],"picked":"PreservedInsect"},{"not_picked":["hubris:BottledRain","Quantum Egg"],"picked":"Mercury Hourglass"},{"not_picked":["Lizard Tail","WingedGreaves"],"picked":"TungstenRod"}],"items_purged_floors":[],"is_endless":false,"potions_floor_spawned":[5,12,14,16,21,28,30,31],"killed_by":"Collector","ascension_level":0}}