{"host":"xi8yg1ddhptuxb9d","time":1608126369,"event":{"mods":["AchievementEnabler","AlwaysNeverKeys","BaseMod","Block Reminder","Minty Spire (QoL Compilation)","Relic Sorter","StSLib"],"gold_per_floor":[116,116,116,25,45,45,81,6,6,6,6],"floor_reached":10,"playtime":325,"items_purged":["Injury"],"score":128,"play_id":"f0ca8edd-9e5e-47c6-832b-79194cdc215a","local_time":"20201216084609","is_ascension_mode":true,"campfire_choices":[{"data":"Eruption","floor":6,"key":"SMITH"}],"circlet_count":0,"master_deck":["AscendersBane","Strike_P","Strike_P","Strike_P","Strike_P","Defend_P","Defend_P","Defend_P","Defend_P","Eruption+1","Vigilance","CutThroughFate","Bandage Up","Protect","TalkToTheHand"],"relics":["PureWater","Golden Idol","Boot","InkBottle","Pantograph"],"acts_visited":["Exordium"],"potions_floor_usage":[7],"damage_taken":[{"damage":0,"enemies":"Jaw Worm","floor":1,"turns":5},{"damage":2,"enemies":"Small Slimes","floor":5,"turns":3},{"damage":29,"enemies":"3 Sentries","floor":7,"turns":10},{"damage":46,"enemies":"Gremlin Nob","floor":10,"turns":3}],"seed_played":"7342339068260847684","potions_obtained":[{"floor":1,"key":"Dexterity Potion"}],"is_trial":false,"path_per_floor":["M","?","?","$","M","R","E","$","T","E"],"character_chosen":"WATCHER","items_purchased":["Bandage Up"],"campfire_rested":0,"item_purchase_floors":[4],"current_hp_per_floor":[67,67,32,32,34,34,9,9,9,0,0],"gold":6,"neow_bonus":"TEN_PERCENT_HP_BONUS","is_daily":false,"chose_seed":false,"campfire_upgraded":1,"win_rate":0.0,"timestamp":1608126369,"path_taken":["M","?","?","?","M","R","E","$","T","E"],"items_purchased_type":["Card"],"build_version":"2020-12-13","purchased_purges":1,"victory":false,"max_hp_per_floor":[74,74,74,74,74,74,74,74,74,74,74],"card_choices":[{"not_picked":["ThirdEye","Protect"],"picked":"CutThroughFate","floor":1},{"not_picked":["WaveOfTheHand","EmptyFist"],"picked":"Protect","floor":5},{"not_picked":["InnerPeace","ClearTheMind"],"picked":"TalkToTheHand","floor":7}],"player_experience":631421,"relics_obtained":[{"floor":7,"key":"InkBottle"},{"floor":9,"key":"Pantograph"}],"event_choices":[{"damage_healed":0,"gold_gain":0,"player_choice":"Take Wound","damage_taken":0,"relics_obtained":["Golden Idol"],"max_hp_gain":0,"max_hp_loss":0,"event_name":"Golden Idol","floor":2,"gold_loss":0,"cards_obtained":["Injury"]},{"damage_healed":0,"gold_gain":0,"player_choice":"Success","damage_taken":35,"relics_obtained":["Boot"],"max_hp_gain":0,"max_hp_loss":0,"event_name":"Scrap Ooze","floor":3,"gold_loss":0}],"is_beta":false,"boss_relics":[],"items_purged_floors":[8],"is_endless":false,"potions_floor_spawned":[1],"killed_by":"Gremlin Nob","ascension_level":20}}