{"host":"2brg86hfzr3u5cix","time":1608136414,"event":{"mods":["AchievementEnabler","Ascension Unlocker","BaseMod","CapriCore","DeckTracker","Hermit","Highlight Path","Keyboard Shortcuts","Minty Spire (QoL Compilation)","Permanent Neow","Relic Stats","Replay The Spire","StSLib","The Cursed","Twitch Utils","Uncapped","UnlockEverythingMod"],"gold_per_floor":[118,131,131,131,131,131,161,161,161,161,174,174,174,207,207,283,283,302,302,45,45,57,69,69,86,86,136,186,186,215,254,254,258,258],"floor_reached":33,"playtime":1311,"items_purged":[],"score":667,"play_id":"837a9ab6-5349-4ba7-8fe9-bf78fc79c0ea","local_time":"20201217013334","is_ascension_mode":true,"campfire_choices":[{"data":"Creative AI","floor":6.0,"key":"SMITH"},{"floor":8.0,"key":"REST"},{"data":"Glacier","floor":13.0,"key":"SMITH"},{"data":"Dualcast","floor":15.0,"key":"SMITH"},{"floor":24.0,"key":"REST"},{"floor":32,"key":"REST"}],"circlet_count":0,"master_deck":["AscendersBane","Strike_B+1","Strike_B+1","Strike_B+1","Defend_B+1","Defend_B+1","Defend_B+1","Defend_B+1","Zap+1","Dualcast+1","Creative AI+1","BasicCrystalCard+1","Skim+1","Glacier+1","Crystallizer","Mirror Shield","Thunder Strike+1","Redo","Doom and Gloom","Necronomicurse","Chaos","Self Repair","Hallucinations","Pain","ReplayTheSpireMod:Faulty Equipment","Turbo"],"relics":["Cracked Core","Art of War","Replay:Ringing Soul","Mirror","StrikeDummy","Runic Pyramid","Gremlin Food","Necronomicon","Simple Rune","Ring of Greed","Ring of Fury","Blue Doll","Replay:Bandana","Bag of Preparation"],"acts_visited":["Exordium","TheCity"],"potions_floor_usage":[],"damage_taken":[{"damage":19.0,"enemies":"Small Slimes","floor":1.0,"turns":6.0},{"damage":0.0,"enemies":"2 Louse","floor":2.0,"turns":2.0},{"damage":30.0,"enemies":"3 Sentries","floor":7.0,"turns":5.0},{"damage":6.0,"enemies":"Cultist","floor":11.0,"turns":4.0},{"damage":41.0,"enemies":"Gremlin Nob","floor":14.0,"turns":5.0},{"damage":2.0,"enemies":"Hexaghost","floor":16.0,"turns":9.0},{"damage":30.0,"enemies":"Chosen","floor":18.0,"turns":9.0},{"damage":14.0,"enemies":"3 Byrds","floor":22.0,"turns":4.0},{"damage":3.0,"enemies":"Centurion and Healer","floor":23.0,"turns":5.0},{"damage":4.0,"enemies":"Chosen and Byrds","floor":25.0,"turns":7.0},{"damage":18,"enemies":"Cultist and Chosen","floor":30,"turns":6},{"damage":28,"enemies":"Replay:Snechameleon","floor":31,"turns":5},{"damage":54,"enemies":"Collector","floor":33,"turns":7}],"seed_played":"6688834872884579557","potions_obtained":[{"floor":2.0,"key":"FearPotion"},{"floor":11.0,"key":"PowerPotion"},{"floor":16.0,"key":"Languid Potion"},{"floor":18.0,"key":"Fire Potion"},{"floor":22.0,"key":"Energy Potion"}],"is_trial":false,"path_per_floor":["M","M","?","$","?","R","E","R","T","?","M","T","R","E","R","B",null,"M","?","$","?","M","M","R","M","T","?","?","?","M","E","R","B"],"character_chosen":"DEFECT","items_purchased":["Gremlin Food","Doom and Gloom"],"campfire_rested":3,"item_purchase_floors":[20,20],"current_hp_per_floor":[45,45,45,45,45,45,15,36,36,71,68,68,68,30,30,31,68,41,41,44,26,15,15,43,46,46,46,49,49,41,23,54,0,0],"gold":258,"neow_bonus":"TRANSFORM_CARD","is_daily":false,"chose_seed":false,"campfire_upgraded":3,"win_rate":0.0,"timestamp":1608136414,"path_taken":["M","M","?","$","?","R","E","R","T","?","?","?","R","E","R","BOSS","M","?","$","?","M","M","R","M","T","?","?","?","M","E","R","BOSS"],"items_purchased_type":["Relic","Card"],"build_version":"2020-12-13","purchased_purges":0,"victory":false,"max_hp_per_floor":[71,71,71,71,71,71,71,71,71,71,74,74,74,77,77,80,80,83,83,86,89,92,95,95,95,95,95,98,98,101,104,104,104,104],"relic_stats":{"counters":[13,74],"Art of War":[23],"Necronomicon":[12],"Bag of Preparation":[2],"obtain_stats":[{"Gremlin Food":20,"Blue Doll":28,"Bag of Preparation":31,"Ring of Greed":28,"Replay:Ringing Soul":9,"Replay:Bandana":28,"Simple Rune":26,"Ring of Fury":28,"Art of War":7,"Necronomicon":21,"Cracked Core":0,"Mirror":12,"StrikeDummy":14,"Runic Pyramid":17},{"Gremlin Food":7,"Blue Doll":10,"Bag of Preparation":12,"Ring of Greed":10,"Replay:Ringing Soul":3,"Replay:Bandana":10,"Simple Rune":10,"Ring of Fury":10,"Art of War":3,"Necronomicon":7,"Cracked Core":0,"Mirror":4,"StrikeDummy":5,"Runic Pyramid":6},{"Gremlin Food":40,"Blue Doll":56,"Bag of Preparation":67,"Ring of Greed":56,"Replay:Ringing Soul":13,"Replay:Bandana":56,"Simple Rune":56,"Ring of Fury":56,"Art of War":13,"Necronomicon":40,"Cracked Core":0,"Mirror":17,"StrikeDummy":22,"Runic Pyramid":31}]},"card_choices":[{"not_picked":["Self Repair","Conserve Battery"],"picked":"Turbo","floor":1.0},{"not_picked":["Leap","Fusion"],"picked":"BasicCrystalCard","floor":2.0},{"not_picked":["Chaos","Rebound"],"picked":"Glacier","floor":7.0},{"not_picked":["Cold Snap","Hologram"],"picked":"Crystallizer","floor":11.0},{"not_picked":["Chaos","Coolheaded"],"picked":"Mirror Shield","floor":14.0},{"not_picked":["ReplayTheSpireMod:Omega Cannon","All For One"],"picked":"Thunder Strike","floor":16.0},{"not_picked":["Beam Cell","Compile Driver"],"picked":"Redo","floor":18.0},{"not_picked":["Stack","Gash"],"picked":"Chaos","floor":22.0},{"not_picked":["ReplaySolidLightProjector","Steam"],"picked":"Self Repair","floor":23.0},{"not_picked":["Beam Cell","Storm","Hologram"],"picked":"SKIP","floor":25.0},{"not_picked":["Beam Cell","Sweeping Beam","Loop"],"picked":"SKIP","floor":30},{"not_picked":["Reprogram","ReplayTheSpireMod:Calculation Training"],"picked":"Turbo","floor":31}],"player_experience":341325,"relics_obtained":[{"floor":7.0,"key":"Art of War"},{"floor":9.0,"key":"Replay:Ringing Soul"},{"floor":12.0,"key":"Mirror"},{"floor":14.0,"key":"StrikeDummy"},{"floor":21.0,"key":"Necronomicon"},{"floor":26.0,"key":"Simple Rune"},{"floor":28.0,"key":"Ring of Greed"},{"floor":28.0,"key":"Ring of Fury"},{"floor":28.0,"key":"Blue Doll"},{"floor":28.0,"key":"Replay:Bandana"},{"floor":31,"key":"Bag of Preparation"}],"event_choices":[{"damage_healed":0.0,"max_hp_gain":0.0,"max_hp_loss":0.0,"gold_gain":0.0,"event_name":"Living Wall","player_choice":"Grow","floor":3.0,"gold_loss":0.0,"damage_taken":0.0,"cards_upgraded":["Zap"]},{"damage_healed":35.0,"max_hp_gain":0.0,"max_hp_loss":0.0,"gold_gain":0.0,"event_name":"Wheel of Change","player_choice":"Full Heal","floor":10.0,"gold_loss":0.0,"damage_taken":0.0},{"damage_healed":0.0,"max_hp_gain":0.0,"max_hp_loss":0.0,"gold_gain":0.0,"event_name":"Back to Basics","player_choice":"Simplicity","floor":19.0,"gold_loss":0.0,"damage_taken":0.0,"cards_upgraded":["Strike_B","Strike_B","Strike_B","Defend_B","Defend_B","Defend_B","Defend_B"]},{"damage_healed":0.0,"max_hp_gain":0.0,"max_hp_loss":0.0,"gold_gain":0.0,"event_name":"Cursed Tome","player_choice":"Obtained Book","floor":21.0,"gold_loss":0.0,"damage_taken":21.0},{"damage_healed":0.0,"max_hp_gain":0.0,"max_hp_loss":0.0,"gold_gain":50.0,"event_name":"Nest","player_choice":"Stole From Cult","floor":27.0,"gold_loss":0.0,"damage_taken":0.0},{"damage_healed":0,"gold_gain":0,"player_choice":"Ignored","damage_taken":0,"max_hp_gain":0,"max_hp_loss":0,"event_name":"The Mausoleum","floor":29,"gold_loss":0}],"is_beta":false,"boss_relics":[{"not_picked":["Honey Jar","Replay:Ancient Bell"],"picked":"Runic Pyramid"}],"items_purged_floors":[],"is_endless":false,"potions_floor_spawned":[2,11,16,18,22],"killed_by":"Collector","ascension_level":20}}