{"host":"m9i7qe3hvz6jihjh","time":1608144061,"event":{"mods":["BaseMod","Colored Powertips","Infinite Spire","Minty Spire (QoL Compilation)","Quick Restart","StSLib","The Animator","Waifu the Spire"],"gold_per_floor":[118,133,112,62,62,62,62,73,73,92,108,123,0,19,19,121,121,137,137,126,126,144,144,160,160,183,183,183,183,200,234,234,234,234],"floor_reached":33,"playtime":1043,"items_purged":["Strike_P","Strike_P"],"score":259,"play_id":"bdf4d8bb-f388-4cd4-892e-3c58d3625b16","local_time":"20201216194101","is_ascension_mode":false,"campfire_choices":[{"data":"Eruption","floor":6,"key":"SMITH"},{"floor":15,"key":"REST"},{"data":"Alpha","floor":23,"key":"SMITH"},{"floor":25,"key":"REST"},{"floor":27,"key":"REST"},{"floor":32,"key":"REST"}],"circlet_count":0,"master_deck":["Strike_P","Strike_P+1","Defend_P","Defend_P","Defend_P","Eruption+1","Vigilance","Dark Shackles","CutThroughFate+1","JustLucky","PathToVictory","Weave","PathToVictory","Alpha+1","CutThroughFate+1","FollowUp+1","ClearTheMind","Wallop+1","Writhe","LessonLearned","BowlingBash"],"relics":["Ring of the Snake","VioletLotus","Ornamental Fan","Bag of Marbles","infinitespire:PuzzleCube","Nloth\u0027s Gift","Oddly Smooth Stone"],"acts_visited":["Exordium","TheCity"],"potions_floor_usage":[8,11,14,14,24,24,24,31],"damage_taken":[{"damage":1,"enemies":"2 Louse","floor":1,"turns":3},{"damage":0,"enemies":"Small Slimes","floor":2,"turns":3},{"damage":0,"enemies":"Jaw Worm","floor":8,"turns":3},{"damage":12,"enemies":"Looter","floor":10,"turns":3},{"damage":8,"enemies":"Lots of Slimes","floor":11,"turns":3},{"damage":0,"enemies":"Large Slime","floor":12,"turns":2},{"damage":0,"enemies":"Looter","floor":14,"turns":1},{"damage":36,"enemies":"The Guardian","floor":16,"turns":8},{"damage":2,"enemies":"Spheric Guardian","floor":18,"turns":3},{"damage":16,"enemies":"2 Thieves","floor":20,"turns":4},{"damage":18,"enemies":"Shelled Parasite and Fungi","floor":22,"turns":5},{"damage":32,"enemies":"Sentry and Sphere","floor":24,"turns":7},{"damage":16,"enemies":"Snake Plant","floor":30,"turns":3},{"damage":13,"enemies":"Slavers","floor":31,"turns":6},{"damage":82,"enemies":"Automaton","floor":33,"turns":6}],"seed_played":"1817222020545238380","potions_obtained":[{"floor":1,"key":"DuplicationPotion"},{"floor":10,"key":"SpeedPotion"},{"floor":11,"key":"Fruit Juice"},{"floor":12,"key":"Fire Potion"},{"floor":20,"key":"PowerPotion"},{"floor":22,"key":"SkillPotion"},{"floor":30,"key":"Weak Potion"}],"is_trial":false,"path_per_floor":["M","M","?","?","?","R","?","M","T","M","M","M","$","M","R","B",null,"M","?","M","AVR","M","R","M","R","T","R","?","?","M","E","R","B"],"character_chosen":"WATCHER","items_purchased":["Fire Potion"],"campfire_rested":4,"item_purchase_floors":[13],"current_hp_per_floor":[71,71,71,71,57,57,57,57,57,45,42,42,42,42,65,29,77,75,77,61,61,43,43,11,34,34,57,57,57,41,28,51,0,0],"gold":234,"neow_bonus":"RANDOM_COLORLESS","is_daily":false,"chose_seed":false,"campfire_upgraded":2,"win_rate":0.0,"timestamp":1608144061,"path_taken":["M","M","?","?","?","R","?","M","T","?","M","M","$","M","R","BOSS","M","?","?","AVR","M","R","M","R","T","R","?","?","M","E","R","BOSS"],"items_purchased_type":["Potion"],"build_version":"2020-12-13","purchased_purges":2,"victory":false,"max_hp_per_floor":[72,72,72,72,72,72,72,72,72,72,77,77,77,77,77,77,77,77,77,77,77,77,77,77,77,77,77,77,77,77,77,77,77,77],"card_choices":[{"not_picked":["Forethought","Blind"],"picked":"Dark Shackles","floor":0},{"not_picked":["EmptyBody","FlurryOfBlows"],"picked":"CutThroughFate","floor":1},{"not_picked":["ClearTheMind","BowlingBash"],"picked":"JustLucky","floor":2},{"not_picked":["SandsOfTime","Evaluate"],"picked":"PathToVictory","floor":8},{"not_picked":["Prostrate","Halt","ClearTheMind"],"picked":"SKIP","floor":10},{"not_picked":["EmptyMind","MentalFortress"],"picked":"Weave","floor":11},{"not_picked":["Protect","LikeWater"],"picked":"PathToVictory","floor":12},{"not_picked":["Crescendo","Consecrate"],"picked":"SashWhip","floor":14},{"not_picked":["DeusExMachina","Scrawl"],"picked":"Alpha","floor":16},{"not_picked":["Crescendo","SashWhip+1"],"picked":"CutThroughFate+1","floor":18},{"not_picked":["SashWhip","Wireheading"],"picked":"FollowUp+1","floor":20},{"not_picked":["Consecrate","FlurryOfBlows"],"picked":"ClearTheMind","floor":22},{"not_picked":["WaveOfTheHand","EmptyFist"],"picked":"Wallop+1","floor":24},{"not_picked":["Wireheading","FollowUp"],"picked":"LessonLearned","floor":30},{"not_picked":["ConjureBlade","CrushJoints"],"picked":"BowlingBash","floor":31}],"player_experience":863261,"relics_obtained":[{"floor":26,"key":"Bag of Marbles"},{"floor":31,"key":"Oddly Smooth Stone"}],"event_choices":[{"damage_healed":0,"gold_gain":0,"player_choice":"Left Gold","damage_taken":0,"max_hp_gain":0,"max_hp_loss":0,"event_name":"World of Goop","floor":3,"gold_loss":21},{"cards_removed":["Defend_P"],"damage_healed":0,"gold_gain":0,"player_choice":"Card Removal","damage_taken":0,"max_hp_gain":0,"max_hp_loss":0,"event_name":"The Cleric","floor":4,"gold_loss":50},{"damage_healed":0,"gold_gain":0,"player_choice":"Entered Light","damage_taken":14,"max_hp_gain":0,"max_hp_loss":0,"event_name":"Shining Light","floor":5,"gold_loss":0,"cards_upgraded":["Strike_P","CutThroughFate"]},{"cards_removed":["SashWhip"],"damage_healed":5,"gold_gain":0,"player_choice":"Offered Common","damage_taken":0,"max_hp_gain":0,"max_hp_loss":0,"event_name":"Bonfire Elementals","floor":19,"gold_loss":0},{"cards_removed":["SashWhip"],"damage_healed":5,"gold_gain":0,"player_choice":"Offered Special","damage_taken":0,"max_hp_gain":0,"max_hp_loss":0,"event_name":"Bonfire Elementals","floor":19,"gold_loss":0},{"damage_healed":0,"gold_gain":0,"player_choice":"Opened","damage_taken":0,"relics_obtained":["infinitespire:PuzzleCube"],"max_hp_gain":0,"max_hp_loss":0,"event_name":"The Mausoleum","floor":28,"gold_loss":0,"cards_obtained":["Writhe"]},{"damage_healed":0,"gold_gain":0,"player_choice":"Traded Relic","damage_taken":0,"relics_obtained":["Nloth\u0027s Gift"],"max_hp_gain":0,"max_hp_loss":0,"event_name":"N\u0027loth","floor":29,"relics_lost":["infinitespire:Cubic Diamond"],"gold_loss":0}],"is_beta":false,"boss_relics":[{"not_picked":["Runic Dome","Velvet Choker"],"picked":"VioletLotus"}],"items_purged_floors":[13,21],"is_endless":false,"potions_floor_spawned":[1,10,11,12,20,22,30],"killed_by":"Automaton","ascension_level":0}}