{"host":"1c52r9kaxdyo25eq","time":1608098993,"event":{"mods":["AchievementEnabler","BaseMod","Minty Spire (QoL Compilation)","Rare Cards Sparkle","SuperFastMode","everything is the same but u backflip on backflip"],"gold_per_floor":[118,130,143,160,160,160,179,179,179,179,238,238,47,73,73,151,151,171,91,91,103,119,119,152,163,163,163,195,210,210,242,242,319,319,330,342,107,126,146,146,157,157,157,157,37,0,10,310,310,310,310],"floor_reached":50,"playtime":1422,"items_purged":["Strike_G","Strike_G","Strike_G","Strike_G"],"score":1154,"play_id":"0a5a3a1b-a5a2-44e4-ab55-9aeb6332004a","local_time":"20201216150953","is_ascension_mode":true,"campfire_choices":[{"data":"Glass Knife","floor":6.0,"key":"SMITH"},{"data":"Blade Dance","floor":8.0,"key":"SMITH"},{"data":"Blade Dance","floor":12.0,"key":"SMITH"},{"data":"Masterful Stab","floor":15.0,"key":"SMITH"},{"data":"Predator","floor":23.0,"key":"SMITH"},{"data":"Adrenaline","floor":27.0,"key":"SMITH"},{"data":"Footwork","floor":30.0,"key":"SMITH"},{"data":"Dagger Throw","floor":32.0,"key":"SMITH"},{"data":"Night Terror","floor":40.0,"key":"SMITH"},{"floor":42.0,"key":"RECALL"},{"data":"Infinite Blades","floor":49,"key":"SMITH"}],"circlet_count":0,"master_deck":["AscendersBane","Defend_G","Defend_G","Defend_G","Defend_G","Survivor","Neutralize","Glass Knife+1","Dagger Throw+1","Blade Dance+1","Predator+1","Blade Dance+1","Masterful Stab+1","Adrenaline+1","Escape Plan","Backflip+1","Adrenaline+1","Noxious Fumes","Well Laid Plans+1","Footwork+1","Night Terror+1","Prepared+1","Terror+1","Cloak And Dagger+1","Infinite Blades+1"],"relics":["Ring of the Snake","The Courier","Omamori","Question Card","Cursed Key","TungstenRod","Eternal Feather","Pantograph","Bag of Preparation","Calling Bell","Happy Flower","Toxic Egg 2","Ginger","Red Mask"],"acts_visited":["Exordium","TheCity","TheBeyond"],"potions_floor_usage":[],"damage_taken":[{"damage":1.0,"enemies":"Cultist","floor":1.0,"turns":3.0},{"damage":2.0,"enemies":"Jaw Worm","floor":2.0,"turns":4.0},{"damage":0.0,"enemies":"2 Louse","floor":3.0,"turns":2.0},{"damage":14.0,"enemies":"Large Slime","floor":4.0,"turns":5.0},{"damage":4.0,"enemies":"Exordium Thugs","floor":7.0,"turns":3.0},{"damage":6.0,"enemies":"Gremlin Nob","floor":11.0,"turns":3.0},{"damage":12.0,"enemies":"3 Sentries","floor":14.0,"turns":6.0},{"damage":0.0,"enemies":"Slime Boss","floor":16.0,"turns":4.0},{"damage":0.0,"enemies":"Spheric Guardian","floor":18.0,"turns":1.0},{"damage":7.0,"enemies":"2 Thieves","floor":21.0,"turns":3.0},{"damage":8.0,"enemies":"Snake Plant","floor":22.0,"turns":3.0},{"damage":2.0,"enemies":"Book of Stabbing","floor":24.0,"turns":4.0},{"damage":0.0,"enemies":"3 Cultists","floor":25.0,"turns":3.0},{"damage":19.0,"enemies":"Slavers","floor":28.0,"turns":3.0},{"damage":13.0,"enemies":"Centurion and Healer","floor":29.0,"turns":3.0},{"damage":10.0,"enemies":"Book of Stabbing","floor":31.0,"turns":4.0},{"damage":30.0,"enemies":"Automaton","floor":33.0,"turns":6.0},{"damage":25.0,"enemies":"3 Darklings","floor":35.0,"turns":4.0},{"damage":0.0,"enemies":"Orb Walker","floor":36.0,"turns":3.0},{"damage":8.0,"enemies":"Transient","floor":38.0,"turns":6.0},{"damage":0.0,"enemies":"Jaw Worm Horde","floor":39.0,"turns":3.0},{"damage":32.0,"enemies":"4 Shapes","floor":41.0,"turns":4.0},{"damage":8,"enemies":"Sphere and 2 Shapes","floor":47,"turns":5},{"damage":62,"enemies":"Time Eater","floor":50,"turns":5}],"seed_played":"-6413206871900350306","potions_obtained":[{"floor":1.0,"key":"GhostInAJar"},{"floor":4.0,"key":"Strength Potion"},{"floor":18.0,"key":"Weak Potion"},{"floor":25.0,"key":"AttackPotion"},{"floor":28.0,"key":"Strength Potion"},{"floor":33.0,"key":"Poison Potion"},{"floor":39.0,"key":"Regen Potion"}],"is_trial":false,"path_per_floor":["M","M","M","M","?","R","M","R","T","?","?","R","$","E","R","B",null,"M","$","?","M","M","R","E","M","T","R","E","M","R","E","R","B",null,"M","M","$","M","M","R","M","R","T","?","$","?","M","?","R","B"],"character_chosen":"THE_SILENT","items_purchased":["Omamori","Terror+1","Regen Potion"],"campfire_rested":0,"item_purchase_floors":[13,37,37],"current_hp_per_floor":[58,56,56,42,35,35,31,31,31,53,47,47,47,35,35,35,58,58,58,58,51,43,43,41,41,41,53,34,21,33,23,35,30,57,32,32,32,24,33,48,16,31,31,54,54,54,46,46,54,0,0],"gold":310,"neow_bonus":"TRANSFORM_CARD","is_daily":false,"chose_seed":false,"campfire_upgraded":10,"win_rate":0.0,"timestamp":1608098993,"path_taken":["M","M","M","?","?","R","M","R","T","?","?","R","$","E","R","BOSS","M","$","?","M","M","R","E","M","T","R","E","M","R","E","R","BOSS","M","M","$","M","M","R","M","R","T","?","$","?","M","?","R","BOSS"],"items_purchased_type":["Relic","Card","Potion"],"build_version":"2020-12-13","purchased_purges":4,"victory":false,"max_hp_per_floor":[66,66,66,66,66,66,66,66,66,66,66,66,66,66,66,66,66,66,66,66,66,66,66,66,66,66,66,66,66,66,66,66,66,66,66,66,66,66,66,66,66,66,66,54,54,54,54,54,54,54,54],"card_choices":[{"not_picked":["Escape Plan","Cloak And Dagger"],"picked":"Dagger Throw","floor":1.0},{"not_picked":["Caltrops","Blur"],"picked":"Blade Dance","floor":2.0},{"not_picked":["Catalyst","Choke"],"picked":"Predator","floor":3.0},{"not_picked":["Flying Knee","Prepared"],"picked":"Blade Dance","floor":4.0},{"not_picked":["Predator","Slice","Die Die Die"],"picked":"SKIP","floor":7.0},{"not_picked":["Flechettes","Caltrops"],"picked":"Masterful Stab","floor":14.0},{"not_picked":["Burst","Venomology","Tools of the Trade"],"picked":"Adrenaline","floor":16.0},{"not_picked":["Sucker Punch","Flying Knee","Dash"],"picked":"Escape Plan","floor":18.0},{"not_picked":["Outmaneuver","Bane","Quick Slash"],"picked":"Backflip+1","floor":21.0},{"not_picked":["Choke","Blade Dance+1","Skewer"],"picked":"Adrenaline","floor":22.0},{"not_picked":["Backflip","Outmaneuver","Heel Hook","Choke"],"picked":"SKIP","floor":24.0},{"not_picked":["Acrobatics","Backflip+1","Outmaneuver+1"],"picked":"Noxious Fumes","floor":25.0},{"not_picked":["Blade Dance","Heel Hook","Prepared"],"picked":"Well Laid Plans+1","floor":28.0},{"not_picked":["Blade Dance","Quick Slash","Dodge and Roll+1"],"picked":"Footwork","floor":29.0},{"not_picked":["Backflip","Outmaneuver+1","Blade Dance","Sucker Punch"],"picked":"SKIP","floor":31.0},{"not_picked":["Bullet Time","Venomology","Unload"],"picked":"Night Terror","floor":33.0},{"not_picked":["Blade Dance+1","Underhanded Strike+1","Reflex+1"],"picked":"Prepared+1","floor":35.0},{"not_picked":["Bane+1","Flying Knee+1","Noxious Fumes","All Out Attack"],"picked":"SKIP","floor":36.0},{"not_picked":["Dodge and Roll+1","Skewer","Heel Hook+1"],"picked":"Cloak And Dagger+1","floor":38.0},{"not_picked":["Flying Knee","Dagger Spray+1","Bullet Time+1"],"picked":"Infinite Blades","floor":39.0},{"not_picked":["Eviscerate","Blade Dance+1","Prepared+1","Acrobatics+1"],"picked":"SKIP","floor":41.0},{"not_picked":["Catalyst+1","Quick Slash","Flying Knee","Slice"],"picked":"SKIP","floor":47}],"player_experience":482666,"relics_obtained":[{"floor":11.0,"key":"The Courier"},{"floor":14.0,"key":"Question Card"},{"floor":24.0,"key":"TungstenRod"},{"floor":26.0,"key":"Eternal Feather"},{"floor":28.0,"key":"Pantograph"},{"floor":31.0,"key":"Bag of Preparation"},{"floor":34.0,"key":"Happy Flower"},{"floor":34.0,"key":"Toxic Egg 2"},{"floor":34.0,"key":"Ginger"}],"event_choices":[{"cards_removed":["Defend_G"],"damage_healed":0.0,"max_hp_gain":0.0,"max_hp_loss":0.0,"gold_gain":0.0,"event_name":"Golden Wing","player_choice":"Card Removal","floor":5.0,"gold_loss":0.0,"damage_taken":7.0},{"damage_healed":22.0,"max_hp_gain":0.0,"max_hp_loss":0.0,"gold_gain":0.0,"event_name":"Big Fish","player_choice":"Banana","floor":10.0,"gold_loss":0.0,"damage_taken":0.0},{"damage_healed":0.0,"max_hp_gain":0.0,"max_hp_loss":0.0,"gold_gain":0.0,"event_name":"Dead Adventurer","player_choice":"Searched \u00271\u0027 times","floor":11.0,"gold_loss":0.0,"damage_taken":0.0},{"damage_healed":0.0,"max_hp_gain":0.0,"max_hp_loss":0.0,"gold_gain":0.0,"event_name":"Upgrade Shrine","player_choice":"Upgraded","floor":20.0,"gold_loss":0.0,"damage_taken":0.0,"cards_upgraded":["Adrenaline"]},{"damage_healed":54.0,"max_hp_gain":0.0,"max_hp_loss":12.0,"gold_gain":0.0,"event_name":"The Moai Head","player_choice":"Heal","floor":44.0,"gold_loss":0.0,"damage_taken":0.0},{"damage_healed":0,"gold_gain":0,"player_choice":"Paid","damage_taken":0,"relics_obtained":["Red Mask"],"max_hp_gain":0,"max_hp_loss":0,"event_name":"Tomb of Lord Red Mask","floor":46,"gold_loss":37},{"damage_healed":0,"gold_gain":300,"player_choice":"Gold","damage_taken":0,"max_hp_gain":0,"max_hp_loss":0,"event_name":"Wheel of Change","floor":48,"gold_loss":0}],"is_beta":false,"boss_relics":[{"not_picked":["Coffee Dripper","Runic Dome"],"picked":"Cursed Key"},{"not_picked":["Tiny House","Sozu"],"picked":"Calling Bell"}],"items_purged_floors":[13,19,37,45],"is_endless":false,"potions_floor_spawned":[1,4,7,11,18,25,28,33,39],"killed_by":"Time Eater","ascension_level":20}}