{"host":"mvw7i28zi3kj0eu9","time":1608109836,"event":{"mods":["AchievementEnabler","BaseMod","Better Third Choice","BetterRewards","Block Reminder","Conspire","Custom Start","Downfall","Energized Spire","Halation","Hermit","Hubris","Infinite Spire","Jorbs\u0027s Wanderer Trilogy","Minty Spire (QoL Compilation)","Replay The Spire","Shop Mod","Small Relic Pack","Spikes Relics","StSLib","The Blue Laboratory","The Necromancer","The Servant 0.9.4","Virulent Crown"],"gold_per_floor":[413,413,423,306,306,306,341,341,367,367,209,209,229,246,246,347,347,364,364,490,502,502,514,532,532,556,572,655,740,758,758,758,853,853,869,869,869,869,883,918,675,675,675,694,694,707,722,722,722,821,821,828,652,666,677,682,682,682,493,543,851,851,926,926,931,931,1064,1064,1075,913,924,931,942,942,949,909,935,935,1007,1023,1023,1035,1035,1127,1127,1134,1134,1134,1134,1141,1166,1177,1203,1203,1206,542,598,658,674,674,775,775,785,799,814,187,187,187,187,213,213,213,230,230,242,253,253,344,344,359,373,373,523,533,563,588,588,612,612,612,622,622,637,637,737,737,754,853,873,897,956,991,1018,1030,1042,553,563,463,463,622,622,717,717,717,395,422,597],"floor_reached":158,"playtime":3275,"items_purged":["Strike_R","Strike_R","Strike_R+2","Strike_R+2","conspire:NecroticWound","Bash+1","Strike_R+2","Defend_R+5"],"score":4370,"play_id":"87417c0c-2811-4eb0-b9fa-2e9526567f87","local_time":"20201216101036","is_ascension_mode":false,"campfire_choices":[{"data":"Strike_R+1","floor":6,"key":"SMITH"},{"data":"Bash","floor":6,"key":"SMITH"},{"data":"Strike_R+1","floor":12,"key":"SMITH"},{"data":"Strike_R+1","floor":12,"key":"SMITH"},{"data":"Defend_R","floor":15,"key":"SMITH"},{"data":"Shrug It Off+1","floor":15,"key":"SMITH"},{"data":"Defend_R+1","floor":25,"key":"SMITH"},{"data":"Defend_R+1","floor":25,"key":"SMITH"},{"data":"Shrug It Off+2","floor":32,"key":"SMITH"},{"data":"Defend_R+2","floor":32,"key":"SMITH"},{"data":"Regret","floor":42,"key":"SMITH"},{"data":"CommonCold","floor":42,"key":"SMITH"},{"data":"Shrug It Off+3","floor":49,"key":"SMITH"},{"data":"Defend_R+2","floor":49,"key":"SMITH"},{"data":"Shrug It Off+4","floor":57,"key":"SMITH"},{"data":"Defend_R+4","floor":57,"key":"SMITH"},{"data":"Shrug It Off+5","floor":62,"key":"SMITH"},{"data":"Defend_R+4","floor":62,"key":"SMITH"},{"data":"Shrug It Off+6","floor":64,"key":"SMITH"},{"data":"Shrug It Off+7","floor":64,"key":"SMITH"},{"data":"Shrug It Off+8","floor":66,"key":"SMITH"},{"data":"Shrug It Off+9","floor":66,"key":"SMITH"},{"data":"Entrench","floor":74,"key":"SMITH"},{"data":"Shrug It Off+10","floor":74,"key":"SMITH"},{"data":"Shrug It Off+12","floor":78,"key":"SMITH"},{"data":"Shrug It Off+13","floor":78,"key":"SMITH"},{"data":"Shrug It Off+14","floor":81,"key":"SMITH"},{"data":"Shrug It Off+15","floor":81,"key":"SMITH"},{"data":"Shrug It Off+16","floor":83,"key":"SMITH"},{"data":"Shrug It Off+17","floor":83,"key":"SMITH"},{"data":"Shrug It Off+18","floor":100,"key":"SMITH"},{"data":"Shrug It Off+19","floor":100,"key":"SMITH"},{"data":"Shrug It Off+20","floor":108,"key":"SMITH"},{"data":"Shrug It Off+21","floor":108,"key":"SMITH"},{"data":"Shrug It Off+22","floor":112,"key":"SMITH"},{"data":"Shrug It Off+23","floor":112,"key":"SMITH"},{"data":"Shrug It Off+24","floor":117,"key":"SMITH"},{"data":"Shrug It Off+25","floor":117,"key":"SMITH"},{"data":"Shrug It Off+26","floor":129,"key":"SMITH"},{"data":"Shrug It Off+27","floor":129,"key":"SMITH"},{"data":"Shrug It Off+28","floor":132,"key":"SMITH"},{"data":"Shrug It Off+26","floor":132,"key":"SMITH"},{"data":"Shrug It Off+27","floor":134,"key":"SMITH"},{"data":"Shrug It Off+28","floor":134,"key":"SMITH"},{"data":"Shrug It Off+29","floor":144,"key":"SMITH"},{"data":"Shrug It Off+29","floor":144,"key":"SMITH"},{"data":"Shrug It Off+31","floor":149,"key":"SMITH"},{"data":"Shrug It Off+30","floor":149,"key":"SMITH"},{"floor":151,"key":"DIG"},{"data":"Shrug It Off+32","floor":154,"key":"SMITH"},{"data":"Shrug It Off+33","floor":154,"key":"SMITH"}],"circlet_count":0,"master_deck":["Shrug It Off+31","Entrench+1","Shrug It Off+34"],"relics":["Burning Blood","SnailShell","conspire:InfiniteJournal","Replay:Arrowhead","Calipers","Membership Card","hubris:MobiusCoin","conspire:TreasureMap","Anchor","Bag of Marbles","Mirror","Bag of Preparation","MerchantsRug","Philosopher\u0027s Stone","Sozu","LugNut","MealTicket","Blue Doll","hubris:SlimyHat","ReplayTheSpireMod:Shallot","CaptainsWheel","hubris:Towel","halation:PrussianBluePaint","Sling","Nunchaku","PreservedInsect","infinitespire:Cupcake","Simple Rune","relicPack:DSword","halation:PromiseList","conspire:RunicOctahedron","Tiny Chest","Pen Nib","energizedSpire:RedRose","halation:EternalFortune","The Courier","Lantern","relicPack:DarknessArmor","halation:IllGainedPizza","WingedGreaves","hubris:TinFlute","infinitespire:Beetle Shell","Shuriken","Coffee Dripper","Gremlin Horn","Replay:Baseball","Art of War","Charon\u0027s Ashes","hubris:CuriousFeather","hubris:OldNail","infinitespire:EmpoweringShard","ReplayFunnel","Orichalcum","Snack Pack","hubris:CrystalStatue","hubris:EvacipatedBox","Dead Branch","infinitespire:Lucky Rock","Pear","Akabeko","Juzu Bracelet","Guardian:PocketSentry","Golden Egg","Happy Flower","Cauldron","energizedSpire:DeadBattery","champ:DeflectingBracers","Pantograph","infinitespire:WardingShard","Ice Cream","Vajra","hubris:DuctTape","Dream Catcher","OrangePellets","WizardHat","SpikesRelics:DaevaFist","Lizard Tail","Garlic","halation:Trompette","Bronze Scales","King of Hearts","conspire:BottledYoYo","halation:KoshaPiece","Replay:Kaleidoscope","hubris:PeanutButter"],"acts_visited":[],"potions_floor_usage":[7,7,16,35],"damage_taken":[{"damage":0,"enemies":"Small Slimes","floor":1,"turns":3},{"damage":0,"enemies":"Cultist","floor":3,"turns":3},{"damage":15,"enemies":"3 Sentries","floor":7,"turns":10},{"damage":0,"enemies":"2 Louse","floor":13,"turns":1},{"damage":0,"enemies":"Blue Slaver","floor":14,"turns":2},{"damage":10,"enemies":"The Guardian","floor":16,"turns":11},{"damage":0,"enemies":"Shell Parasite","floor":18,"turns":5},{"damage":0,"enemies":"3 Byrds","floor":21,"turns":4},{"damage":0,"enemies":"Shelled Parasite and Fungi","floor":23,"turns":4},{"damage":0,"enemies":"Sentry and Sphere","floor":24,"turns":5},{"damage":0,"enemies":"Snecko","floor":27,"turns":3},{"damage":0,"enemies":"Nightmare","floor":29,"turns":2},{"damage":0,"enemies":"Chosen and Byrds","floor":30,"turns":2},{"damage":5,"enemies":"hubris:MusketHawk","floor":33,"turns":2},{"damage":15,"enemies":"3 Darklings","floor":35,"turns":13},{"damage":8,"enemies":"3 Shapes","floor":39,"turns":6},{"damage":0,"enemies":"Reptomancer","floor":40,"turns":1},{"damage":0,"enemies":"Writhing Mass","floor":44,"turns":1},{"damage":0,"enemies":"4 Shapes","floor":46,"turns":5},{"damage":0,"enemies":"3 Darklings","floor":47,"turns":3},{"damage":0,"enemies":"infinitespire:MassOfShapes","floor":50,"turns":3},{"damage":0,"enemies":"Jaw Worm","floor":52,"turns":1},{"damage":0,"enemies":"Small Slimes","floor":54,"turns":1},{"damage":0,"enemies":"2 Louse","floor":55,"turns":1},{"damage":0,"enemies":"Gremlin Gang","floor":56,"turns":2},{"damage":0,"enemies":"Nightmare_Alpha","floor":61,"turns":4},{"damage":0,"enemies":"3 Louse","floor":65,"turns":2},{"damage":0,"enemies":"Fading Forest","floor":67,"turns":2},{"damage":0,"enemies":"3 Byrds","floor":69,"turns":1},{"damage":0,"enemies":"2 Thieves","floor":71,"turns":1},{"damage":0,"enemies":"Centurion and Healer","floor":72,"turns":1},{"damage":0,"enemies":"Snecko","floor":73,"turns":1},{"damage":0,"enemies":"Snake Plant","floor":75,"turns":1},{"damage":0,"enemies":"Book of Stabbing","floor":79,"turns":1},{"damage":0,"enemies":"Centurion and Healer","floor":80,"turns":1},{"damage":0,"enemies":"Chosen and Byrds","floor":82,"turns":1},{"damage":0,"enemies":"Champ","floor":84,"turns":1},{"damage":0,"enemies":"3 Shapes","floor":86,"turns":1},{"damage":0,"enemies":"Orb Walker","floor":90,"turns":1},{"damage":0,"enemies":"R_Hoarder","floor":91,"turns":1},{"damage":0,"enemies":"Writhing Mass","floor":92,"turns":1},{"damage":0,"enemies":"Giant Head","floor":93,"turns":1},{"damage":0,"enemies":"3 Darklings","floor":95,"turns":1},{"damage":0,"enemies":"Sphere and 2 Shapes","floor":97,"turns":1},{"damage":0,"enemies":"Transient","floor":99,"turns":1},{"damage":0,"enemies":"Donu and Deca","floor":101,"turns":1},{"damage":0,"enemies":"Cultist","floor":103,"turns":1},{"damage":0,"enemies":"2 Louse","floor":104,"turns":1},{"damage":0,"enemies":"Jaw Worm","floor":105,"turns":1},{"damage":0,"enemies":"Nightmare","floor":110,"turns":1},{"damage":0,"enemies":"Blue Slaver","floor":113,"turns":1},{"damage":0,"enemies":"2 Fungi Beasts","floor":115,"turns":1},{"damage":0,"enemies":"Lots of Slimes","floor":116,"turns":1},{"damage":0,"enemies":"The Guardian","floor":118,"turns":1},{"damage":0,"enemies":"Chosen","floor":120,"turns":1},{"damage":0,"enemies":"Spheric Guardian","floor":121,"turns":1},{"damage":0,"enemies":"3 Cultists","floor":124,"turns":1},{"damage":0,"enemies":"Nightmare","floor":125,"turns":1},{"damage":0,"enemies":"Gremlin Leader","floor":126,"turns":1},{"damage":0,"enemies":"Snake Plant","floor":131,"turns":1},{"damage":0,"enemies":"Centurion and Healer","floor":133,"turns":1},{"damage":0,"enemies":"Collector","floor":135,"turns":1},{"damage":0,"enemies":"Orb Walker","floor":137,"turns":1},{"damage":0,"enemies":"3 Shapes","floor":139,"turns":1},{"damage":0,"enemies":"Transient","floor":140,"turns":1},{"damage":0,"enemies":"Mind Bloom Boss Battle","floor":141,"turns":1},{"damage":0,"enemies":"Nightmare","floor":142,"turns":1},{"damage":0,"enemies":"Jaw Worm Horde","floor":143,"turns":1},{"damage":0,"enemies":"4 Shapes","floor":147,"turns":1},{"damage":0,"enemies":"Transient","floor":150,"turns":1},{"damage":0,"enemies":"infinitespire:LordOfFortification","floor":152,"turns":1},{"damage":0,"enemies":"Shield and Spear","floor":156,"turns":1},{"damage":0,"enemies":"The Heart","floor":157,"turns":5}],"seed_played":"-538771448710575880","potions_obtained":[{"floor":2,"key":"Fruit Juice"},{"floor":2,"key":"infinitespire:BlackPotion"},{"floor":2,"key":"blueLaboratory:HorrorPotion"},{"floor":3,"key":"Fire Potion"},{"floor":13,"key":"Guardian:BlockOnCardUsePotion"},{"floor":14,"key":"ColorlessPotion"},{"floor":16,"key":"Fire Potion"}],"is_trial":true,"path_per_floor":["M","?","M","$","?","R","E","?","T","T","$","R","M","M","R","B",null,"M","?","$","M","?","M","M","R","T","M","$","NM","M","?","R","B",null,"M","?","?","?","M","E","$","R","T","M","?","M","M","?","R","B",null,"M","$","M","M","M","R","?","$","T","NM","R","?","R","M","R","B",null,"M","$","M","M","M","R","M","?","T","R","E","M","R","M","R","B",null,"M","?","?","T","M","E","M","E","T","M","$","M","?","M","R","B",null,"M","M","M","$","?","R","T","NM","T","R","M","AVR","M","M","R","B",null,"M","M","?","$","M","NM","E","T","T","R","AVR","M","R","M","R","B",null,"M","T","M","M","?","NM","M","R","T","$","M","NS","R","M","R","B",null,"R","$","E","B",null],"character_chosen":"IRONCLAD","items_purchased":["conspire:TreasureMap","Bag of Preparation","MerchantsRug","Shrug It Off+1","Sling","Nunchaku","Simple Rune","DollysMirror","Entrench","Omamori","Matryoshka","halation:IllGainedPizza","WingedGreaves","hubris:TinFlute","Guide Book","Replay:Ringing Soul","infinitespire:Beetle Shell","Gremlin Horn","Replay:Baseball","Art of War","conspire:Flyswatter","Replay:Wax Seal","infinitespire:CheckeredPen","Charon\u0027s Ashes","hubris:CuriousFeather","hubris:OldNail","hubris:EvacipatedBox","Dead Branch","infinitespire:Lucky Rock","Pear","Akabeko","infinitespire:WardingShard","War Paint","Ice Cream","Vajra","hexamod:BolsterEngine","hubris:DuctTape","OrangePellets","WizardHat","SpikesRelics:DaevaFist","Lizard Tail","Garlic","halation:Trompette","Bronze Scales","King of Hearts","conspire:BottledYoYo","halation:KoshaPiece","Replay:Kaleidoscope"],"campfire_rested":0,"item_purchase_floors":[4,11,11,11,41,41,53,59,70,96,96,96,96,96,96,96,96,106,106,106,106,106,106,106,106,106,123,123,123,123,123,146,146,146,146,146,146,155,155,155,155,155,155,155,155,155,155,155],"current_hp_per_floor":[80,80,80,80,80,80,76,59,59,59,59,59,65,71,71,67,85,85,85,85,85,85,85,85,85,85,85,85,85,85,85,85,85,85,84,81,81,81,79,81,81,81,81,81,81,81,81,81,81,81,81,81,81,81,81,81,81,46,61,61,67,67,56,56,62,62,68,81,81,81,81,81,81,81,81,81,81,81,81,81,81,81,81,81,81,81,84,84,84,84,84,84,87,87,87,87,87,66,75,75,81,90,90,90,90,90,90,90,90,90,90,90,90,90,90,90,90,90,90,90,90,93,28,36,42,48,48,48,48,48,54,54,60,60,66,103,106,106,106,106,106,106,106,106,106,109,109,109,109,109,109,109,109,109,109,109,109],"gold":597,"neow_bonus":"","is_daily":false,"chose_seed":false,"campfire_upgraded":50,"win_rate":0.0,"timestamp":1608109836,"path_taken":["M","?","?","$","?","R","E","?","T","?","?","R","M","M","R","BOSS","M","?","$","?","?","M","M","R","T","M","$","NM","M","?","R","BOSS","M","?","?","?","M","E","$","R","T","M","?","?","M","?","R","BOSS","M","$","M","?","M","R","?","$","T","NM","R","?","R","M","R","BOSS","M","$","M","M","M","R","M","?","T","R","E","?","R","M","R","BOSS","M","?","?","?","M","E","M","E","T","M","$","M","?","?","R","BOSS","M","M","M","$","?","R","?","NM","T","R","M","AVR","?","M","R","BOSS","M","M","?","?","M","NM","E","?","T","R","AVR","M","R","M","R","BOSS","M","?","M","M","?","NM","M","R","T","$","M","NS","R","M","R","BOSS","R","$","E","BOSS"],"items_purchased_type":["Relic","Relic","Relic","Card","Relic","Relic","Relic","Relic","Card","Relic","Relic","Relic","Relic","Relic","Relic","Relic","Relic","Relic","Relic","Relic","Relic","Relic","Relic","Relic","Relic","Relic","Relic","Relic","Relic","Relic","Relic","Relic","Relic","Relic","Relic","Relic","Relic","Relic","Relic","Relic","Relic","Relic","Relic","Relic","Relic","Relic","Relic","Relic"],"build_version":"2020-12-13","purchased_purges":8,"victory":true,"max_hp_per_floor":[80,80,80,80,80,80,85,85,85,85,85,85,85,85,85,85,85,85,85,85,85,85,85,85,85,85,85,85,85,85,85,85,85,85,85,81,81,81,81,81,81,81,81,81,81,81,81,81,81,81,81,81,81,81,81,81,81,81,81,81,81,81,81,81,81,81,81,81,81,81,81,81,81,81,81,81,81,81,81,81,81,81,81,81,81,81,84,84,84,84,84,84,87,87,87,87,87,87,90,90,90,90,90,90,90,90,90,90,90,90,90,90,90,90,90,90,90,90,90,90,90,93,103,103,103,103,103,103,103,103,103,103,103,103,103,103,106,106,106,106,106,106,106,106,106,109,109,109,109,109,109,109,109,109,109,109,109],"card_choices":[{"not_picked":["Evolve","Clash","ReplayTheSpireMod:Strike From Hell"],"picked":"SKIP","floor":1},{"not_picked":["ReplayTheSpireMod:Strike From Hell","Havoc","Shrug It Off"],"picked":"SKIP","floor":3},{"not_picked":["Whirlwind","Invigoration","ReplayTheSpireMod:Stacked"],"picked":"SKIP","floor":7},{"not_picked":["Evolve","Sever Soul","Perfected Strike"],"picked":"SKIP","floor":13},{"not_picked":["Twin Strike","Anger","Iron Wave"],"picked":"SKIP","floor":14},{"not_picked":["True Grit+1","Clash+1","Cleave"],"picked":"SKIP","floor":18},{"not_picked":["Absolvement","Replay:Undeath\u0027s Touch","Clash"],"picked":"SKIP","floor":21},{"not_picked":["Sever Soul+1","Ghostly Armor+1","ReplayTheSpireMod:Strike From Hell"],"picked":"SKIP","floor":23},{"not_picked":["Armaments","Headbutt","Iron Wave+1"],"picked":"SKIP","floor":24},{"not_picked":["Cleave","ReplayTheSpireMod:Muscle Training"],"picked":"Body Slam+1","floor":27},{"not_picked":["Havoc+1","Reckless Charge","Perfected Strike+1"],"picked":"SKIP","floor":29},{"not_picked":["Seeing Red","Heavy Blade+1","Pommel Strike"],"picked":"SKIP","floor":30},{"not_picked":["CurseOfTheBell","Shame"],"picked":"CommonCold","floor":34},{"not_picked":["stsjorbsmod:Amnesia","hubris:Compulsion"],"picked":"Regret","floor":34},{"not_picked":["relicPack:TruthCard","hexamod:Haunted"],"picked":"conspire:NecroticWound","floor":34},{"not_picked":["Anger","Havoc","Pommel Strike+1"],"picked":"SKIP","floor":35},{"not_picked":["Run Through","Armaments","Thunderclap"],"picked":"SKIP","floor":39},{"not_picked":["Exhume","Armaments","Corruption"],"picked":"SKIP","floor":40},{"not_picked":["Flex","Iron Wave","Twin Strike+1"],"picked":"SKIP","floor":44},{"not_picked":["Demon Form","Perfected Strike","Combust"],"picked":"SKIP","floor":46},{"not_picked":["Clash+1","Havoc+1","Massacre+1"],"picked":"SKIP","floor":47},{"not_picked":["Defy Death","Replay:Undeath\u0027s Touch","Clothesline"],"picked":"SKIP","floor":52},{"not_picked":["ReplayTheSpireMod:Corrosion Curse","Dual Wield","Sword Boomerang"],"picked":"SKIP","floor":54},{"not_picked":["Havoc","BarbarianYell","Run Through"],"picked":"SKIP","floor":55},{"not_picked":["Heavy Blade","Flex","True Grit"],"picked":"SKIP","floor":56},{"not_picked":["Defy Death","Headbutt","Eclipse"],"picked":"SKIP","floor":61},{"not_picked":["Invigoration","Life Link","hubris:ReadiedAction"],"picked":"SKIP","floor":65},{"not_picked":["ReplayReversal","ReplayTheSpireMod:Limb From Limb","Run Through+1"],"picked":"SKIP","floor":69},{"not_picked":["hubris:ReadiedAction","Anger","Invigoration"],"picked":"SKIP","floor":71},{"not_picked":["Sentinel+1","Sword Boomerang+1","Headbutt+1"],"picked":"SKIP","floor":72},{"not_picked":["Pommel Strike+1","Heavy Blade","Cleave+1"],"picked":"SKIP","floor":73},{"not_picked":["ReplayTheSpireMod:Corrosion Curse","Cleave","Blood for Blood"],"picked":"SKIP","floor":75},{"not_picked":["ReplayTheSpireMod:Strike From Hell","Shrug It Off","Impervious"],"picked":"SKIP","floor":79},{"not_picked":["Evolve+1","Dark Embrace+1","Replay:Undeath\u0027s Touch"],"picked":"SKIP","floor":80},{"not_picked":["Clothesline","Spot Weakness+1","Replay:Undeath\u0027s Touch+1"],"picked":"SKIP","floor":82},{"not_picked":["Flex","Cleave+1","Havoc"],"picked":"SKIP","floor":86},{"not_picked":["ReplayTheSpireMod:Strike From Hell+1","Twin Strike+1","Pommel Strike"],"picked":"SKIP","floor":90},{"not_picked":["Iron Wave","ReplayReversal+1","Abandon+1"],"picked":"SKIP","floor":91},{"not_picked":["True Grit","Defy Death+1","hubris:CleavingFinish"],"picked":"SKIP","floor":92},{"not_picked":["Dual Wield+1","Abandon","Blood for Blood+1"],"picked":"SKIP","floor":93},{"not_picked":["Thunderclap+1","Entrench+1","Run Through"],"picked":"SKIP","floor":95},{"not_picked":["Second Wind","Flex","Dark Embrace"],"picked":"SKIP","floor":97},{"not_picked":["Headbutt+1","ReplayReversal","Searing Blow+1"],"picked":"SKIP","floor":99},{"not_picked":["ReplayTheSpireMod:Muscle Training","Body Slam","Blood for Blood"],"picked":"SKIP","floor":103},{"not_picked":["Feed","Sword Boomerang","Thunderclap"],"picked":"SKIP","floor":104},{"not_picked":["Seeing Red","Dual Wield","Rage"],"picked":"SKIP","floor":105},{"not_picked":["Wild Strike","Body Slam","Second Wind"],"picked":"SKIP","floor":110},{"not_picked":["Replay:Undeath\u0027s Touch","Dark Embrace","Body Slam"],"picked":"SKIP","floor":113},{"not_picked":["Flex","Heavy Blade","Invigoration"],"picked":"SKIP","floor":115},{"not_picked":["Twin Strike","hubris:CleavingFinish","ReplayTheSpireMod:LeadingStrike"],"picked":"SKIP","floor":116},{"not_picked":["Absolvement","conspire:ExplosiveBarrier+1","Run Through"],"picked":"SKIP","floor":120},{"not_picked":["Clash","Thunderclap","Feel No Pain"],"picked":"SKIP","floor":121},{"not_picked":["Warcry","Uppercut","Thunderclap"],"picked":"SKIP","floor":124},{"not_picked":["Carnage","Eclipse","ReplayTheSpireMod:Muscle Training"],"picked":"SKIP","floor":125},{"not_picked":["Twin Strike","Clothesline+1","Demon Form"],"picked":"SKIP","floor":126},{"not_picked":["Shrug It Off+1","Perfected Strike","Replay:Undeath\u0027s Touch+1"],"picked":"SKIP","floor":131},{"not_picked":["Dark Embrace","Battle Trance+1","Massacre"],"picked":"SKIP","floor":133},{"not_picked":["ReplayTheSpireMod:Strike From Hell","Thunderclap"],"picked":"Armaments+1","floor":137},{"not_picked":["Run Through+1","Wild Strike","Twin Strike"],"picked":"SKIP","floor":139},{"not_picked":["Metallicize","Thunderclap+1","Rupture+1"],"picked":"SKIP","floor":140},{"not_picked":["Replay:Many Hands","Body Slam","Wild Strike+1"],"picked":"SKIP","floor":142},{"not_picked":["hubris:ReadiedAction+1","Burning Pact+1","ReplayTheSpireMod:Limb From Limb+1"],"picked":"SKIP","floor":143},{"not_picked":["Pommel Strike+1","Heavy Blade+1","Corruption"],"picked":"SKIP","floor":147},{"not_picked":["Armaments","Cleave","Run Through+1"],"picked":"SKIP","floor":150},{"not_picked":["Armaments","Cleave","Run Through+1"],"picked":"SKIP","floor":150},{"not_picked":["True Grit+1","ReplayTheSpireMod:Muscle Training","infinitespire:OneForAll+1"],"picked":"SKIP","floor":156}],"player_experience":870197,"relics_obtained":[{"floor":7,"key":"Anchor"},{"floor":9,"key":"Bag of Marbles"},{"floor":10,"key":"Mirror"},{"floor":26,"key":"MealTicket"},{"floor":29,"key":"Blue Doll"},{"floor":40,"key":"halation:PrussianBluePaint"},{"floor":43,"key":"PreservedInsect"},{"floor":60,"key":"halation:PromiseList"},{"floor":61,"key":"Old Coin"},{"floor":77,"key":"Tiny Chest"},{"floor":79,"key":"Pen Nib"},{"floor":89,"key":"Mummified Hand"},{"floor":91,"key":"The Courier"},{"floor":93,"key":"halation:EternalFortune"},{"floor":93,"key":"Lantern"},{"floor":94,"key":"relicPack:DarknessArmor"},{"floor":98,"key":"Shuriken"},{"floor":99,"key":"halation:EternalFortune"},{"floor":109,"key":"infinitespire:EmpoweringShard"},{"floor":109,"key":"ReplayFunnel"},{"floor":110,"key":"Orichalcum"},{"floor":111,"key":"Snack Pack"},{"floor":111,"key":"hubris:CrystalStatue"},{"floor":125,"key":"Juzu Bracelet"},{"floor":126,"key":"Guardian:PocketSentry"},{"floor":127,"key":"Golden Egg"},{"floor":128,"key":"Happy Flower"},{"floor":138,"key":"MawBank"},{"floor":141,"key":"ZombieTooth"},{"floor":142,"key":"champ:DeflectingBracers"},{"floor":145,"key":"Pantograph"},{"floor":151,"key":"Dream Catcher"},{"floor":156,"key":"hubris:PeanutButter"}],"event_choices":[{"damage_healed":0,"gold_gain":0,"player_choice":"Got Potions","damage_taken":0,"max_hp_gain":0,"max_hp_loss":0,"event_name":"Lab","floor":2,"gold_loss":0},{"damage_healed":76,"gold_gain":0,"player_choice":"Upgrade","damage_taken":17,"max_hp_gain":0,"max_hp_loss":85,"event_name":"betterThird:BetterShining","floor":8,"gold_loss":0,"cards_upgraded":["Strike_R","Defend_R"]},{"damage_healed":0,"gold_gain":0,"player_choice":"Gave Potion","damage_taken":0,"relics_obtained":["infinitespire:Eraser"],"max_hp_gain":0,"max_hp_loss":0,"event_name":"WeMeetAgain","floor":19,"gold_loss":0},{"damage_healed":0,"gold_gain":0,"player_choice":"Simplicity","damage_taken":0,"max_hp_gain":0,"max_hp_loss":0,"event_name":"betterThird:BetterWriting","floor":31,"gold_loss":0},{"damage_healed":0,"gold_gain":0,"player_choice":"Max HP","damage_taken":0,"max_hp_gain":0,"max_hp_loss":4,"event_name":"Winding Halls","floor":36,"gold_loss":0},{"damage_healed":0,"gold_gain":0,"player_choice":"Bought 0 Potions","damage_taken":0,"max_hp_gain":0,"max_hp_loss":0,"event_name":"The Woman in Blue","floor":45,"gold_loss":0},{"damage_healed":0,"gold_gain":0,"player_choice":"Ignored","damage_taken":0,"max_hp_gain":0,"max_hp_loss":0,"event_name":"Transmorgrifier","floor":48,"gold_loss":0},{"damage_healed":0,"gold_gain":75,"player_choice":"Gold","damage_taken":11,"max_hp_gain":1,"max_hp_loss":0,"event_name":"betterThird:BetterGoop","floor":63,"gold_loss":0},{"damage_healed":0,"gold_gain":0,"player_choice":"Upgrade","damage_taken":0,"max_hp_gain":0,"max_hp_loss":0,"event_name":"Designer","floor":76,"gold_loss":40,"cards_upgraded":["Shrug It Off"]},{"damage_healed":0,"gold_gain":0,"player_choice":"Ignored","damage_taken":0,"max_hp_gain":0,"max_hp_loss":0,"event_name":"Tomb of Lord Red Mask","floor":88,"gold_loss":0},{"damage_healed":0,"gold_gain":0,"player_choice":"Copied","damage_taken":0,"max_hp_gain":0,"max_hp_loss":0,"event_name":"Duplicator","floor":122,"gold_loss":0,"cards_obtained":["Shrug It Off"]},{"damage_healed":0,"gold_gain":0,"player_choice":"Fight","damage_taken":0,"max_hp_gain":0,"max_hp_loss":0,"event_name":"MindBloom","floor":141,"gold_loss":0}],"is_beta":false,"boss_relics":[{"not_picked":["halation:MonkeysPaw","conspire:RunicOctahedron"],"picked":"Replay:Grab Bag"},{"not_picked":["Replay:Bronze Core","halation:IncompleteEncyclopedia"],"picked":"Philosopher\u0027s Stone"},{"not_picked":["hubris:VirtuousBlindfold","CosmicIsotope"],"picked":"Sozu"},{"not_picked":["relicPack:KazumaCape","conspire:SpecialSausage"],"picked":"hubris:Backtick"},{"not_picked":["Astrolabe","Ring of Chaos"],"picked":"Empty Cage"},{"not_picked":["Kintsugi","Honey Jar"],"picked":"Replay:Ancient Bell"},{"not_picked":["hubris:TenFootPole","Guardian:PocketSentry"],"picked":"hubris:SlimyHat"},{"not_picked":["InkBottle","Replay:Bottled Steam"],"picked":"ReplayTheSpireMod:Shallot"},{"not_picked":["Incense Burner","Turnip"],"picked":"CaptainsWheel"},{"not_picked":["Snecko Eye","energizedSpire:RedRose"],"picked":"infinitespire:Cupcake"},{"not_picked":["Replay:Grab Bag","Calling Bell"],"picked":"conspire:RunicOctahedron"},{"not_picked":["Runic Pyramid","halation:Risk"],"picked":"energizedSpire:RedRose"},{"not_picked":["halation:PinkAlligatorPlush","hubris:GrandSneckoEye"],"picked":"Coffee Dripper"},{"not_picked":["halation:PinkAlligatorPlush","ReplayTheSpireMod:DimensionalGlitch","energizedSpire:TabascoSauce"]},{"not_picked":["Abe\u0027s Treasure","Ring of Chaos","Runic Cube"],"picked":"energizedSpire:DeadBattery"},{"not_picked":["Astrolabe","Mark of Pain","Tiny House","Replay:Bronze Core"]}],"items_purged_floors":[4,11,20,28,41,53,59,70],"is_endless":true,"potions_floor_spawned":[3,13,14,16,21,23,30,39,50,54,55,65,67,69,71,72,82,91,97,99,101,104,105,115,121,125,143,150,152],"ascension_level":0}}