{"host":"6xsbn6ynqlzwllfm","time":1608145998,"event":{"mods":["2.2 Compatiblity","BaseMod","Bestiary","Colored Map","Colored Powertips","Curses Come First","Downfall","Highlight Path","Keyboard Shortcuts","Minty Spire (QoL Compilation)","Quick Restart","Relic Stats","Slay the Relics Exporter","StSLib","SuperFastMode"],"gold_per_floor":[111,186,8,8,20,49,49,76,100,130,130,146,156,29,29,105,105,119,119,119,135,149,149,180,180,180,180,62,62,79,95,95,95,95],"floor_reached":33,"playtime":965,"items_purged":["Guardian:Strike_Guardian","Guardian:Strike_Guardian","Regret"],"score":524,"play_id":"2dc76e3e-5557-45f2-8d41-b3d72832f8f2","local_time":"20201216141318","is_ascension_mode":true,"campfire_choices":[{"data":"Guardian:PolyBeam","floor":7,"key":"SMITH"},{"floor":11,"key":"REST"},{"data":"Guardian:Orbwalk","floor":15,"key":"SMITH"},{"floor":23,"key":"REST"},{"data":"Guardian:ChargeUp","floor":25,"key":"SMITH"},{"data":"Guardian:ChargeUp","floor":27,"key":"SMITH"},{"floor":32,"key":"REST"}],"circlet_count":0,"master_deck":["AscendersBane","Guardian:Strike_Guardian","Guardian:Strike_Guardian","Guardian:Defend_Guardian","Guardian:Defend_Guardian","Guardian:Defend_Guardian","Guardian:Defend_Guardian","Guardian:CurlUp","Guardian:TwinSlam","Guardian:Recover","Guardian:PrimingBeam","Guardian:PolyBeam+1","Guardian:Reroute","Guardian:PrimingBeam","Guardian:Orbwalk","Guardian:ChargeUp+1","Guardian:ChargeUp+1","Guardian:Orbwalk+1","Guardian:ExploitGems","Guardian:Recover","Guardian:Incinerate","Guardian:Planning","Guardian:TemporalShield","Guardian:PolyBeam","Guardian:Harden"],"relics":["Guardian:ModeShifter","NeowsBlessing","Smiling Mask","Nunchaku","Orichalcum","Regal Pillow","Cursed Key","Juzu Bracelet","Question Card"],"acts_visited":["Exordium","TheCity"],"potions_floor_usage":[8,10,16,22,24,33,33],"damage_taken":[{"damage":0,"enemies":"2 Louse","floor":1,"turns":2},{"damage":0,"enemies":"Small Slimes","floor":5,"turns":1},{"damage":0,"enemies":"3 Sentries","floor":6,"turns":1},{"damage":15,"enemies":"Lagavulin","floor":8,"turns":4},{"damage":16,"enemies":"3 Sentries","floor":10,"turns":7},{"damage":6,"enemies":"Cultist","floor":12,"turns":4},{"damage":11,"enemies":"Lots of Slimes","floor":13,"turns":3},{"damage":16,"enemies":"Slime Boss","floor":16,"turns":9},{"damage":16,"enemies":"Shell Parasite","floor":18,"turns":4},{"damage":12,"enemies":"2 Thieves","floor":21,"turns":4},{"damage":22,"enemies":"Snake Plant","floor":22,"turns":5},{"damage":27,"enemies":"Book of Stabbing","floor":24,"turns":5},{"damage":9,"enemies":"Shelled Parasite and Fungi","floor":30,"turns":5},{"damage":16,"enemies":"Centurion and Healer","floor":31,"turns":7},{"damage":67,"enemies":"Automaton","floor":33,"turns":8}],"seed_played":"-9056426794299773142","potions_obtained":[{"floor":5,"key":"SteroidPotion"},{"floor":6,"key":"Energy Potion"},{"floor":8,"key":"Fruit Juice"},{"floor":13,"key":"BlessingOfTheForge"},{"floor":21,"key":"Guardian:AcceleratePotion"},{"floor":22,"key":"BlessingOfTheForge"},{"floor":24,"key":"Explosive Potion"}],"is_trial":false,"path_per_floor":["M","?","$","?","M","E","R","E","T","E","R","M","M","$","R","B",null,"M","T","?","M","M","R","E","R","T","R","$","?","M","M","R","B"],"character_chosen":"GUARDIAN","items_purchased":["Guardian:PrimingBeam","Guardian:PolyBeam","Guardian:Orbwalk","Guardian:PolyBeam"],"campfire_rested":3,"item_purchase_floors":[3,3,14,28],"current_hp_per_floor":[65,54,54,54,54,54,54,39,39,23,59,53,42,42,42,26,61,45,45,69,57,35,71,49,49,49,49,49,49,40,24,62,0,0],"gold":95,"neow_bonus":"THREE_ENEMY_KILL","is_daily":false,"chose_seed":false,"campfire_upgraded":4,"win_rate":0.0,"timestamp":1608145998,"path_taken":["M","?","$","?","M","E","R","E","T","E","R","?","M","?","R","BOSS","M","?","?","M","M","R","E","R","T","R","?","?","M","M","R","BOSS"],"items_purchased_type":["Card","Card","Card","Card"],"build_version":"2020-12-13","purchased_purges":3,"victory":false,"max_hp_per_floor":[72,72,72,72,72,72,72,72,72,72,72,72,72,72,72,72,72,72,72,72,72,72,72,77,77,77,77,77,77,77,77,77,77,77],"relic_stats":{"Nunchaku":[11],"Regal Pillow":45,"counters":[15,69],"Juzu Bracelet":0,"Orichalcum":[24],"Smiling Mask":125,"Cursed Key":1,"Question Card":2,"obtain_stats":[{"Nunchaku":8,"Regal Pillow":10,"NeowsBlessing":0,"Guardian:ModeShifter":0,"Juzu Bracelet":24,"Orichalcum":9,"Smiling Mask":6,"Cursed Key":17,"Question Card":26},{"Nunchaku":4,"Regal Pillow":5,"NeowsBlessing":0,"Guardian:ModeShifter":0,"Juzu Bracelet":12,"Orichalcum":4,"Smiling Mask":3,"Cursed Key":8,"Question Card":12},{"Nunchaku":8,"Regal Pillow":15,"NeowsBlessing":0,"Guardian:ModeShifter":0,"Juzu Bracelet":49,"Orichalcum":8,"Smiling Mask":4,"Cursed Key":31,"Question Card":49}]},"card_choices":[{"not_picked":["Guardian:RollAttack","Guardian:Gem_Yellow"],"picked":"Guardian:Recover","floor":1},{"not_picked":["Guardian:Gem_White","Guardian:Gem_Purple"],"picked":"Guardian:Reroute","floor":5},{"not_picked":["Guardian:Reroute","Guardian:ShieldCharger"],"picked":"Guardian:PrimingBeam","floor":6},{"not_picked":["Guardian:FastForward","Guardian:TimeBomb"],"picked":"Guardian:Orbwalk","floor":8},{"not_picked":["Guardian:TemporalShield","Guardian:PiercingHide"],"picked":"Guardian:ChargeUp","floor":10},{"not_picked":["Guardian:RefractedBeam","Guardian:Gem_Lightblue"],"picked":"Guardian:ChargeUp","floor":12},{"not_picked":["Guardian:WalkerClaw","Guardian:PrismaticBarrier","Guardian:Gem_Lightblue"],"picked":"SKIP","floor":13},{"not_picked":["Guardian:Gem_Orange","Guardian:GemFinder"],"picked":"Guardian:ExploitGems","floor":16},{"not_picked":["Guardian:DonusPower","Guardian:ChargeCore"],"picked":"Guardian:Recover","floor":18},{"not_picked":["Guardian:FloatingOrbs","Guardian:Orbwalk"],"picked":"Guardian:Incinerate","floor":21},{"not_picked":["Guardian:Suspension","Guardian:ShieldSpikes"],"picked":"Guardian:Planning","floor":22},{"not_picked":["Guardian:ArmoredProtocol","Guardian:Gem_Lightblue"],"picked":"Guardian:TemporalShield","floor":24},{"not_picked":["Guardian:Harden","Guardian:ShieldSpikes","Guardian:Recover"],"picked":"Guardian:Gem_Purple","floor":30},{"not_picked":["Guardian:Suspension","Guardian:Reroute+1","Guardian:Gem_Green"],"picked":"Guardian:Harden","floor":31}],"player_experience":1229313,"relics_obtained":[{"floor":6,"key":"Smiling Mask"},{"floor":8,"key":"Nunchaku"},{"floor":9,"key":"Orichalcum"},{"floor":10,"key":"Regal Pillow"},{"floor":24,"key":"Juzu Bracelet"},{"floor":26,"key":"Question Card"}],"event_choices":[{"damage_healed":0,"gold_gain":75,"player_choice":"Gather Gold","damage_taken":11,"max_hp_gain":0,"max_hp_loss":0,"event_name":"World of Goop","floor":2,"gold_loss":0},{"damage_healed":24,"gold_gain":0,"player_choice":"Heal","damage_taken":0,"max_hp_gain":0,"max_hp_loss":0,"event_name":"The Library","floor":20,"gold_loss":0},{"damage_healed":0,"gold_gain":0,"player_choice":"Ignored","damage_taken":0,"max_hp_gain":0,"max_hp_loss":0,"event_name":"Ghosts","floor":29,"gold_loss":0}],"is_beta":false,"boss_relics":[{"not_picked":["Snecko Eye","Velvet Choker"],"picked":"Cursed Key"}],"items_purged_floors":[3,14,28],"is_endless":false,"potions_floor_spawned":[5,6,8,13,21,22,24,31],"killed_by":"Automaton","ascension_level":14}}