{"host":"sav7uxregyirlf69","time":1608085689,"event":{"mods":["AchievementEnabler","BaseMod","Colored Map","DeckTracker","Keyboard Shortcuts","Minty Spire (QoL Compilation)","READ ME - Guardian Mod","StSLib","SuperFastMode"],"gold_per_floor":[112,124,142,142,102,102,102,102,102],"floor_reached":8,"playtime":197,"items_purged":[],"score":92,"play_id":"48f48ae4-1538-46fa-b9d3-251e959e64c3","local_time":"20201216112809","is_ascension_mode":true,"campfire_choices":[{"data":"Dualcast","floor":6,"key":"SMITH"}],"circlet_count":0,"master_deck":["AscendersBane","Strike_B","Strike_B","Defend_B","Defend_B","Zap","Dualcast+1","Creative AI+1","Multi-Cast+1","Glacier+1","Heatsinks","Recycle+1","Conserve Battery","Cold Snap"],"relics":["Astrolabe"],"acts_visited":["Exordium"],"potions_floor_usage":[],"damage_taken":[{"damage":1,"enemies":"Small Slimes","floor":1,"turns":7},{"damage":4,"enemies":"2 Louse","floor":2,"turns":4},{"damage":15,"enemies":"Cultist","floor":3,"turns":7},{"damage":0,"enemies":"Looter","floor":5,"turns":4},{"damage":74,"enemies":"Gremlin Nob","floor":8,"turns":4}],"seed_played":"-3054910562455498297","potions_obtained":[{"floor":1,"key":"ColorlessPotion"},{"floor":2,"key":"Block Potion"},{"floor":3,"key":"FocusPotion"}],"is_trial":false,"path_per_floor":["M","M","M","?","M","R","?","E"],"character_chosen":"DEFECT","items_purchased":[],"campfire_rested":0,"item_purchase_floors":[],"current_hp_per_floor":[63,59,44,44,44,44,37,0,0],"gold":102,"neow_bonus":"BOSS_RELIC","is_daily":false,"chose_seed":false,"campfire_upgraded":1,"win_rate":0.0,"timestamp":1608085689,"path_taken":["M","M","M","?","M","R","?","E"],"items_purchased_type":[],"build_version":"2020-12-13","purchased_purges":0,"victory":false,"max_hp_per_floor":[71,71,71,71,71,71,71,71,71],"card_choices":[{"not_picked":["Conserve Battery","Sunder"],"picked":"Heatsinks","floor":1},{"not_picked":["FTL","Redo"],"picked":"Recycle","floor":2},{"not_picked":["Beam Cell","Reprogram"],"picked":"Conserve Battery","floor":3},{"not_picked":["Rip and Tear","Steam"],"picked":"Cold Snap","floor":5}],"player_experience":918022,"relics_obtained":[],"event_choices":[{"damage_healed":0,"gold_gain":0,"player_choice":"Grow","damage_taken":0,"max_hp_gain":0,"max_hp_loss":0,"event_name":"Living Wall","floor":4,"gold_loss":0,"cards_upgraded":["Recycle"]},{"cards_removed":["Defend_B"],"damage_healed":0,"gold_gain":0,"player_choice":"Card Removal","damage_taken":7,"max_hp_gain":0,"max_hp_loss":0,"event_name":"Golden Wing","floor":7,"gold_loss":0}],"is_beta":false,"boss_relics":[],"items_purged_floors":[],"is_endless":false,"potions_floor_spawned":[1,2,3],"killed_by":"Gremlin Nob","ascension_level":20}}