{"host":"ok3pmhc1fiz31noj","time":1608133983,"event":{"mods":["AchievementEnabler","BaseMod","Colored Map","Minty Spire (QoL Compilation)","Quick Restart","Replay The Spire","StSLib"],"gold_per_floor":[116,45,57,27,43,71,123,2,50,62,108,132,144,168,180,292,304,328,351,288,300,312,324,365,394,406,57,57,57,57,71,71,176,176,195,0,0,0,13,13,43,43,92,92,109,109,109,141,141,141],"floor_reached":51,"playtime":1971,"items_purged":["Defend_G","Injury"],"score":1128,"play_id":"4aa07b56-040e-4d2a-b0bb-e54e1a7aaac5","local_time":"20201216235303","is_ascension_mode":true,"campfire_choices":[{"data":"Blade Dance","floor":10,"key":"SMITH"},{"data":"Blade Dance","floor":13,"key":"SMITH"},{"data":"Cloak And Dagger","floor":15,"key":"SMITH"},{"data":"Storm of Steel","floor":23,"key":"SMITH"},{"data":"Infinite Blades","floor":28,"key":"SMITH"},{"floor":32,"key":"REST"},{"data":"Phantasmal Killer","floor":40,"key":"SMITH"},{"data":"Accuracy","floor":42,"key":"SMITH"},{"floor":44,"key":"REST"},{"floor":49,"key":"REST"}],"circlet_count":0,"master_deck":["Strike_G+1","Strike_G+1","Strike_G+1","Defend_G","Defend_G","Defend_G","Defend_G","Survivor","Cloak And Dagger+1","Infinite Blades+1","Blade Dance+1","Outmaneuver","Blade Dance+1","Hidden Blade","Storm of Steel+1","ReplayTheSpireMod:Scrap Shanks","Endless Agony","Accuracy+1","Tactician","Phantasmal Killer+1","Blade Dance+1","Dark Shackles","Chrysalis","Thinking Ahead","Blade Dance","ReplayTheSpireMod:Splinters","Accuracy+1","Madness","Madness","Night Terror+1"],"relics":["Ring of the Snake","NeowsBlessing","ReplayTheSpireMod:Lightbulb","White Beast Statue","MawBank","HornCleat","Cursed Key","Ninja Scroll","Mirror","Ancient Tea Set","Replay:Bottled Eggs","Ring of Panic","Ring of Misfortune","Replay:Drink Me","Red Mask","Replay:Wax Seal","Orichalcum","Gremlin Food"],"acts_visited":["Exordium","TheCity","TheBeyond"],"potions_floor_usage":[6,6,6,6,6,11,11,16,16,24,24,25,31,33,33,39,39,41,48,50,50],"damage_taken":[{"damage":0,"enemies":"Small Slimes","floor":1,"turns":1},{"damage":0,"enemies":"Cultist","floor":3,"turns":1},{"damage":0,"enemies":"Jaw Worm","floor":5,"turns":1},{"damage":11,"enemies":"3 Sentries","floor":6,"turns":5},{"damage":0,"enemies":"Gremlin Nob","floor":11,"turns":3},{"damage":7,"enemies":"Exordium Thugs","floor":12,"turns":5},{"damage":7,"enemies":"Exordium Wildlife","floor":14,"turns":4},{"damage":0,"enemies":"Slime Boss","floor":16,"turns":6},{"damage":6,"enemies":"Chosen","floor":18,"turns":5},{"damage":0,"enemies":"Shell Parasite","floor":19,"turns":3},{"damage":33,"enemies":"Book of Stabbing","floor":24,"turns":5},{"damage":0,"enemies":"3 Cultists","floor":25,"turns":4},{"damage":18,"enemies":"Shelled Parasite and Fungi","floor":31,"turns":2},{"damage":32,"enemies":"Pondfish","floor":33,"turns":9},{"damage":11,"enemies":"3 Shapes","floor":35,"turns":2},{"damage":0,"enemies":"3 Darklings","floor":39,"turns":3},{"damage":15,"enemies":"Giant Head","floor":41,"turns":6},{"damage":27,"enemies":"Sphere and 2 Shapes","floor":45,"turns":3},{"damage":6,"enemies":"Nemesis","floor":48,"turns":3},{"damage":41,"enemies":"Donu and Deca","floor":50,"turns":5}],"seed_played":"6560681145784741416","potions_obtained":[{"floor":1,"key":"Strength Potion"},{"floor":4,"key":"SkillPotion"},{"floor":4,"key":"ColorlessPotion"},{"floor":7,"key":"Ancient Potion"},{"floor":11,"key":"CultistPotion"},{"floor":12,"key":"CunningPotion"},{"floor":16,"key":"Adrenaline Potion"},{"floor":18,"key":"Ancient Potion"},{"floor":19,"key":"EssenceOfSteel"},{"floor":24,"key":"PowerPotion"},{"floor":25,"key":"LiquidMemories"},{"floor":31,"key":"Strength Potion"},{"floor":33,"key":"Regen Potion"},{"floor":35,"key":"SteroidPotion"},{"floor":39,"key":"Adrenaline Potion"},{"floor":41,"key":"Weak Potion"},{"floor":45,"key":"DistilledChaos"},{"floor":48,"key":"LiquidMemories"}],"is_trial":false,"path_per_floor":["M","$","M","?","M","E","?","$","T","R","E","M","R","M","R","B",null,"M","M","?","T","?","R","E","M","T","$","R","?","?","M","R","B",null,"M","?","?","$","M","R","E","R","T","R","M","?","?","E","R","B",null],"character_chosen":"THE_SILENT","items_purchased":["Infinite Blades","Blade Dance","Replay:Bottled Eggs"],"campfire_rested":3,"item_purchase_floors":[2,8,27],"current_hp_per_floor":[70,70,70,70,70,59,59,59,59,59,59,52,52,45,45,45,70,64,64,64,64,64,64,31,31,31,31,31,31,31,13,34,2,53,42,42,32,32,41,41,26,26,26,41,14,46,40,34,46,5],"gold":141,"neow_bonus":"THREE_ENEMY_KILL","is_daily":false,"chose_seed":false,"campfire_upgraded":7,"win_rate":0.0,"timestamp":1608133983,"path_taken":["M","$","M","?","?","E","?","?","T","R","E","M","R","M","R","BOSS","M","M","?","?","?","R","E","?","T","$","R","?","?","M","R","BOSS","M","?","?","?","M","R","E","R","T","R","M","?","?","E","R","BOSS"],"items_purchased_type":["Card","Card","Relic"],"build_version":"2020-12-13","purchased_purges":2,"victory":true,"max_hp_per_floor":[70,70,70,70,70,70,70,70,70,70,70,70,70,70,70,70,70,70,70,70,70,70,70,70,70,70,70,70,70,70,70,70,70,53,53,53,53,53,53,53,53,53,53,53,53,46,46,46,46,46],"card_choices":[{"not_picked":["Sneak Up","Noxious Fumes"],"picked":"Cloak And Dagger","floor":1},{"not_picked":["Skewer","ReplayTheSpireMod:The Works"],"picked":"Blade Dance","floor":3},{"not_picked":["Sucker Punch","Slice","Dagger Throw"],"picked":"SKIP","floor":5},{"not_picked":["Dash","Escape Plan"],"picked":"Outmaneuver","floor":6},{"not_picked":["Backflip","Calculated Gamble","Prepared"],"picked":"SKIP","floor":11},{"not_picked":["Concentrate","Bane"],"picked":"Hidden Blade","floor":12},{"not_picked":["Poison Darts","Dodge and Roll","Sucker Punch"],"picked":"SKIP","floor":14},{"not_picked":["Atom Bomb","Phantasmal Killer"],"picked":"Storm of Steel","floor":16},{"not_picked":["Calculated Gamble","Masterful Stab+1"],"picked":"ReplayTheSpireMod:Scrap Shanks","floor":18},{"not_picked":["Quick Slash","Backflip"],"picked":"Endless Agony","floor":19},{"not_picked":["Catalyst+1","Blade Dance"],"picked":"Accuracy","floor":24},{"not_picked":["ReplayTheSpireMod:Tripwire","Deadly Poison","Hidden Blade+1"],"picked":"SKIP","floor":25},{"not_picked":["Masterful Stab","Deflect"],"picked":"Tactician","floor":31},{"not_picked":["A Thousand Cuts","Die Die Die"],"picked":"Phantasmal Killer","floor":33},{"not_picked":["Outmaneuver+1","Reflex+1"],"picked":"Blade Dance+1","floor":35},{"not_picked":["Blind","ReplayTheSpireMod:Uncanny Aura"],"picked":"Dark Shackles","floor":37},{"not_picked":["Jack Of All Trades","Transmutation"],"picked":"Chrysalis","floor":37},{"not_picked":["Flash of Steel","Enlightenment"],"picked":"Thinking Ahead","floor":37},{"not_picked":["Dagger Throw","Toxin Wave"],"picked":"Blade Dance","floor":39},{"not_picked":["Underhanded Strike","Dagger Throw+1","Choke+1"],"picked":"SKIP","floor":41},{"not_picked":["Cloak And Dagger+1","ReplayTheSpireMod:Shiv Toss+1"],"picked":"Accuracy+1","floor":45},{"not_picked":["Escape Plan","Quick Slash"],"picked":"Night Terror","floor":48}],"player_experience":121649,"relics_obtained":[{"floor":6,"key":"ReplayTheSpireMod:Lightbulb"},{"floor":7,"key":"White Beast Statue"},{"floor":9,"key":"MawBank"},{"floor":11,"key":"HornCleat"},{"floor":21,"key":"Ninja Scroll"},{"floor":24,"key":"Mirror"},{"floor":26,"key":"Ancient Tea Set"},{"floor":30,"key":"Ring of Panic"},{"floor":30,"key":"Ring of Misfortune"},{"floor":41,"key":"Replay:Wax Seal"},{"floor":43,"key":"Orichalcum"},{"floor":48,"key":"Gremlin Food"}],"event_choices":[{"damage_healed":0,"gold_gain":0,"player_choice":"Bought 2 Potions","damage_taken":0,"max_hp_gain":0,"max_hp_loss":0,"event_name":"The Woman in Blue","floor":4,"gold_loss":0},{"cards_removed":["Neutralize"],"damage_healed":0,"gold_gain":0,"player_choice":"Gave Gold","damage_taken":0,"max_hp_gain":0,"max_hp_loss":0,"event_name":"Beggar","floor":20,"gold_loss":75},{"cards_removed":["Voices"],"damage_healed":0,"gold_gain":0,"player_choice":"Removed Curses","damage_taken":0,"max_hp_gain":0,"max_hp_loss":0,"event_name":"Fountain of Cleansing","floor":22,"gold_loss":0},{"damage_healed":0,"gold_gain":0,"player_choice":"Paid","damage_taken":0,"relics_obtained":["Red Mask"],"max_hp_gain":0,"max_hp_loss":0,"event_name":"Tomb of Lord Red Mask","floor":36,"gold_loss":195},{"damage_healed":0,"gold_gain":0,"player_choice":"Memory 3","damage_taken":10,"max_hp_gain":0,"max_hp_loss":0,"event_name":"SensoryStone","floor":37,"gold_loss":0},{"damage_healed":46,"gold_gain":0,"player_choice":"Heal","damage_taken":0,"max_hp_gain":0,"max_hp_loss":7,"event_name":"The Moai Head","floor":46,"gold_loss":0},{"damage_healed":0,"gold_gain":0,"player_choice":"Embrace Madness","damage_taken":6,"max_hp_gain":0,"max_hp_loss":0,"event_name":"Winding Halls","floor":47,"gold_loss":0,"cards_obtained":["Madness","Madness"]}],"is_beta":false,"boss_relics":[{"not_picked":["Painkiller Herb","Sozu"],"picked":"Cursed Key"},{"not_picked":["Replay:Bronze Core","Busted Crown"],"picked":"Replay:Drink Me"}],"items_purged_floors":[8,27],"is_endless":false,"potions_floor_spawned":[1,11,12,14,16,18,19,24,25,31,33,35,39,41,45,48],"ascension_level":1}}