{"host":"BK","time":1608089194,"event":{"mods":["BaseMod","Highlight Path","Minty Spire (QoL Compilation)","StSLib"],"gold_per_floor":[111,123,140,52,67,67,95,111,111,111,138,153,153,187,187,262,262,282,298,298,314,334,334,334,334],"floor_reached":24,"playtime":998,"items_purged":[],"score":440,"play_id":"73761fed-a6c5-4652-954d-0cc063b8dabb","local_time":"20201215202634","is_ascension_mode":true,"campfire_choices":[{"floor":6.0,"key":"REST"},{"floor":10.0,"key":"REST"},{"floor":13,"key":"REST"},{"floor":15,"key":"RECALL"},{"floor":23,"key":"REST"}],"circlet_count":0,"master_deck":["AscendersBane","Strike_R","Strike_R","Strike_R","Strike_R","Defend_R","Defend_R","Defend_R","Defend_R","Bash","Blood for Blood","Anger","Metallicize","Spot Weakness","Inflame","Offering","Dropkick","Armaments","Power Through","Immolate","CurseOfTheBell","Sword Boomerang+1","Shrug It Off","Iron Wave","Burning Pact+1"],"relics":["Fusion Hammer","Self Forming Clay","Du-Vu Doll","Sundial","Calling Bell","Anchor","Matryoshka","Turnip"],"acts_visited":["Exordium","TheCity"],"potions_floor_usage":[12,18,24],"damage_taken":[{"damage":2.0,"enemies":"Jaw Worm","floor":1.0,"turns":3.0},{"damage":0.0,"enemies":"Cultist","floor":2.0,"turns":3.0},{"damage":5.0,"enemies":"Small Slimes","floor":3.0,"turns":3.0},{"damage":20.0,"enemies":"3 Louse","floor":5.0,"turns":3.0},{"damage":32.0,"enemies":"Gremlin Nob","floor":7.0,"turns":4.0},{"damage":3.0,"enemies":"Looter","floor":8.0,"turns":4.0},{"damage":23.0,"enemies":"3 Sentries","floor":11.0,"turns":6.0},{"damage":9,"enemies":"Lots of Slimes","floor":12,"turns":4},{"damage":14,"enemies":"Lagavulin","floor":14,"turns":6},{"damage":17,"enemies":"Hexaghost","floor":16,"turns":8},{"damage":10,"enemies":"2 Thieves","floor":18,"turns":4},{"damage":1,"enemies":"Spheric Guardian","floor":19,"turns":4},{"damage":6,"enemies":"Centurion and Healer","floor":21,"turns":5},{"damage":32,"enemies":"Shelled Parasite and Fungi","floor":22,"turns":5},{"damage":39,"enemies":"Book of Stabbing","floor":24,"turns":4}],"seed_played":"-6625661655582484750","potions_obtained":[{"floor":2.0,"key":"Energy Potion"},{"floor":7.0,"key":"BloodPotion"},{"floor":12,"key":"Block Potion"},{"floor":22,"key":"BlessingOfTheForge"}],"is_trial":false,"path_per_floor":["M","M","M","$","M","R","E","M","T","R","E","M","R","E","R","B",null,"M","M","?","M","M","R","E"],"character_chosen":"IRONCLAD","items_purchased":["Spot Weakness"],"campfire_rested":4,"item_purchase_floors":[4],"current_hp_per_floor":[66,66,61,61,41,63,31,28,28,50,27,33,55,41,41,24,62,52,51,51,45,13,35,0,0],"gold":334,"neow_bonus":"BOSS_RELIC","is_daily":false,"chose_seed":false,"campfire_upgraded":0,"win_rate":0.0,"timestamp":1608089194,"path_taken":["M","M","M","$","M","R","E","M","T","R","E","M","R","E","R","BOSS","M","M","?","M","M","R","E"],"items_purchased_type":["Card"],"build_version":"2020-12-07","purchased_purges":0,"victory":false,"max_hp_per_floor":[75,75,75,75,75,75,75,75,75,75,75,75,75,75,75,75,75,75,75,75,75,75,75,75,75],"card_choices":[{"not_picked":["Warcry","Flex"],"picked":"Blood for Blood","floor":1.0},{"not_picked":["Clash","Heavy Blade"],"picked":"Anger","floor":2.0},{"not_picked":["Warcry","Feel No Pain"],"picked":"Metallicize","floor":3.0},{"not_picked":["Headbutt","Body Slam"],"picked":"Inflame","floor":5.0},{"not_picked":["Twin Strike","Body Slam"],"picked":"Offering","floor":7.0},{"not_picked":["Clash","Body Slam"],"picked":"Dropkick","floor":8.0},{"not_picked":["Iron Wave","Cleave"],"picked":"Armaments","floor":11},{"not_picked":["Clash","Heavy Blade"],"picked":"Power Through","floor":12},{"not_picked":["Blood for Blood","Rage","Power Through"],"picked":"SKIP","floor":14},{"not_picked":["Double Tap","Feed"],"picked":"Immolate","floor":16},{"not_picked":["True Grit","Anger"],"picked":"Sword Boomerang+1","floor":18},{"not_picked":["Cleave+1","Clothesline"],"picked":"Shrug It Off","floor":19},{"not_picked":["Clash","Power Through","Iron Wave"],"picked":"SKIP","floor":21},{"not_picked":["Clash","Power Through"],"picked":"Iron Wave","floor":21},{"not_picked":["Havoc","Infernal Blade"],"picked":"Burning Pact+1","floor":22}],"player_experience":2365844,"relics_obtained":[{"floor":9.0,"key":"Self Forming Clay"},{"floor":11,"key":"Du-Vu Doll"},{"floor":14,"key":"Sundial"},{"floor":17,"key":"Anchor"},{"floor":17,"key":"Matryoshka"},{"floor":17,"key":"Turnip"}],"event_choices":[{"cards_removed":["Strike_R"],"damage_healed":0,"gold_gain":0,"player_choice":"Offered Basic","damage_taken":0,"max_hp_gain":0,"max_hp_loss":0,"event_name":"Bonfire Elementals","floor":20,"gold_loss":0}],"is_beta":true,"boss_relics":[{"not_picked":["Busted Crown","Snecko Eye"],"picked":"Calling Bell"}],"items_purged_floors":[],"is_endless":false,"potions_floor_spawned":[2,7,8,12,16,22],"killed_by":"Book of Stabbing","ascension_level":20}}