{"host":"l8lm1goh5xm9tkuw","time":1608111652,"event":{"mods":["Act Like it!","Alarm Clock","Astrologer","BaseMod","Colored Map","Colored Powertips","GungeonMod","Hermit","KinomotoSakuraMod(Ä¾Ö®±¾Ó£)","KomeijiMod","Library of Ruina","Library of Ruina Extra","Lobotomy","LobotomyExtend","Marisa£¨ìFÓê¡¡Ä§ÀíÉ³£©","Minty Spire (QoL Compilation)","MostiFishMod","Quick Restart","Replay The Spire","Shade Mod","StSLib","TestMod","The Animator","The Bug Knight","The Hierophant","UnlockEverythingMod","vexMod","¡¾ÒÅÎï¿¨ÅÆ¡¿REMEMod"],"gold_per_floor":[110,110,125,150,150,193,193,224,224,258,258,273,293,316,316,409,409,427,427,446,459,474,513,513,563,611,611,611,663,663,679,679,793,793,825,825,848,402,425,470,470,476,476],"floor_reached":42,"playtime":1661,"items_purged":["Strike_G"],"score":1416,"play_id":"407bded9-9666-4611-838d-1df55d8fc0a4","local_time":"20201216174052","is_ascension_mode":true,"campfire_choices":[{"data":"Calculated Gamble","floor":7.0,"key":"SMITH"},{"data":"Prepared","floor":11.0,"key":"SMITH"},{"data":"Hidden Blade","floor":15.0,"key":"SMITH"},{"data":"Prepared","floor":24.0,"key":"SMITH"},{"data":"Tactician","floor":27.0,"key":"SMITH"},{"data":"Tools of the Trade","floor":30.0,"key":"SMITH"},{"data":"MostiFishMod:LethalBlade","floor":32.0,"key":"SMITH"},{"data":"MostiFishMod:Opportunism","floor":41.0,"key":"SMITH"}],"circlet_count":0,"master_deck":["AscendersBane","Strike_G","Strike_G","Strike_G","Strike_G","Defend_G","Defend_G","Defend_G","Defend_G","Defend_G","Survivor","Neutralize","PiercingWail","ReplayTheSpireMod:Scrap Shanks","Infinite Blades+1","MostiFishMod:LethalBlade+1","Calculated Gamble+1","Prepared+1","Escape Plan","Blade Dance","Hidden Blade+1","Tools of the Trade+1","Prepared+1","Tactician+1","Cloak And Dagger","Eviscerate","MostiFishMod:Opportunism+1","Backflip","Backflip"],"relics":["DaveBox","testmod-TestBox","REME_ComplimentaryCards","RhineSuit","testmod-CrystalShield","WristBlade","Question Card","LetterFromLob","Golden Idol","Onion Ring","Paper Crane","Pear","ImportantClient","testmod-Nine","testmod-Acrobat","PageOfTheKnightOfDespair","PageOfTheQueenOfHatred","PageOfGreed","RhineCircuit","vexMod:GhostlyGear","Counterbalance","PageOfWrath"],"acts_visited":["Exordium","TheCity","TheBeyond"],"potions_floor_usage":[],"damage_taken":[{"damage":0.0,"enemies":"Small Slimes","floor":1.0,"turns":3.0},{"damage":0.0,"enemies":"2 Louse","floor":3.0,"turns":3.0},{"damage":0.0,"enemies":"Cultist","floor":4.0,"turns":3.0},{"damage":23.0,"enemies":"Gremlin Nob","floor":6.0,"turns":4.0},{"damage":10.0,"enemies":"3 Sentries","floor":8.0,"turns":4.0},{"damage":0.0,"enemies":"Lagavulin","floor":10.0,"turns":4.0},{"damage":7.0,"enemies":"Exordium Thugs","floor":12.0,"turns":3.0},{"damage":0.0,"enemies":"Red Slaver","floor":13.0,"turns":2.0},{"damage":0.0,"enemies":"Looter","floor":14.0,"turns":2.0},{"damage":0.0,"enemies":"Slime Boss","floor":16.0,"turns":2.0},{"damage":11.0,"enemies":"Shell Parasite","floor":18.0,"turns":2.0},{"damage":11.0,"enemies":"3 Byrds","floor":20.0,"turns":3.0},{"damage":17.0,"enemies":"Shelled Parasite and Fungi","floor":21.0,"turns":3.0},{"damage":0.0,"enemies":"Snake Plant","floor":22.0,"turns":3.0},{"damage":0.0,"enemies":"Book of Stabbing","floor":23.0,"turns":3.0},{"damage":0.0,"enemies":"Gremlin Leader","floor":25.0,"turns":3.0},{"damage":0.0,"enemies":"Book of Stabbing","floor":29.0,"turns":3.0},{"damage":1.0,"enemies":"Snecko","floor":31.0,"turns":2.0},{"damage":10.0,"enemies":"RedHoodMercenary","floor":33.0,"turns":5.0},{"damage":0.0,"enemies":"3 Darklings","floor":35.0,"turns":4.0},{"damage":0.0,"enemies":"Orb Walker","floor":37.0,"turns":2.0},{"damage":0.0,"enemies":"4 Shapes","floor":39.0,"turns":3.0},{"damage":23.0,"enemies":"Reptomancer","floor":40.0,"turns":3.0},{"damage":45,"enemies":"Orin","floor":42,"turns":3}],"seed_played":"4445898773962071214","potions_obtained":[{"floor":3.0,"key":"SpeedPotion"},{"floor":10.0,"key":"DuplicationPotion"},{"floor":12.0,"key":"Swift Potion"},{"floor":21.0,"key":"GhostInAJar"},{"floor":25.0,"key":"PowerPotion"},{"floor":31.0,"key":"FearPotion"},{"floor":36.0,"key":"Reflective Coating"}],"is_trial":false,"path_per_floor":["M","?","M","M","?","E","R","E","T","E","R","M","M","M","R","B",null,"M","?","M","M","M","E","R","E","T","R","?","E","R","M","R","B",null,"M","?","M","$","M","E","R","?"],"character_chosen":"THE_SILENT","items_purchased":["vexMod:GhostlyGear","Counterbalance"],"campfire_rested":0,"item_purchase_floors":[38,38],"current_hp_per_floor":[59,59,59,59,59,36,36,26,26,36,36,29,29,29,29,29,60,49,49,38,21,21,21,21,21,21,21,33,33,33,32,32,28,60,60,60,62,62,66,45,45,0,0],"gold":476,"neow_bonus":"BOSS_RELIC","is_daily":false,"chose_seed":false,"campfire_upgraded":8,"win_rate":0.0,"timestamp":1608111652,"path_taken":["M","?","M","M","?","E","R","E","T","E","R","M","M","?","R","BOSS","M","?","M","?","M","E","R","E","T","R","?","E","R","M","R","BOSS","M","?","M","$","?","E","R","?"],"items_purchased_type":["Relic","Relic"],"build_version":"2020-12-13","purchased_purges":1,"victory":false,"max_hp_per_floor":[66,60,60,60,60,60,60,60,60,70,70,70,70,70,70,70,70,70,70,70,70,70,70,70,70,70,70,70,70,70,70,70,70,70,70,70,70,70,70,70,70,43,43],"card_choices":[{"not_picked":["Poisoned Stab","MostiFishMod:ThornCasing"],"picked":"PiercingWail","floor":1.0},{"not_picked":["Skewer","Accuracy","Quick Slash"],"picked":"ReplayTheSpireMod:Scrap Shanks","floor":3.0},{"not_picked":["Cloak And Dagger","MostiFishMod:InvigoratingSolution","Quick Slash"],"picked":"Infinite Blades","floor":4.0},{"not_picked":["PiercingWail","Backstab","Bane"],"picked":"Calculated Gamble","floor":6.0},{"not_picked":["Outmaneuver","Concentrate","MostiFishMod:PoisonShield"],"picked":"Prepared","floor":8.0},{"not_picked":["Setup","MostiFishMod:InvigoratingSolution","REME_ShadowStrike"],"picked":"Die Die Die","floor":10.0},{"not_picked":["MostiFishMod:PoisonShield","Prepared","Bane"],"picked":"Escape Plan","floor":12.0},{"not_picked":["Dash","Leg Sweep","Cloak And Dagger"],"picked":"Blade Dance","floor":13.0},{"not_picked":["Underhanded Strike","Sucker Punch","Dagger Throw"],"picked":"Hidden Blade","floor":14.0},{"not_picked":["Envenom","MostiFishMod:GrandStart","Die Die Die"],"picked":"Tools of the Trade","floor":16.0},{"not_picked":["Dodge and Roll","MostiFishMod:PerfectParry","Flying Knee","Bane"],"picked":"SKIP","floor":18.0},{"not_picked":["Crippling Poison","Backstab","Sucker Punch"],"picked":"Prepared","floor":20.0},{"not_picked":["Dagger Throw","Choke","Predator"],"picked":"Tactician","floor":21.0},{"not_picked":["ReplayTheSpireMod:Tripwire","Blade Dance","Deadly Poison","Poisoned Stab"],"picked":"SKIP","floor":22.0},{"not_picked":["Outmaneuver","Terror","ReplayTheSpireMod:From All Sides"],"picked":"Cloak And Dagger","floor":23.0},{"not_picked":["Backflip","REME_ShadowForm","ReplayTheSpireMod:Speed Training","MostiFishMod:PerfectParry"],"picked":"SKIP","floor":25.0},{"not_picked":["MostiFishMod:VineMother","Toxin Wave+1","Poisoned Stab"],"picked":"Eviscerate","floor":29.0},{"not_picked":["Fluid Movement","ReplayTheSpireMod:Speed Training","Underhanded Strike","Corpse Explosion"],"picked":"SKIP","floor":31.0},{"not_picked":["Burst","Phantasmal Killer","MostiFishMod:WinterMarkForm"],"picked":"MostiFishMod:Opportunism","floor":33.0},{"not_picked":["Sucker Punch","Flying Knee","ReplayTheSpireMod:Speed Training"],"picked":"Backflip","floor":35.0},{"not_picked":["Cloak And Dagger","Masterful Stab","Flechettes"],"picked":"Backflip","floor":37.0},{"not_picked":["Deadly Poison+1","Crippling Poison+1","Dagger Spray","Blade Dance"],"picked":"SKIP","floor":39.0},{"not_picked":["Dagger Spray","Footwork","Wraith Form v2","Outmaneuver"],"picked":"SKIP","floor":40.0}],"player_experience":310542,"relics_obtained":[{"floor":1.0,"key":"Question Card"},{"floor":1.0,"key":"LetterFromLob"},{"floor":6.0,"key":"Onion Ring"},{"floor":8.0,"key":"Paper Crane"},{"floor":10.0,"key":"Pear"},{"floor":16.0,"key":"ImportantClient"},{"floor":23.0,"key":"testmod-Acrobat"},{"floor":25.0,"key":"PageOfTheKnightOfDespair"},{"floor":26.0,"key":"PageOfTheQueenOfHatred"},{"floor":29.0,"key":"PageOfGreed"},{"floor":40.0,"key":"PageOfWrath"}],"event_choices":[{"damage_healed":0.0,"max_hp_gain":0.0,"max_hp_loss":6.0,"gold_gain":0.0,"event_name":"Golden Idol","player_choice":"Lose Max HP","floor":2.0,"gold_loss":0.0,"damage_taken":0.0,"relics_obtained":["Golden Idol"]},{"damage_healed":0.0,"max_hp_gain":0.0,"max_hp_loss":0.0,"gold_gain":0.0,"event_name":"Match and Keep!","player_choice":"1 cards matched","floor":5.0,"gold_loss":0.0,"damage_taken":0.0,"cards_obtained":["MostiFishMod:LethalBlade"]},{"damage_healed":0.0,"max_hp_gain":0.0,"max_hp_loss":0.0,"gold_gain":0.0,"event_name":"Upgrade Shrine","player_choice":"Upgraded","floor":19.0,"gold_loss":0.0,"damage_taken":0.0,"cards_upgraded":["Infinite Blades"]},{"damage_healed":0.0,"max_hp_gain":0.0,"max_hp_loss":0.0,"gold_gain":0.0,"event_name":"Lab","player_choice":"Got Potions","floor":36.0,"gold_loss":0.0,"damage_taken":0.0},{"damage_healed":0,"gold_gain":0,"player_choice":"Fight","damage_taken":0,"max_hp_gain":0,"max_hp_loss":0,"event_name":"OrinTheCat","floor":42,"gold_loss":0}],"is_beta":false,"boss_relics":[{"not_picked":["testmod-IncinerationGenerator","HaiYi:Twilight"],"picked":"testmod-Nine"},{"not_picked":["Kintsugi","Replay:Bronze Core"],"picked":"RhineCircuit"}],"items_purged_floors":[38],"is_endless":false,"potions_floor_spawned":[3,10,12,13,20,21,25,31,37],"killed_by":"Orin","ascension_level":20}}