{"host":"d61vkvf8c80cu18y","time":1608138041,"event":{"mods":["2.2 Compatiblity","AchievementEnabler","Aspiration","BaseMod","Better Altar","Better Note","Better Sensory Stone","Better Skull","Better Third Choice","BetterRewards","Challenge The Spire","Conspire","Custom Start","Energized Spire","GifTheSpireLib","Hermit","Highlight Path","Hubris","Infinite Spire","Ironclad Rager","Marked Mod","Minty Spire (QoL Compilation)","Quick Restart","Rare Cards Sparkle","Relic Filter","Replay The Spire","Retaliation","Shade Mod","Shop Mod","Spicy Shops","Spikes Relics","StSLib","Stuff the Spire","The Blue Laboratory","The Cursed","The Runesmith","The Sage","The Servant 0.9.4","TheVacant","Thieving Mod","Virulent Crown","thorton"],"gold_per_floor":[111,17,30,42,70,70,97,97,124,142,37,53,70,84,84,184,184,200,200,200,200,49,66,80,115,131,147,147,247,265,340,340,354,354,457,457,477,285,183,196,209,244,244,244,35,35,35,85,85,103,103,116,116,116],"floor_reached":55,"playtime":4543,"items_purged":["Decay"],"score":823,"play_id":"20390093-4d24-4494-b61e-d58353b017f7","local_time":"20201216110041","is_ascension_mode":false,"campfire_choices":[{"floor":6.0,"key":"REST"},{"floor":15.0,"key":"REST"},{"data":"Infinite Blades","floor":32.0,"key":"SMITH"},{"data":"Infinite Blades","floor":34.0,"key":"SMITH"},{"data":"Apotheosis","floor":46.0,"key":"SMITH"},{"data":"After Image","floor":49.0,"key":"SMITH"},{"data":"Cloak And Dagger","floor":53,"key":"SMITH"}],"circlet_count":0,"master_deck":["Strike_G","Strike_G","Strike_G","Strike_G","Strike_G","Defend_G","Defend_G","Defend_G","Defend_G","Defend_G","Survivor","Neutralize","Caltrops","Outmaneuver","Bane","Cloak And Dagger","StuffTheSpire:Python","Deflect","StuffTheSpire:Python","Die Die Die","StuffTheSpire:Python","Poisoned Stab","Noxious Fumes","Hidden Blade","Infinite Blades+1","Backstab","Deadly Poison","Blade Dance","StuffTheSpire:Python","Bane","Phantasmal Killer","Backstab","Cloak And Dagger+1","After Image+1","infinitespire:Collect","ReplayTheSpireMod:Black Plague","Apotheosis+1","Infinite Blades+1","Cloak And Dagger+1","Deadly Poison","Catalyst","StuffTheSpire:Shiver","Blade Dance+1","Concentrate+1","StuffTheSpire:BrimstoneBlast","Storm of Steel","Deflect+1","Toxin Wave","Slice","ShatteredReality+1","Envenom","Caltrops","Distraction+1"],"relics":["Ring of the Snake","ToxicTincture","Orrery","infinitespire:PuzzleCube","WizardHat","Mercury Hourglass","Oddly Smooth Stone","hubris:Stopwatch","SlaversCollar","Gremlin Food","DollysMirror","Byrd Skull","StuffTheSpire:CocoNut","aspiration:ServantSkillbook","TwistedFunnel","StuffTheSpire:GrapeVine","ReplayTheSpireMod:TigerMarble","Smiling Mask","CrustySpines","hubris:Icosahedron"],"acts_visited":["Exordium","TheCity","TheBeyond"],"potions_floor_usage":[54,54,54,54,54],"damage_taken":[{"damage":0.0,"enemies":"Small Slimes","floor":1.0,"turns":2.0},{"damage":2.0,"enemies":"Jaw Worm","floor":3.0,"turns":3.0},{"damage":0.0,"enemies":"Cultist","floor":4.0,"turns":2.0},{"damage":0.0,"enemies":"conspire:MimicChest","floor":5.0,"turns":3.0},{"damage":27.0,"enemies":"3 Sentries","floor":7.0,"turns":5.0},{"damage":12.0,"enemies":"3 Louse","floor":10.0,"turns":2.0},{"damage":0.0,"enemies":"Looter","floor":12.0,"turns":1.0},{"damage":2.0,"enemies":"2 Fungi Beasts","floor":13.0,"turns":2.0},{"damage":0.0,"enemies":"Large Slime","floor":14.0,"turns":4.0},{"damage":17.0,"enemies":"Slime Boss","floor":16.0,"turns":4.0},{"damage":0.0,"enemies":"Chosen","floor":18.0,"turns":3.0},{"damage":0.0,"enemies":"Spheric Guardian","floor":23.0,"turns":3.0},{"damage":14.0,"enemies":"Snake Plant","floor":24.0,"turns":3.0},{"damage":20.0,"enemies":"Slavers","floor":25.0,"turns":3.0},{"damage":0.0,"enemies":"Chosen and Byrds","floor":26.0,"turns":3.0},{"damage":8.0,"enemies":"3 Cultists","floor":27.0,"turns":4.0},{"damage":0.0,"enemies":"Sentry and Sphere","floor":30.0,"turns":2.0},{"damage":0.0,"enemies":"Snecko","floor":33.0,"turns":2.0},{"damage":4.0,"enemies":"Automaton","floor":35.0,"turns":3.0},{"damage":0.0,"enemies":"3 Darklings","floor":37.0,"turns":2.0},{"damage":6.0,"enemies":"3 Shapes","floor":40.0,"turns":3.0},{"damage":0.0,"enemies":"Transient","floor":41.0,"turns":5.0},{"damage":0.0,"enemies":"Reptomancer","floor":42.0,"turns":3.0},{"damage":3.0,"enemies":"Mind Bloom Boss Battle","floor":48.0,"turns":2.0},{"damage":6.0,"enemies":"Writhing Mass","floor":50.0,"turns":2.0},{"damage":0,"enemies":"Maw","floor":52,"turns":3},{"damage":60,"enemies":"infinitespire:MassOfShapes","floor":54,"turns":4}],"seed_played":"5495476601420557668","potions_obtained":[{"floor":1.0,"key":"blueLaboratory:BottleOfVodka"},{"floor":5.0,"key":"Doom Potion"},{"floor":7.0,"key":"blueLaboratory:EnvenomedCoating"},{"floor":10.0,"key":"Strength Potion"},{"floor":14.0,"key":"DuplicationPotion"},{"floor":16.0,"key":"AttackPotion"},{"floor":23.0,"key":"blueLaboratory:EnvenomedCoating"},{"floor":25.0,"key":"blueLaboratory:BottleOfRum"},{"floor":35.0,"key":"blueLaboratory:NinjaPotion"},{"floor":42.0,"key":"Strength Potion"},{"floor":50.0,"key":"Block Potion"},{"floor":52,"key":"ColorlessPotion"}],"is_trial":false,"path_per_floor":["M","$","M","M","?","R","E","?","T","M","$","M","M","M","R","B",null,"M","AVR","PTL","PTL","$","M","M","E","M","M","T","?","M","?","R","M","R","B",null,"M","$","$","M","M","E","PTL","PTL","$","R","T","?","R","M","?","M","R","B",null],"character_chosen":"THE_SILENT","items_purchased":["ToxicTincture","Caltrops","Outmaneuver","Bane","Cloak And Dagger","Orrery","Poisoned Stab","Noxious Fumes","Backstab","Deadly Poison","Backstab","Cloak And Dagger","DollysMirror","TwistedFunnel","Toxin Wave","Slice","Caltrops","ReplayTheSpireMod:TigerMarble"],"campfire_rested":2,"item_purchase_floors":[0,0,0,0,0,0,0,0,2,2,11,11,22,38,38,39,45,45],"current_hp_per_floor":[38,38,36,36,36,57,30,30,30,18,18,18,16,16,37,20,70,70,70,70,70,70,70,56,36,36,28,35,35,35,28,28,28,28,24,77,77,77,77,71,71,71,71,71,71,71,71,68,68,62,62,77,77,17],"gold":116,"neow_bonus":"","is_daily":false,"chose_seed":false,"campfire_upgraded":5,"win_rate":0.0,"timestamp":1608138041,"path_taken":["M","$","M","M","?","R","E","?","T","M","$","M","M","?","R","BOSS","M","AVR","PTL","PTL","$","M","M","E","M","M","T","?","M","?","R","?","R","BOSS","M","?","$","M","M","E","PTL","PTL","$","R","T","?","R","M","?","M","R","BOSS"],"items_purchased_type":["Relic","Card","Card","Card","Card","Relic","Card","Card","Card","Card","Card","Card","Relic","Relic","Card","Card","Card","Relic"],"build_version":"2020-12-13","purchased_purges":1,"victory":true,"max_hp_per_floor":[70,70,70,70,70,70,70,70,70,70,70,70,70,70,70,70,70,70,70,70,70,70,70,70,70,70,70,77,77,77,77,77,77,77,77,77,77,77,77,77,77,77,77,77,77,77,77,77,77,77,77,77,77,77],"card_choices":[{"not_picked":["Bouncing Flask","Outmaneuver"],"picked":"StuffTheSpire:Python","floor":0.0},{"not_picked":["Backflip","StuffTheSpire:Injection"],"picked":"Deflect","floor":0.0},{"not_picked":["Expertise","Underhanded Strike"],"picked":"StuffTheSpire:Python","floor":0.0},{"not_picked":["infinitespire:Neurotoxin","Hidden Blade"],"picked":"Die Die Die","floor":0.0},{"not_picked":["Dagger Throw","Cloak And Dagger"],"picked":"StuffTheSpire:Python","floor":0.0},{"not_picked":["Flying Knee","Acrobatics"],"picked":"Hidden Blade","floor":1.0},{"not_picked":["hubris:TrickCloak","StuffTheSpire:Python"],"picked":"Blade Dance","floor":3.0},{"not_picked":["PiercingWail","ReplayTheSpireMod:Speed Training"],"picked":"StuffTheSpire:Python","floor":4.0},{"not_picked":["StuffTheSpire:BumpUp","Predator"],"picked":"Bane","floor":5.0},{"not_picked":["Flechettes","Predator"],"picked":"Phantasmal Killer","floor":7.0},{"not_picked":["Bane","StuffTheSpire:BumpUp","Dagger Throw"],"picked":"SKIP","floor":10.0},{"not_picked":["Bane","StuffTheSpire:Injection","Prepared"],"picked":"SKIP","floor":12.0},{"not_picked":["Underhanded Strike","Dodge and Roll","Prepared"],"picked":"SKIP","floor":13.0},{"not_picked":["Bane","Dagger Throw","StuffTheSpire:ClusterCrunch"],"picked":"SKIP","floor":14.0},{"not_picked":["ReplayTheSpireMod:From All Sides","Replay:Bag of Tricks"],"picked":"After Image","floor":16.0},{"not_picked":["Eviscerate","ReplayTheSpireMod:Exploit Weakness+1","Underhanded Strike"],"picked":"SKIP","floor":18.0},{"not_picked":["Dodge and Roll","Concentrate"],"picked":"Cloak And Dagger+1","floor":23.0},{"not_picked":["Quick Slash","StuffTheSpire:Incursion"],"picked":"Deadly Poison","floor":24.0},{"not_picked":["PiercingWail+1","Sucker Punch+1"],"picked":"Catalyst","floor":25.0},{"not_picked":["Heel Hook+1","Acrobatics"],"picked":"StuffTheSpire:Shiver","floor":26.0},{"not_picked":["Dagger Spray","ReplayTheSpireMod:Tripwire+1"],"picked":"Blade Dance+1","floor":27.0},{"not_picked":["StuffTheSpire:Repulse+1","StuffTheSpire:BumpUp+1"],"picked":"Concentrate+1","floor":30.0},{"not_picked":["Bane","StuffTheSpire:Sprint"],"picked":"StuffTheSpire:BrimstoneBlast","floor":33.0},{"not_picked":["Adrenaline","Unload"],"picked":"Storm of Steel","floor":35.0},{"not_picked":["Defy","Sneak Up","Endless Agony+1"],"picked":"Deflect+1","floor":37.0},{"not_picked":["Finisher","Leg Sweep","ReplayTheSpireMod:The Works"],"picked":"ShatteredReality+1","floor":40.0},{"not_picked":["ShadowRift","SurpressingFire","Predator+1","Alleviate+1"],"picked":"SKIP","floor":41.0},{"not_picked":["Bane+1","DoubleEdge","TimeWarp+1"],"picked":"Envenom","floor":42.0},{"not_picked":["Dagger Throw","Expertise+1","Replace"],"picked":"Distraction+1","floor":50.0},{"not_picked":["StuffTheSpire:ClusterCrunch","Backflip","StuffTheSpire:BrimstoneBlast","Fluid Movement+1"],"picked":"SKIP","floor":52}],"player_experience":349617,"relics_obtained":[{"floor":5.0,"key":"infinitespire:PuzzleCube"},{"floor":7.0,"key":"WizardHat"},{"floor":9.0,"key":"Oddly Smooth Stone"},{"floor":25.0,"key":"Byrd Skull"},{"floor":28.0,"key":"StuffTheSpire:CocoNut"},{"floor":42.0,"key":"StuffTheSpire:GrapeVine"},{"floor":47.0,"key":"Smiling Mask"},{"floor":48.0,"key":"CrustySpines"}],"event_choices":[{"damage_healed":0.0,"max_hp_gain":0.0,"max_hp_loss":0.0,"gold_gain":0.0,"event_name":"WeMeetAgain","player_choice":"Gave Potion","floor":8.0,"gold_loss":0.0,"damage_taken":0.0,"relics_obtained":["Mercury Hourglass"]},{"damage_healed":0.0,"max_hp_gain":0.0,"max_hp_loss":0.0,"gold_gain":100.0,"event_name":"Golden Shrine","player_choice":"Pray","floor":29.0,"gold_loss":0.0,"damage_taken":0.0},{"damage_healed":0.0,"max_hp_gain":0.0,"max_hp_loss":0.0,"gold_gain":75.0,"event_name":"FaceTrader","player_choice":"Touch","floor":31.0,"gold_loss":0.0,"damage_taken":7.0},{"damage_healed":0.0,"max_hp_gain":0.0,"max_hp_loss":0.0,"gold_gain":0.0,"event_name":"MindBloom","player_choice":"Fight","floor":48.0,"gold_loss":0.0,"damage_taken":0.0}],"is_beta":false,"boss_relics":[{"not_picked":["aspiration:PoetsPen_weak","hubris:RunicObelisk"],"picked":"hubris:Stopwatch"},{"not_picked":["ReplayTheSpireMod:SealedPack","aspiration:RunicSpoon"],"picked":"aspiration:ServantSkillbook"}],"items_purged_floors":[45],"is_endless":false,"potions_floor_spawned":[1,5,7,10,14,16,23,24,25,33,35,42,50,52],"ascension_level":0}}