{"host":"02w9hl92h62kgkzk","time":1608114630,"event":{"mods":["2.2 Compatiblity","AchievementEnabler","Act Like it!","AlwaysNeverKeys","Aspiration","BaseMod","Better Altar","Better Match","Better Note","Better Sensory Stone","Better Skull","Better Third Choice","Better Vampires","BetterRewards","Block Reminder","CCEM","ChefMod","Colored Map","Colored Powertips","Conspire","Downfall","Ekko","Emptier Cage","Energized Spire","Friendly Minions","FruityMod","GifTheSpireLib","Halation","Hallownest","Hubris","Humility","Magitek Elite","Marked Mod","Mimic Mod","Minty Spire (QoL Compilation)","Quick Restart","RRrroohrrRGHHhhh!!","Retaliation","Reworked Bosses","Shop Mod","Spicy Shops","Spikes Relics","StSLib","Stuff the Spire","The Hierophant","The Jungle","Trackpad","Transform Curses","Unceasing Turn Reminder","Wandering Minibosses","vexMod"],"gold_per_floor":[99,112,3,35,35,49,49,49,14,14,14],"floor_reached":10,"playtime":301,"items_purged":[],"score":89,"play_id":"6f96c6a8-054c-4005-b2ab-970b7a9d1962","local_time":"20201216043030","is_ascension_mode":false,"campfire_choices":[{"floor":1,"key":"RECALL"}],"circlet_count":0,"master_deck":["Slimebound:Strike_Slimebound","Slimebound:Strike_Slimebound","Slimebound:Strike_Slimebound","Slimebound:Tackle","Slimebound:Defend_Slimebound","Slimebound:Defend_Slimebound","Slimebound:Defend_Slimebound","Slimebound:Defend_Slimebound","Slimebound:Split","Slimebound:CorrosiveSpit","Slimebound:SlimeSlap","expansioncontent:Chronoboost","Slimebound:GrowthPunch"],"relics":["Slimebound:AbsorbEndCombat","NeowsBlessing","RoseTintedShades","Gambling Chip","StuffTheSpire:Experiment12","The Courier","Mercury Hourglass","StuffTheSpire:ForceGauntlet"],"acts_visited":["Hallownest:Greenpath"],"potions_floor_usage":[],"damage_taken":[{"damage":0,"enemies":"Hallownest:2_Baldur","floor":2,"turns":1},{"damage":3,"enemies":"downfall:FleeingMerchant","floor":3,"turns":1},{"damage":0,"enemies":"Hallownest:eliteMossKnight","floor":4,"turns":1},{"damage":7,"enemies":"Hallownest:monsterHuskGuard","floor":6,"turns":3},{"damage":60,"enemies":"Hallownest:eliteCrystalGuardian","floor":10,"turns":6}],"seed_played":"-5594184196244700924","potions_obtained":[{"floor":6,"key":"Dexterity Potion"}],"is_trial":false,"path_per_floor":["R","M","$","E","?","M","T","?","?","E"],"character_chosen":"SLIMEBOUND","items_purchased":["RoseTintedShades","Gambling Chip"],"campfire_rested":0,"item_purchase_floors":[3,3],"current_hp_per_floor":[60,60,57,57,29,30,30,30,35,0,0],"gold":14,"neow_bonus":"THREE_ENEMY_KILL","is_daily":false,"chose_seed":false,"campfire_upgraded":0,"win_rate":0.0,"timestamp":1608114630,"path_taken":["R","M","?","E","?","M","T","?","?","E"],"items_purchased_type":["Relic","Relic"],"build_version":"2020-12-13","purchased_purges":0,"victory":false,"max_hp_per_floor":[60,60,60,60,60,60,60,60,65,65,65],"card_choices":[{"not_picked":["Slimebound:SplitLeeching","Slimebound:Nibble","Slimebound:LeechEnergy"],"picked":"SKIP","floor":2},{"not_picked":["Slimebound:HauntingLick","Slimebound:ViciousTackle","Slimebound:SamplingLick"],"picked":"SKIP","floor":3},{"not_picked":["Slimebound:Grow","Slimebound:SlimeBrawl"],"picked":"Slimebound:SlimeSlap","floor":4},{"not_picked":["Slimebound:GoopSpray","Slimebound:ForwardTackle","Slimebound:ViciousTackle"],"picked":"SKIP","floor":6},{"not_picked":["expansioncontent:BronzeBeam","Panacea"],"picked":"expansioncontent:Chronoboost","floor":8},{"not_picked":["Slimebound:SplitAcid","Slimebound:Chomp"],"picked":"Slimebound:GrowthPunch","floor":8}],"player_experience":477546,"relics_obtained":[{"floor":4,"key":"StuffTheSpire:Experiment12"},{"floor":7,"key":"StuffTheSpire:ForceGauntlet"}],"event_choices":[],"is_beta":false,"boss_relics":[],"items_purged_floors":[],"is_endless":false,"potions_floor_spawned":[6],"killed_by":"Hallownest:eliteCrystalGuardian","ascension_level":0}}