{"host":"foq4mrde4mssg7vt","time":1608142568,"event":{"mods":["AchievementEnabler","BaseMod","Colored Map","Colored Powertips","Highlight Path","Minty Spire (QoL Compilation)","Relic Stats","everything is the same but u backflip on backflip"],"gold_per_floor":[117,127,146,72,72,101,113,125,162,174,201,213,25,53,53,149,149,162,77,77,6,20,52,52,52,126,126,156,156,168,268,268,370,370,386,70,120,120,100,128,160,193,216,243,243,268,268,314,314,314,314,314,53,78,78],"floor_reached":56,"playtime":2855,"items_purged":["Defend_B"],"score":1910,"play_id":"98f71830-18ea-4ef0-abdc-6d389cfba64b","local_time":"20201217021608","is_ascension_mode":true,"campfire_choices":[{"data":"Barrage","floor":8,"key":"SMITH"},{"data":"Loop","floor":10,"key":"SMITH"},{"data":"Sweeping Beam","floor":12,"key":"SMITH"},{"data":"Go for the Eyes","floor":15,"key":"SMITH"},{"data":"Biased Cognition","floor":25,"key":"SMITH"},{"data":"Defragment","floor":27,"key":"SMITH"},{"floor":32,"key":"REST"},{"data":"Hologram","floor":45,"key":"SMITH"},{"data":"Coolheaded","floor":47,"key":"SMITH"},{"floor":49,"key":"RECALL"},{"data":"Defend_B","floor":52,"key":"PURGE"}],"circlet_count":0,"master_deck":["Defend_B","Defend_B","Zap","Dualcast","Ball Lightning","Sweeping Beam+1","Loop+1","Barrage+1","Hologram+1","Chill","Go for the Eyes+1","Biased Cognition+1","CurseOfTheBell","Compile Driver+1","Ghostly","Ghostly","Ghostly","Ghostly","Ghostly","Defragment+1","Coolheaded+1","Core Surge","Genetic Algorithm+1","Capacitor","Cold Snap","Echo Form","Fusion+1","Tempest+1","Redo+1","Coolheaded+1","Force Field","Glacier"],"relics":["Cracked Core","MealTicket","MawBank","Happy Flower","Runic Capacitor","Mercury Hourglass","Calling Bell","Ancient Tea Set","Ornamental Fan","Mango","Prayer Wheel","White Beast Statue","Bottled Lightning","Juzu Bracelet","CaptainsWheel","Singing Bowl","Astrolabe","HornCleat","Peace Pipe","WingedGreaves","Girya","Akabeko","Toy Ornithopter","Orichalcum","FossilizedHelix","Pantograph","Bottled Tornado"],"acts_visited":["Exordium","TheCity","TheBeyond","TheEnding"],"potions_floor_usage":[33,55,55,55],"damage_taken":[{"damage":9.0,"enemies":"Small Slimes","floor":1.0,"turns":4.0},{"damage":2.0,"enemies":"Jaw Worm","floor":2.0,"turns":3.0},{"damage":2.0,"enemies":"2 Louse","floor":3.0,"turns":2.0},{"damage":13.0,"enemies":"Lagavulin","floor":6.0,"turns":7.0},{"damage":0,"enemies":"2 Fungi Beasts","floor":11,"turns":3},{"damage":7,"enemies":"Gremlin Nob","floor":14,"turns":4},{"damage":16,"enemies":"Hexaghost","floor":16,"turns":11},{"damage":14,"enemies":"Chosen","floor":18,"turns":4},{"damage":0,"enemies":"Spheric Guardian","floor":22,"turns":4},{"damage":0,"enemies":"Gremlin Leader","floor":23,"turns":7},{"damage":27,"enemies":"Book of Stabbing","floor":28,"turns":6},{"damage":4,"enemies":"Snake Plant","floor":30,"turns":5},{"damage":0,"enemies":"Colosseum Slavers","floor":31,"turns":5},{"damage":3,"enemies":"Colosseum Nobs","floor":31,"turns":6},{"damage":5,"enemies":"Collector","floor":33,"turns":10},{"damage":0,"enemies":"3 Shapes","floor":35,"turns":4},{"damage":0,"enemies":"Mind Bloom Boss Battle","floor":37,"turns":7},{"damage":0,"enemies":"Nemesis","floor":40,"turns":7},{"damage":4,"enemies":"Reptomancer","floor":41,"turns":9},{"damage":12,"enemies":"Nemesis","floor":42,"turns":9},{"damage":0,"enemies":"Giant Head","floor":44,"turns":9},{"damage":0,"enemies":"Reptomancer","floor":46,"turns":7},{"damage":7,"enemies":"2 Orb Walkers","floor":48,"turns":3},{"damage":0,"enemies":"Awakened One","floor":50,"turns":13},{"damage":0,"enemies":"Shield and Spear","floor":54,"turns":9},{"damage":47,"enemies":"The Heart","floor":55,"turns":13}],"seed_played":"-4764877648885693391","potions_obtained":[{"floor":2.0,"key":"ColorlessPotion"},{"floor":3.0,"key":"Block Potion"},{"floor":11,"key":"Strength Potion"},{"floor":14,"key":"GamblersBrew"},{"floor":16,"key":"Fire Potion"},{"floor":23,"key":"BlessingOfTheForge"},{"floor":33,"key":"Energy Potion"},{"floor":35,"key":"PotionOfCapacity"},{"floor":48,"key":"Dexterity Potion"}],"is_trial":false,"path_per_floor":["M","M","M","$","?","E","?","R","T","R","M","R","$","E","R","B",null,"M","?","?","$","M","E","$","R","T","R","E","?","M","?","R","B",null,"M","$","?","?","?","E","E","E","T","E","R","E","R","?","R","B",null,"R","$","E","B",null],"character_chosen":"DEFECT","items_purchased":["Barrage","Hologram","Runic Capacitor","Go for the Eyes","Defragment","HornCleat","Pantograph"],"campfire_rested":1,"item_purchase_floors":[4,4,13,13,21,36,53],"current_hp_per_floor":[66,64,62,62,55,42,35,35,35,35,35,35,50,43,43,27,82,68,68,48,48,48,48,48,48,48,48,21,21,17,16,31,26,44,46,52,54,54,54,56,54,44,44,44,44,44,44,39,39,39,56,56,62,64,17],"gold":78,"neow_bonus":"TEN_PERCENT_HP_BONUS","is_daily":false,"chose_seed":false,"campfire_upgraded":8,"win_rate":0.0,"timestamp":1608142568,"path_taken":["M","M","M","$","?","E","?","R","T","R","M","R","$","E","R","BOSS","M","?","?","$","M","E","$","R","T","R","E","?","M","?","R","BOSS","M","$","?","?","?","E","E","E","T","E","R","E","R","?","R","BOSS","R","$","E","BOSS"],"items_purchased_type":["Card","Card","Relic","Card","Card","Relic","Relic"],"build_version":"2020-12-13","purchased_purges":1,"victory":true,"max_hp_per_floor":[82,82,82,82,82,82,82,82,82,82,82,82,82,82,82,82,96,96,96,48,48,48,48,48,48,48,48,48,48,48,50,50,50,50,52,52,54,54,54,56,58,60,60,60,60,60,60,62,62,62,62,62,62,64,64],"relic_stats":{"Happy Flower":[51],"Singing Bowl":16,"counters":[26,169],"Astrolabe":["Fusion","Tempest","Redo"],"Juzu Bracelet":1,"Orichalcum":[30],"MawBank":84,"Mercury Hourglass":[601],"Peace Pipe":1,"Ornamental Fan":[68],"Pantograph":0,"MealTicket":27,"Prayer Wheel":3,"obtain_stats":[{"Singing Bowl":31,"Mango":17,"Runic Capacitor":13,"Juzu Bracelet":28,"Bottled Tornado":54,"Ancient Tea Set":17,"HornCleat":36,"Pantograph":53,"MealTicket":5,"Prayer Wheel":19,"WingedGreaves":40,"Cracked Core":0,"Girya":41,"Happy Flower":9,"Astrolabe":34,"Orichalcum":46,"MawBank":6,"White Beast Statue":23,"Akabeko":42,"Mercury Hourglass":14,"Calling Bell":17,"Peace Pipe":37,"CaptainsWheel":31,"Ornamental Fan":17,"Bottled Lightning":26,"Toy Ornithopter":44,"FossilizedHelix":48},{"Singing Bowl":14,"Mango":7,"Runic Capacitor":5,"Juzu Bracelet":11,"Bottled Tornado":25,"Ancient Tea Set":7,"HornCleat":16,"Pantograph":24,"MealTicket":3,"Prayer Wheel":8,"WingedGreaves":18,"Cracked Core":0,"Girya":19,"Happy Flower":4,"Astrolabe":15,"Orichalcum":22,"MawBank":4,"White Beast Statue":10,"Akabeko":20,"Mercury Hourglass":6,"Calling Bell":7,"Peace Pipe":17,"CaptainsWheel":14,"Ornamental Fan":7,"Bottled Lightning":10,"Toy Ornithopter":21,"FossilizedHelix":23},{"Singing Bowl":69,"Mango":34,"Runic Capacitor":19,"Juzu Bracelet":55,"Bottled Tornado":156,"Ancient Tea Set":34,"HornCleat":83,"Pantograph":147,"MealTicket":9,"Prayer Wheel":38,"WingedGreaves":97,"Cracked Core":0,"Girya":106,"Happy Flower":16,"Astrolabe":79,"Orichalcum":131,"MawBank":16,"White Beast Statue":49,"Akabeko":115,"Mercury Hourglass":23,"Calling Bell":34,"Peace Pipe":90,"CaptainsWheel":69,"Ornamental Fan":34,"Bottled Lightning":49,"Toy Ornithopter":124,"FossilizedHelix":134}],"Toy Ornithopter":0},"card_choices":[{"not_picked":["Self Repair","Static Discharge"],"picked":"Ball Lightning","floor":1.0},{"not_picked":["Beam Cell","Reboot"],"picked":"Sweeping Beam","floor":2.0},{"not_picked":["Streamline","Chill"],"picked":"Loop","floor":3.0},{"not_picked":["Leap","Ball Lightning"],"picked":"Chill","floor":6.0},{"not_picked":["Ball Lightning","Redo"],"picked":"Auto Shields","floor":11},{"not_picked":["Fusion","Stack","Recycle"],"picked":"SKIP","floor":14},{"not_picked":["Reboot","Buffer"],"picked":"Biased Cognition","floor":16},{"not_picked":["Turbo","Stack+1"],"picked":"Compile Driver+1","floor":18},{"not_picked":["Rebound+1","FTL+1"],"picked":"Coolheaded","floor":22},{"not_picked":["Turbo","Redo"],"picked":"Core Surge","floor":22},{"not_picked":["Sweeping Beam+1","Heatsinks"],"picked":"Genetic Algorithm+1","floor":23},{"not_picked":["Hyperbeam","Recycle","Sunder"],"picked":"SKIP","floor":28},{"not_picked":["Coolheaded","Darkness"],"picked":"Capacitor","floor":30},{"not_picked":["Rip and Tear","Barrage"],"picked":"Cold Snap","floor":30},{"not_picked":["Redo","Auto Shields","Ball Lightning"],"picked":"Singing Bowl","floor":31},{"not_picked":["Fission","Biased Cognition"],"picked":"Echo Form","floor":33},{"not_picked":["Conserve Battery+1","Gash+1"],"picked":"Coolheaded+1","floor":35},{"not_picked":["Steam+1","Compile Driver","White Noise"],"picked":"Singing Bowl","floor":35},{"not_picked":["Skim+1","Reprogram+1","Rebound"],"picked":"Singing Bowl","floor":37},{"not_picked":["Tempest","Barrage","Gash+1"],"picked":"Singing Bowl","floor":40},{"not_picked":["Storm","White Noise+1","Sweeping Beam+1"],"picked":"Singing Bowl","floor":41},{"not_picked":["Beam Cell+1","White Noise","Storm"],"picked":"Singing Bowl","floor":42},{"not_picked":["Compile Driver","Ball Lightning+1"],"picked":"Force Field","floor":44},{"not_picked":["Reboot","Conserve Battery"],"picked":"Glacier","floor":46},{"not_picked":["Stack+1","Double Energy","Barrage+1"],"picked":"Singing Bowl","floor":48},{"not_picked":["Leap+1","Barrage","Reprogram+1"],"picked":"Singing Bowl","floor":54}],"player_experience":185455,"relics_obtained":[{"floor":6.0,"key":"MawBank"},{"floor":9,"key":"Happy Flower"},{"floor":14,"key":"Mercury Hourglass"},{"floor":17,"key":"Ancient Tea Set"},{"floor":17,"key":"Ornamental Fan"},{"floor":17,"key":"Mango"},{"floor":23,"key":"White Beast Statue"},{"floor":26,"key":"Bottled Lightning"},{"floor":28,"key":"Juzu Bracelet"},{"floor":31,"key":"CaptainsWheel"},{"floor":31,"key":"Singing Bowl"},{"floor":37,"key":"Peace Pipe"},{"floor":40,"key":"WingedGreaves"},{"floor":41,"key":"Girya"},{"floor":42,"key":"Akabeko"},{"floor":44,"key":"Toy Ornithopter"},{"floor":46,"key":"Orichalcum"},{"floor":48,"key":"FossilizedHelix"},{"floor":54,"key":"Bottled Tornado"}],"event_choices":[{"damage_healed":0.0,"max_hp_gain":0.0,"max_hp_loss":0.0,"gold_gain":0.0,"event_name":"Scrap Ooze","player_choice":"Success","floor":5.0,"gold_loss":0.0,"damage_taken":7.0,"relics_obtained":["MealTicket"]},{"cards_removed":["Strike_B"],"damage_healed":0.0,"max_hp_gain":0.0,"max_hp_loss":0.0,"gold_gain":0.0,"event_name":"Golden Wing","player_choice":"Card Removal","floor":7.0,"gold_loss":0.0,"damage_taken":7.0},{"damage_healed":0,"gold_gain":0,"player_choice":"Obtained Relic","damage_taken":0,"relics_obtained":["Prayer Wheel"],"max_hp_gain":0,"max_hp_loss":0,"event_name":"Addict","floor":19,"gold_loss":85},{"damage_healed":0,"gold_gain":0,"player_choice":"Became a Ghost","damage_taken":0,"max_hp_gain":0,"max_hp_loss":48,"event_name":"Ghosts","floor":20,"gold_loss":0,"cards_obtained":["Ghostly","Ghostly","Ghostly","Ghostly","Ghostly"]},{"damage_healed":0,"gold_gain":0,"player_choice":"Ignored","damage_taken":0,"max_hp_gain":0,"max_hp_loss":0,"event_name":"Cursed Tome","floor":29,"gold_loss":0},{"damage_healed":0,"gold_gain":0,"player_choice":"Fight","damage_taken":0,"max_hp_gain":0,"max_hp_loss":0,"event_name":"Colosseum","floor":31,"gold_loss":0},{"damage_healed":0,"gold_gain":0,"player_choice":"Fought Nobs","damage_taken":0,"max_hp_gain":0,"max_hp_loss":0,"event_name":"Colosseum","floor":31,"gold_loss":0},{"damage_healed":0,"gold_gain":0,"player_choice":"Fight","damage_taken":0,"max_hp_gain":0,"max_hp_loss":0,"event_name":"MindBloom","floor":37,"gold_loss":0},{"cards_removed":["Auto Shields"],"damage_healed":0,"gold_gain":0,"player_choice":"Removed Skill","damage_taken":0,"max_hp_gain":0,"max_hp_loss":0,"event_name":"Falling","floor":38,"gold_loss":0},{"damage_healed":0,"gold_gain":0,"player_choice":"Bought 1 Potion","damage_taken":0,"max_hp_gain":0,"max_hp_loss":0,"event_name":"The Woman in Blue","floor":39,"gold_loss":0},{"damage_healed":0,"gold_gain":0,"player_choice":"Fight","damage_taken":0,"max_hp_gain":0,"max_hp_loss":0,"event_name":"Mysterious Sphere","floor":48,"gold_loss":0}],"is_beta":false,"boss_relics":[{"not_picked":["Busted Crown","Runic Dome"],"picked":"Calling Bell"},{"not_picked":["FrozenCore","Coffee Dripper"],"picked":"Astrolabe"}],"items_purged_floors":[36],"is_endless":false,"potions_floor_spawned":[2,3,11,14,16,23,28,30,31,31,33,35,37,40,41,42,44,46,48,54],"ascension_level":6}}