{"host":"8dhn6p16jorj0i1s","time":1608150431,"event":{"mods":["BaseMod","Colored Map","DeckTracker","Minty Spire (QoL Compilation)","Permanent Neow","Quick Restart"],"gold_per_floor":[110,16,32,52,71,102,27,27,52,52,52,72,107,107,107,206,206,217,217,117,117,132,151,179,199,246,262,262,288,301,331,331,433,433,452,472,347,347,358,391,391,408,455,455,490,490,490,515,515,515,515,515,23,48,48,48],"floor_reached":55,"playtime":5362,"items_purged":["Strike_P","Shame","Regret","Parasite"],"score":1179,"play_id":"b54fb5ed-957f-4659-a2c3-bbff104a1c39","local_time":"20201216212711","is_ascension_mode":true,"campfire_choices":[{"data":"Eruption","floor":8.0,"key":"SMITH"},{"data":"Vigilance","floor":11.0,"key":"SMITH"},{"floor":15.0,"key":"REST"},{"data":"Omniscience","floor":28.0,"key":"SMITH"},{"floor":32.0,"key":"REST"},{"data":"InnerPeace","floor":41.0,"key":"SMITH"},{"data":"MentalFortress","floor":44.0,"key":"SMITH"},{"data":"Ragnarok","floor":47.0,"key":"SMITH"},{"floor":49.0,"key":"RECALL"},{"data":"Scrawl","floor":52.0,"key":"SMITH"}],"circlet_count":0,"master_deck":["Defend_P","Defend_P+1","Defend_P","Eruption+1","Vigilance+1","EmptyBody","FlurryOfBlows","Prostrate+1","Vengeance+1","WheelKick","Wallop","MentalFortress+1","Swivel","DevaForm","Flash of Steel","SandsOfTime","Omniscience+1","Worship+1","FollowUp+1","FollowUp+1","Wallop+1","Ragnarok+1","Halt+1","InnerPeace+1","Scrawl+1","DeusExMachina+1","FearNoEvil+1","Sanctity+1","Fasting2+1","Omniscience","BattleHymn+1"],"relics":["PureWater","Bird Faced Urn","Pen Nib","War Paint","Potion Belt","Letter Opener","Cursed Key","White Beast Statue","Akabeko","Oddly Smooth Stone","MealTicket","TeardropLocket","Astrolabe","Kunai","Ornamental Fan","Du-Vu Doll","Bottled Lightning","StrikeDummy"],"acts_visited":["Exordium","TheCity","TheBeyond","TheEnding"],"potions_floor_usage":[55,55],"damage_taken":[{"damage":2.0,"enemies":"Cultist","floor":1.0,"turns":3.0},{"damage":3.0,"enemies":"Jaw Worm","floor":3.0,"turns":3.0},{"damage":0.0,"enemies":"Small Slimes","floor":4.0,"turns":4.0},{"damage":5.0,"enemies":"Blue Slaver","floor":5.0,"turns":4.0},{"damage":27.0,"enemies":"3 Sentries","floor":6.0,"turns":10.0},{"damage":4.0,"enemies":"Looter","floor":12.0,"turns":3.0},{"damage":0.0,"enemies":"Gremlin Nob","floor":13.0,"turns":1.0},{"damage":0.0,"enemies":"Slime Boss","floor":16.0,"turns":6.0},{"damage":3.0,"enemies":"Shell Parasite","floor":18.0,"turns":2.0},{"damage":0.0,"enemies":"Spheric Guardian","floor":22.0,"turns":2.0},{"damage":0.0,"enemies":"Snecko","floor":23.0,"turns":2.0},{"damage":20.0,"enemies":"Book of Stabbing","floor":24.0,"turns":4.0},{"damage":23.0,"enemies":"Sentry and Sphere","floor":25.0,"turns":4.0},{"damage":4.0,"enemies":"Chosen and Byrds","floor":27.0,"turns":4.0},{"damage":19.0,"enemies":"Gremlin Leader","floor":29.0,"turns":4.0},{"damage":0.0,"enemies":"Snecko","floor":30.0,"turns":2.0},{"damage":4.0,"enemies":"Book of Stabbing","floor":31.0,"turns":2.0},{"damage":33.0,"enemies":"Collector","floor":33.0,"turns":8.0},{"damage":6.0,"enemies":"3 Darklings","floor":35.0,"turns":4.0},{"damage":4.0,"enemies":"3 Shapes","floor":36.0,"turns":3.0},{"damage":0.0,"enemies":"Sphere and 2 Shapes","floor":39.0,"turns":3.0},{"damage":9.0,"enemies":"Nemesis","floor":40.0,"turns":5.0},{"damage":0.0,"enemies":"4 Shapes","floor":42.0,"turns":11.0},{"damage":0.0,"enemies":"Reptomancer","floor":45.0,"turns":3.0},{"damage":0.0,"enemies":"Giant Head","floor":48.0,"turns":4.0},{"damage":0.0,"enemies":"Awakened One","floor":50.0,"turns":4.0},{"damage":21.0,"enemies":"Shield and Spear","floor":54.0,"turns":3.0},{"damage":60,"enemies":"The Heart","floor":55,"turns":3}],"seed_played":"-745342217172169803","potions_obtained":[{"floor":4.0,"key":"SteroidPotion"},{"floor":12.0,"key":"FearPotion"},{"floor":13.0,"key":"Fire Potion"},{"floor":18.0,"key":"Block Potion"},{"floor":22.0,"key":"Swift Potion"},{"floor":23.0,"key":"StancePotion"},{"floor":24.0,"key":"LiquidBronze"},{"floor":25.0,"key":"Ancient Potion"},{"floor":27.0,"key":"ColorlessPotion"},{"floor":29.0,"key":"Dexterity Potion"},{"floor":30.0,"key":"Strength Potion"},{"floor":31.0,"key":"BlessingOfTheForge"},{"floor":33.0,"key":"Ancient Potion"},{"floor":35.0,"key":"Weak Potion"},{"floor":36.0,"key":"BlessingOfTheForge"},{"floor":39.0,"key":"PowerPotion"},{"floor":40.0,"key":"Block Potion"},{"floor":42.0,"key":"DistilledChaos"},{"floor":45.0,"key":"DistilledChaos"},{"floor":48.0,"key":"SteroidPotion"},{"floor":54.0,"key":"PowerPotion"}],"is_trial":false,"path_per_floor":["M","$","M","M","M","E","$","R","T","?","R","M","E","?","R","B",null,"M","?","$","?","M","M","E","M","T","M","R","E","M","E","R","B",null,"M","M","$","?","M","E","R","M","T","R","E","?","R","E","R","B",null,"R","$","E","B"],"character_chosen":"WATCHER","items_purchased":["FlurryOfBlows","Prostrate","Bottled Lightning","FearPotion","AttackPotion"],"campfire_rested":2,"item_purchase_floors":[2,2,53,53,53],"current_hp_per_floor":[63,63,60,60,55,28,28,28,28,21,21,17,17,4,23,25,65,62,62,62,62,62,64,45,28,28,30,30,15,15,11,30,3,65,63,61,65,62,62,57,57,62,62,62,62,62,62,62,62,62,62,62,59,38,0,0],"gold":48,"neow_bonus":"ONE_RARE_RELIC","is_daily":false,"chose_seed":false,"campfire_upgraded":7,"win_rate":0.0,"timestamp":1608150431,"path_taken":["M","$","?","M","M","E","$","R","T","?","R","M","E","?","R","BOSS","M","?","$","?","M","M","E","?","T","?","R","E","M","E","R","BOSS","M","M","$","?","M","E","R","M","T","R","E","?","R","E","R","BOSS","R","$","E","BOSS"],"items_purchased_type":["Card","Card","Relic","Potion","Potion"],"build_version":"2020-12-13","purchased_purges":4,"victory":false,"max_hp_per_floor":[65,65,65,65,65,65,65,65,65,65,65,65,65,65,65,65,65,65,65,65,65,65,65,65,65,65,65,65,65,65,65,65,65,65,65,65,65,62,62,62,62,62,62,62,62,62,62,62,62,62,62,62,59,59,59,59],"card_choices":[{"not_picked":["SashWhip","FlyingSleeves"],"picked":"EmptyBody","floor":1.0},{"not_picked":["EmptyBody","BowlingBash"],"picked":"Vengeance","floor":3.0},{"not_picked":["PathToVictory","Tantrum"],"picked":"WheelKick","floor":4.0},{"not_picked":["SignatureMove","Evaluate","WaveOfTheHand"],"picked":"SKIP","floor":5.0},{"not_picked":["BattleHymn","LikeWater"],"picked":"Wallop","floor":6.0},{"not_picked":["WindmillStrike","Pray"],"picked":"MentalFortress","floor":12.0},{"not_picked":["Prostrate","Sanctity"],"picked":"Swivel","floor":13.0},{"not_picked":["MasterReality","ConjureBlade"],"picked":"DevaForm","floor":16.0},{"not_picked":["Halt","SashWhip","Swivel"],"picked":"SKIP","floor":18.0},{"not_picked":["ThirdEye+1","Meditate+1"],"picked":"Worship+1","floor":22.0},{"not_picked":["ForeignInfluence+1","JustLucky+1"],"picked":"FollowUp+1","floor":23.0},{"not_picked":["Worship","CutThroughFate"],"picked":"FollowUp+1","floor":24.0},{"not_picked":["FlyingSleeves+1","ForeignInfluence"],"picked":"Wallop+1","floor":25.0},{"not_picked":["Prostrate","BowlingBash+1"],"picked":"Ragnarok","floor":27.0},{"not_picked":["FlurryOfBlows","CutThroughFate"],"picked":"Halt+1","floor":29.0},{"not_picked":["FlurryOfBlows","CrushJoints"],"picked":"InnerPeace","floor":30.0},{"not_picked":["CrushJoints","EmptyBody","SashWhip"],"picked":"SKIP","floor":31.0},{"not_picked":["Brilliance","LessonLearned"],"picked":"Scrawl","floor":33.0},{"not_picked":["Consecrate+1","ClearTheMind+1"],"picked":"Fasting2+1","floor":35.0},{"not_picked":["PathToVictory","EmptyBody","ReachHeaven"],"picked":"SKIP","floor":36.0},{"not_picked":["BowlingBash","Crescendo+1","FlurryOfBlows+1"],"picked":"SKIP","floor":39.0},{"not_picked":["ThirdEye+1","Collect","SashWhip"],"picked":"SKIP","floor":40.0},{"not_picked":["PathToVictory+1","FlyingSleeves+1"],"picked":"Omniscience","floor":42.0},{"not_picked":["FlyingSleeves+1","InnerPeace","ThirdEye"],"picked":"SKIP","floor":45.0},{"not_picked":["ForeignInfluence","Halt+1","FollowUp+1"],"picked":"SKIP","floor":48.0},{"not_picked":["WindmillStrike","JustLucky"],"picked":"BattleHymn+1","floor":54.0}],"player_experience":294262,"relics_obtained":[{"floor":6.0,"key":"Pen Nib"},{"floor":9.0,"key":"War Paint"},{"floor":13.0,"key":"Letter Opener"},{"floor":24.0,"key":"Akabeko"},{"floor":26.0,"key":"Oddly Smooth Stone"},{"floor":29.0,"key":"MealTicket"},{"floor":31.0,"key":"TeardropLocket"},{"floor":40.0,"key":"Kunai"},{"floor":45.0,"key":"Ornamental Fan"},{"floor":48.0,"key":"Du-Vu Doll"},{"floor":54.0,"key":"StrikeDummy"}],"event_choices":[{"damage_healed":0.0,"max_hp_gain":0.0,"max_hp_loss":0.0,"gold_gain":0.0,"event_name":"Scrap Ooze","player_choice":"Success","floor":10.0,"gold_loss":0.0,"damage_taken":7.0,"relics_obtained":["Potion Belt"]},{"damage_healed":0.0,"max_hp_gain":0.0,"max_hp_loss":0.0,"gold_gain":0.0,"event_name":"Shining Light","player_choice":"Entered Light","floor":14.0,"gold_loss":0.0,"damage_taken":13.0,"cards_upgraded":["Vengeance","Strike_P"]},{"damage_healed":0.0,"max_hp_gain":0.0,"max_hp_loss":0.0,"gold_gain":0.0,"event_name":"Addict","player_choice":"Stole Relic","floor":19.0,"gold_loss":0.0,"damage_taken":0.0,"relics_obtained":["White Beast Statue"],"cards_obtained":["Shame"]},{"damage_healed":0.0,"max_hp_gain":0.0,"max_hp_loss":0.0,"gold_gain":0.0,"event_name":"Match and Keep!","player_choice":"3 cards matched","floor":21.0,"gold_loss":0.0,"damage_taken":0.0,"cards_obtained":["Flash of Steel","SandsOfTime","Omniscience"]},{"damage_healed":0.0,"max_hp_gain":0.0,"max_hp_loss":3.0,"gold_gain":0.0,"event_name":"Winding Halls","player_choice":"Max HP","floor":38.0,"gold_loss":0.0,"damage_taken":0.0},{"cards_removed":["Strike_P"],"damage_healed":0.0,"max_hp_gain":0.0,"max_hp_loss":0.0,"gold_gain":0.0,"event_name":"Falling","player_choice":"Removed Attack","floor":46.0,"gold_loss":0.0,"damage_taken":0.0}],"is_beta":false,"boss_relics":[{"not_picked":["Tiny House","Runic Pyramid"],"picked":"Cursed Key"},{"not_picked":["VioletLotus","Coffee Dripper"],"picked":"Astrolabe"}],"items_purged_floors":[7,20,37,53],"is_endless":false,"potions_floor_spawned":[4,12,13,18,22,23,24,25,27,29,30,31,33,35,36,39,40,42,45,48,54],"killed_by":"The Heart","ascension_level":3}}