{"host":"njb27ds59h4j3ikk","time":1608149957,"event":{"mods":["AchievementEnabler","BaseMod","Better Altar","Better Match","Better Note","Better Sensory Stone","Better Skull","Better Third Choice","BetterRewards","Downfall","Hermit","Hubris","Minty Spire (QoL Compilation)","Permanent Neow","Quarter Circle Forward PUNCH!","Quick Restart","Rare Cards Sparkle","Replay The Spire","Shop Mod","StSLib","Trackpad","Transform Curses"],"gold_per_floor":[118,43,62,79,99,133,133,143,143,75,75,75,175,190,190,210,210,308,308,320,334,194,47,63,63,93,93,167,181,209,225,255,267,279,395,407,430,492,504,534,131,157,157,175,202,234,244,244,257,284,284,284,284,284,1,36,36],"floor_reached":58,"playtime":3529,"items_purged":[],"score":1704,"play_id":"cdc64e29-17a5-41dc-b491-dff39f445948","local_time":"20201216151917","is_ascension_mode":true,"campfire_choices":[{"data":"champ:Control","floor":15.0,"key":"SMITH"},{"data":"champ:Taunt","floor":15.0,"key":"SMITH"},{"data":"champ:VampiricStrike","floor":17.0,"key":"SMITH"},{"data":"champ:FalseCounter","floor":17.0,"key":"SMITH"},{"data":"champ:StrikeOfGenius","floor":25.0,"key":"SMITH"},{"data":"champ:TornadoPunch","floor":25.0,"key":"SMITH"},{"data":"champ:FanOfKnives","floor":27.0,"key":"SMITH"},{"data":"champ:Aggression","floor":27.0,"key":"SMITH"},{"data":"champ:HeartStrike","floor":34.0,"key":"SMITH"},{"data":"champ:AdrenalArmor","floor":34.0,"key":"SMITH"},{"floor":43,"key":"RECALL"},{"data":"Thunderclap","floor":48,"key":"SMITH"},{"data":"champ:Encircle","floor":48,"key":"SMITH"},{"data":"ReplayReversal","floor":51,"key":"SMITH"},{"data":"champ:EnGarde","floor":51,"key":"SMITH"},{"data":"champ:ArenaPreparation","floor":54,"key":"SMITH"},{"data":"champ:TornadoPunch","floor":54,"key":"SMITH"}],"circlet_count":0,"master_deck":["champ:Strike","champ:Strike","champ:Strike","champ:Strike","champ:Defend","champ:Defend","champ:Defend","champ:Defend","champ:Execute","champ:Taunt+1","champ:FanOfKnives+1","champ:VampiricStrike+1","champ:TornadoPunch+1","champ:Aggression+1","champ:EnGarde+1","champ:ArenaPreparation+1","champ:AdrenalArmor+1","champ:FalseCounter+1","champ:Control+1","champ:Encircle+1","champ:IgnorePain","champ:StrikeOfGenius+1","champ:CrookedStrike+1","champ:PerfectedStrike","Panacea","champ:TornadoPunch+1","champ:BringItOn+1","champ:FocusedGladiator+1","champ:FocusedBerserking+1","champ:Circumvent+1","champ:HeartStrike+1","champ:Devastate+1","hexamod:SpectralSpark","champ:Improvising+1","champ:CheapShot+1","Thunderclap+1","champ:CalledShot+1","champ:CalledShot+1","champ:Circumvent+1","Discovery+1","champ:GladiatorsShout+1","Clumsy","Immolate+1","champ:RapidStrikes+1","ReplayReversal+1","champ:IronFortress+1","champ:GladiatorStyle+1","champ:BerserkersShout+1"],"relics":["champ:ChampionCrown","White Beast Statue","FaceOfCleric","Replay:Arrowhead","Cursed Key","ReplayTheSpireMod:CursedCoin","Akabeko","Boot","Golden Egg","hubris:TerracottaHorce","ChewingGum","Calling Bell","m_SnakeBloodCore","Ancient Tea Set","hubris:DisguiseKit","Durian","Replay:Kaleidoscope","MerchantsRug","Quantum Egg","champ:BerserkersGuideToSlaughter","trackpad:AdjectivePendant","Replay:Rubber Ducky","qcfpunch:Broken_Tusk","Chameleon Ring","Blue Doll"],"acts_visited":["Exordium","TheCity","TheBeyond","TheEnding"],"potions_floor_usage":[42,50,52,52,57,57],"damage_taken":[{"damage":5.0,"enemies":"Small Slimes","floor":1.0,"turns":3.0},{"damage":9.0,"enemies":"Cultist","floor":3.0,"turns":4.0},{"damage":8.0,"enemies":"Jaw Worm","floor":4.0,"turns":3.0},{"damage":17.0,"enemies":"Lots of Slimes","floor":5.0,"turns":3.0},{"damage":29.0,"enemies":"3 Sentries","floor":6.0,"turns":4.0},{"damage":25.0,"enemies":"Red Slaver","floor":8.0,"turns":3.0},{"damage":47.0,"enemies":"Large Slime","floor":14.0,"turns":5.0},{"damage":14.0,"enemies":"3 Louse","floor":16.0,"turns":1.0},{"damage":85.0,"enemies":"Fading Forest","floor":18.0,"turns":11.0},{"damage":36.0,"enemies":"Chosen","floor":20.0,"turns":3.0},{"damage":39.0,"enemies":"2 Thieves","floor":21.0,"turns":3.0},{"damage":35.0,"enemies":"Snecko","floor":24.0,"turns":3.0},{"damage":40.0,"enemies":"Slavers","floor":26.0,"turns":3.0},{"damage":7.0,"enemies":"Snake Plant","floor":29.0,"turns":3.0},{"damage":39.0,"enemies":"Replay:Snechameleon","floor":30.0,"turns":5.0},{"damage":25.0,"enemies":"Centurion and Healer","floor":31.0,"turns":5.0},{"damage":15.0,"enemies":"Slavers","floor":32.0,"turns":2.0},{"damage":99.0,"enemies":"hubris:MusketHawk","floor":35.0,"turns":12.0},{"damage":21.0,"enemies":"3 Darklings","floor":37.0,"turns":3.0},{"damage":49.0,"enemies":"Mind Bloom Boss Battle","floor":38.0,"turns":7.0},{"damage":41.0,"enemies":"3 Shapes","floor":40.0,"turns":2.0},{"damage":29,"enemies":"Reptomancer","floor":42,"turns":5},{"damage":25,"enemies":"Spire Growth","floor":44,"turns":4},{"damage":62,"enemies":"R_Hoarder","floor":46,"turns":7},{"damage":0,"enemies":"Maw","floor":47,"turns":4},{"damage":13,"enemies":"4 Shapes","floor":49,"turns":3},{"damage":30,"enemies":"Nemesis","floor":50,"turns":3},{"damage":51,"enemies":"hubris:GrandSnecko","floor":52,"turns":16},{"damage":33,"enemies":"Shield and Spear","floor":56,"turns":3},{"damage":68,"enemies":"The Heart","floor":57,"turns":8}],"seed_played":"930013701233770482","potions_obtained":[{"floor":1.0,"key":"Strength Potion"},{"floor":3.0,"key":"DistilledChaos"},{"floor":8.0,"key":"SteroidPotion"},{"floor":14.0,"key":"LiquidMemories"},{"floor":16.0,"key":"LifebloodPotion"},{"floor":26.0,"key":"EssenceOfSteel"},{"floor":30.0,"key":"Fruit Juice"},{"floor":31.0,"key":"Cursed Concoction"},{"floor":35.0,"key":"Slimebound:ThreeZeroPotion"},{"floor":42,"key":"Toxic Potion"},{"floor":44,"key":"Death Potion"},{"floor":50,"key":"sneckomod:MuddlingPotion"},{"floor":56,"key":"Swift Potion"}],"is_trial":false,"path_per_floor":["M","?","M","M","M","E","?","M","T","$","PTL","PTL","?","M","R","M","R","B",null,"M","M","$","$","M","R","E","R","T","M","E","M","E","?","R","B",null,"M","?","?","M","$","E","R","M","T","E","M","R","M","E","R","B",null,"R","$","E","B",null],"character_chosen":"THE_CHAMP","items_purchased":["champ:Control","ReplayTheSpireMod:CursedCoin","Akabeko","Panacea","champ:TornadoPunch","Omamori","champ:CalledShot+1","MerchantsRug","Quantum Egg","champ:BerserkersGuideToSlaughter","champ:Circumvent","Discovery","Chameleon Ring","champ:GladiatorStyle","Strength Potion"],"campfire_rested":0,"item_purchase_floors":[10,22,22,22,22,23,41,41,41,41,41,41,55,55,55],"current_hp_per_floor":[99,99,90,91,83,74,74,73,73,73,73,73,73,84,84,85,85,47,103,104,105,105,105,103,103,100,100,100,101,101,115,104,104,104,51,106,98,114,114,121,121,104,104,124,124,128,129,129,130,122,122,132,132,132,132,131,134],"gold":36,"neow_bonus":"TEN_PERCENT_HP_BONUS","is_daily":false,"chose_seed":false,"campfire_upgraded":16,"win_rate":0.0,"timestamp":1608149957,"path_taken":["M","?","M","M","M","E","?","?","T","?","PTL","PTL","?","M","R","M","R","BOSS","M","M","?","$","?","R","E","R","T","?","E","M","E","?","R","BOSS","M","?","?","M","$","E","R","?","T","E","M","R","M","E","R","BOSS","R","$","E","BOSS"],"items_purchased_type":["Card","Relic","Relic","Card","Card","Relic","Card","Relic","Relic","Relic","Card","Card","Relic","Card","Potion"],"build_version":"2020-12-13","purchased_purges":0,"victory":true,"max_hp_per_floor":[99,99,99,99,99,99,99,100,100,100,100,100,100,101,101,102,102,103,103,104,105,105,105,106,106,107,107,107,108,114,115,116,116,116,117,122,123,124,124,125,125,126,126,127,127,128,129,129,130,131,131,132,132,132,132,133,134],"card_choices":[{"not_picked":["champ:FlashCut","champ:DefensiveShout"],"picked":"champ:FanOfKnives","floor":1.0},{"not_picked":["champ:DancingMaster","champ:CrownThrow"],"picked":"champ:VampiricStrike","floor":2.0},{"not_picked":["champ:AdrenalArmor","champ:BladeFlurry"],"picked":"champ:TornadoPunch","floor":2.0},{"not_picked":["champ:Backstep","champ:BringItOn"],"picked":"champ:Aggression","floor":3.0},{"not_picked":["champ:FalseCounter","champ:ShieldSlam"],"picked":"champ:EnGarde","floor":4.0},{"not_picked":["champ:FanOfKnives","champ:BladeFlurry"],"picked":"champ:ArenaPreparation","floor":5.0},{"not_picked":["champ:BringItOn","champ:BladeFlurry"],"picked":"champ:AdrenalArmor","floor":6.0},{"not_picked":["champ:CrookedStrike","champ:Backstep"],"picked":"champ:FalseCounter","floor":8.0},{"not_picked":["champ:DefensiveShout","champ:BladeFlurry"],"picked":"champ:Encircle","floor":14.0},{"not_picked":["champ:BerserkersShout","champ:GladiatorsShout"],"picked":"champ:IgnorePain","floor":16.0},{"not_picked":["champ:IgnorePain","champ:HoldFirm"],"picked":"champ:StrikeOfGenius","floor":18.0},{"not_picked":["champ:BringItOn","champ:FocusedBerserking"],"picked":"champ:CrookedStrike+1","floor":20.0},{"not_picked":["champ:ArenaPreparation+1","champ:Backstep"],"picked":"champ:PerfectedStrike","floor":21.0},{"not_picked":["champ:RapidStrikes","champ:PerfectedStrike"],"picked":"champ:BringItOn+1","floor":24.0},{"not_picked":["champ:AdrenalArmor","champ:BladeFlurry"],"picked":"champ:FocusedGladiator+1","floor":26.0},{"not_picked":["champ:Encircle","champ:PreciseThrust"],"picked":"champ:FocusedBerserking+1","floor":29.0},{"not_picked":["champ:EnGarde","champ:DefensiveShout+1"],"picked":"champ:Circumvent+1","floor":30.0},{"not_picked":["champ:Circumvent+1","champ:GladiatorsShout","champ:BringItOn"],"picked":"champ:HeartStrike","floor":31.0},{"not_picked":["champ:AdrenalArmor","champ:DeathBlow","champ:MurderStrike"],"picked":"champ:Devastate","floor":32.0},{"not_picked":["champ:HoldFirm","champ:Devastate","champ:IgnorePain"],"picked":"champ:Improvising","floor":35.0},{"not_picked":["champ:BladeFlurry","champ:EnragedBash+1","champ:BringItOn","Heavy Blade"],"picked":"champ:CheapShot","floor":37.0},{"not_picked":["champ:BerserkersShout","champ:GladiatorStyle","champ:Backstep+1","champ:StanceDance"],"picked":"Thunderclap","floor":38.0},{"not_picked":["champ:FlashCut","champ:CrookedStrike","champ:EnGarde+1","Warcry"],"picked":"champ:CalledShot+1","floor":40.0},{"not_picked":["champ:FanOfKnives","champ:TornadoPunch+1","champ:PerfectedStrike","champ:BringItOn","Wild Strike"],"picked":"SKIP","floor":42},{"not_picked":["champ:Backstep","champ:CrookedStrike+1","champ:StanceDance","Clothesline"],"picked":"champ:GladiatorsShout+1","floor":44},{"not_picked":["champ:CrookedStrike+1","champ:StanceDance","champ:Circumvent+1","champ:DefensiveStyle+1"],"picked":"Immolate","floor":46},{"not_picked":["champ:GutPunch+1","champ:HeartStrike","champ:StrikeOfGenius","Disarm"],"picked":"champ:RapidStrikes+1","floor":47},{"not_picked":["champ:Encircle+1","champ:PerfectedStrike","champ:FanOfKnives+1","champ:RecklessLeap"],"picked":"ReplayReversal","floor":49},{"not_picked":["champ:CrookedStrike","champ:DeathBlow","champ:StanceDance","Rupture"],"picked":"champ:IronFortress+1","floor":50},{"not_picked":["champ:Encircle+1","champ:TornadoPunch","ReplayTheSpireMod:Stacked"],"picked":"champ:BerserkersShout+1","floor":56}],"player_experience":1203634,"relics_obtained":[{"floor":6.0,"key":"White Beast Statue"},{"floor":9.0,"key":"Replay:Arrowhead"},{"floor":26.0,"key":"Boot"},{"floor":28.0,"key":"Golden Egg"},{"floor":30.0,"key":"Question Card"},{"floor":32.0,"key":"MawBank"},{"floor":36.0,"key":"Ancient Tea Set"},{"floor":36.0,"key":"hubris:DisguiseKit"},{"floor":36.0,"key":"Durian"},{"floor":38.0,"key":"Replay:Kaleidoscope"},{"floor":42,"key":"trackpad:AdjectivePendant"},{"floor":46,"key":"Replay:Rubber Ducky"},{"floor":50,"key":"qcfpunch:Broken_Tusk"},{"floor":56,"key":"Blue Doll"}],"event_choices":[{"damage_healed":0.0,"max_hp_gain":0.0,"max_hp_loss":0.0,"gold_gain":0.0,"event_name":"betterMatch:BetterMatch","player_choice":"1","floor":2.0,"gold_loss":0.0,"damage_taken":0.0,"cards_obtained":["betterMatch:RareCard","betterMatch:CommonCard"]},{"damage_healed":0.0,"max_hp_gain":0.0,"max_hp_loss":0.0,"gold_gain":0.0,"event_name":"FaceTrader","player_choice":"Trade","floor":7.0,"gold_loss":0.0,"damage_taken":0.0,"relics_obtained":["FaceOfCleric"]},{"damage_healed":0.0,"max_hp_gain":0.0,"max_hp_loss":0.0,"gold_gain":100.0,"event_name":"Golden Shrine","player_choice":"Pray","floor":13.0,"gold_loss":0.0,"damage_taken":0.0},{"cards_removed":["champ:VampiricStrike"],"damage_healed":0.0,"max_hp_gain":0.0,"max_hp_loss":0.0,"gold_gain":0.0,"event_name":"betterNote:BetterNote","player_choice":"Take \u0026 Give","floor":33.0,"gold_loss":0.0,"damage_taken":0.0,"cards_obtained":["hexamod:SpectralSpark"]},{"damage_healed":0.0,"max_hp_gain":0.0,"max_hp_loss":0.0,"gold_gain":0.0,"event_name":"MindBloom","player_choice":"Fight","floor":38.0,"gold_loss":0.0,"damage_taken":0.0},{"cards_removed":["Delirium"],"damage_healed":0.0,"max_hp_gain":0.0,"max_hp_loss":0.0,"gold_gain":0.0,"event_name":"Purifier","player_choice":"Purged","floor":39.0,"gold_loss":0.0,"damage_taken":0.0}],"is_beta":false,"boss_relics":[{"not_picked":["Fusion Hammer","Snecko Eye"],"picked":"Cursed Key"},{"not_picked":["Empty Cage","qcfpunch:Crimson_Sash"],"picked":"Replay:Grab Bag"},{"not_picked":["ReplayTheSpireMod:Onyx Gauntlets","Painkiller Herb"],"picked":"hubris:TerracottaHorce"},{"not_picked":["hubris:GrandSneckoEye","trackpad:Trackpad"],"picked":"ChewingGum"},{"not_picked":["qcfpunch:Dark_Gi","Kintsugi"],"picked":"Calling Bell"},{"not_picked":["Pandora\u0027s Box","Ring of Chaos"],"picked":"hubris:Backtick"}],"items_purged_floors":[],"is_endless":false,"potions_floor_spawned":[1,3,8,14,16,18,20,21,24,26,29,30,31,32,35,37,38,40,42,44,46,47,49,50,56],"ascension_level":6}}