{"host":"svp5k7820qggnejp","time":1608108789,"event":{"mods":["Aspiration","Astrologer","BaseMod","BetterRewards","Clockwork Mod","FutureSeer","Hubris","Infinite Spire","Minty Spire (QoL Compilation)","Replay The Spire","Spicy Shops","StSLib","The Dragon Tamer","The Gatherer","The Necromancer","The Senshi","Transform Curses","Treasure Hunter"],"gold_per_floor":[112,112,112,112,125,174,219,219,219,219,228,228,228,248,248,248,248,371,398,443,443,443,443,443,443,443],"floor_reached":25,"playtime":2588,"items_purged":[],"score":303,"play_id":"5d3db21d-0795-429e-85bf-f0a4ebc2dc36","local_time":"20201216035309","daily_mods":["Hoarder","Vintage","Diverse","Heirloom","Time Dilation","Flight"],"is_ascension_mode":false,"campfire_choices":[{"floor":10.0,"key":"REST"},{"data":"Echo Form","floor":12.0,"key":"SMITH"},{"data":"Clockwork:PerfectForm","floor":13.0,"key":"SMITH"},{"floor":17.0,"key":"REST"}],"circlet_count":0,"master_deck":["Demon Form","Wraith Form v2","Echo Form+1","DevaForm","Gatherer:BomberForm","Clockwork:PerfectForm+1","DTMod:ResonanceForm","astrologer:Starfield","Clockwork:Strike+1","Clockwork:Strike+1","Clockwork:Strike+1","Clockwork:Strike+1","Clockwork:Shield+1","Clockwork:Shield+1","Clockwork:Shield+1","Clockwork:Shield+1","Clockwork:Tinker","Clockwork:WarmUp","TH:DeckOfManyThings","TH:DeckOfManyThings","TH:DeckOfManyThings","Escape Plan","Escape Plan","Escape Plan","Future_Accurate_Predict","Future_Accurate_Predict","Future_Accurate_Predict","TH:BikiniMail","TH:BikiniMail","TH:BikiniMail","TH:BikiniMail","TH:BikiniMail","TH:BikiniMail","Clockwork:DefectiveParts","Clockwork:DefectiveParts","Clockwork:DefectiveParts","Midas Touch+1","Midas Touch+1","Midas Touch+1","Secret Weapon+1","Secret Weapon+1","Secret Weapon+1","Mind Blast+1","Mind Blast+1","Mind Blast+1"],"relics":["Clockwork:MomentumEngine","Clockwork:BreathingRoom","CeramicFish","hubris:Spice","infinitespire:WardingShard","Astrolabe","Ring of Hypnosis","Ring of Fury","Ornamental Fan","aspiration:RitualStick"],"acts_visited":["Exordium","TheCity"],"potions_floor_usage":[25],"damage_taken":[{"damage":10.0,"enemies":"Jaw Worm","floor":1.0,"turns":9.0},{"damage":29.0,"enemies":"2 Louse","floor":5.0,"turns":7.0},{"damage":33.0,"enemies":"Gremlin Nob","floor":6.0,"turns":6.0},{"damage":8.0,"enemies":"Replay:BlueRogue","floor":7.0,"turns":11.0},{"damage":29.0,"enemies":"Small Slimes","floor":14.0,"turns":6.0},{"damage":79.0,"enemies":"The Guardian","floor":18.0,"turns":15.0},{"damage":61,"enemies":"Spheric Guardian","floor":20,"turns":8},{"damage":71,"enemies":"Nightmare","floor":25,"turns":9}],"seed_played":"296048724475804819","potions_obtained":[{"floor":5.0,"key":"SpeedPotion"},{"floor":14.0,"key":"Venom Potion"},{"floor":18.0,"key":"Reflective Coating"}],"is_trial":true,"path_per_floor":["M","WH","WH","WH","M","E","E","PTL","PTL","R","T","R","R","M","WH","WH","R","B",null,"M","?","?","AVR","?","NM"],"character_chosen":"CLOCKWORK","items_purchased":[],"campfire_rested":2,"item_purchase_floors":[],"current_hp_per_floor":[75,83,92,102,81,56,48,48,48,84,84,84,84,55,66,78,118,39,135,89,89,89,89,64,0,0],"gold":443,"neow_bonus":"TEN_PERCENT_HP_BONUS","is_daily":false,"chose_seed":false,"campfire_upgraded":2,"win_rate":0.0,"timestamp":1608108789,"path_taken":["M","WH","WH","WH","M","E","E","PTL","PTL","R","T","R","R","M","WH","WH","R","BOSS","M","?","?","AVR","?","NM"],"items_purchased_type":[],"build_version":"2020-12-13","purchased_purges":0,"victory":false,"max_hp_per_floor":[85,93,102,112,120,128,120,120,120,120,120,120,120,112,123,135,135,135,135,127,127,127,127,127,127,127],"card_choices":[{"not_picked":["TH:Mimic"],"picked":"TH:DeckOfManyThings","floor":6.0},{"not_picked":["Clockwork:CogBarrier","Clockwork:Enhance"],"picked":"Escape Plan","floor":6.0},{"not_picked":["TH:BikiniMail"],"picked":"TH:EnergyPotion","floor":7.0},{"not_picked":["Backflip","Clockwork:Enhance"],"picked":"Future_Accurate_Predict","floor":7.0},{"not_picked":["TH:Mimic"],"picked":"TH:BikiniMail","floor":11.0},{"not_picked":["TH:EnergyPotion"],"picked":"TH:BikiniMail","floor":18.0},{"not_picked":["DTMod:OpeningTactic","Gatherer:GrowBook"],"picked":"Clockwork:DefectiveParts","floor":18.0}],"player_experience":186170,"relics_obtained":[{"floor":1.0,"key":"CeramicFish"},{"floor":5.0,"key":"hubris:Spice"},{"floor":6.0,"key":"hubris:Spice"},{"floor":7.0,"key":"hubris:Spice"},{"floor":11.0,"key":"infinitespire:WardingShard"},{"floor":14.0,"key":"hubris:Spice"},{"floor":20,"key":"hubris:Spice"},{"floor":22,"key":"Ring of Hypnosis"},{"floor":22,"key":"Ring of Fury"}],"event_choices":[{"damage_healed":0,"gold_gain":0,"player_choice":"Simplicity","damage_taken":0,"max_hp_gain":0,"max_hp_loss":0,"event_name":"Back to Basics","floor":21,"gold_loss":0,"cards_upgraded":["Clockwork:Strike","Clockwork:Strike","Clockwork:Strike","Clockwork:Strike","Clockwork:Shield","Clockwork:Shield","Clockwork:Shield","Clockwork:Shield"]}],"is_beta":false,"boss_relics":[{"not_picked":["hubris:Spice","aspiration:RunicSpoon"],"picked":"Astrolabe"}],"items_purged_floors":[],"is_endless":false,"potions_floor_spawned":[5,14,18],"killed_by":"Nightmare","ascension_level":0}}