{"host":"j4g6ia6asvpyu2b0","time":1608084204,"event":{"mods":["BaseMod","Colored Map","Minty Spire (QoL Compilation)","Permanent Neow","Quick Restart","Relic Stats","StSLib","Unceasing Turn Reminder"],"gold_per_floor":[360,16,29,44,63,63,91,166,166,6,6,24,58,75,75,173,173,185,185,185,200,219,249,249,282,309,325,325,325,325,338,338,436,436,450,450,38,58,58,58,77,77,103,136,136,148,159,184,184,184,184,184,32,64,64],"floor_reached":56,"playtime":1876,"items_purged":[],"score":1648,"play_id":"968d647f-87d9-4caa-8619-65f1b80781fc","local_time":"20201215190324","is_ascension_mode":true,"campfire_choices":[{"data":"Neutralize","floor":6,"key":"SMITH"},{"data":"Adrenaline","floor":11,"key":"SMITH"},{"data":"Poisoned Stab","floor":15,"key":"SMITH"},{"floor":24,"key":"REST"},{"data":"Dash","floor":28,"key":"SMITH"},{"data":"Poisoned Stab","floor":30,"key":"SMITH"},{"data":"Dagger Throw","floor":32,"key":"SMITH"},{"floor":40,"key":"RECALL"},{"data":"Flash of Steel","floor":42,"key":"SMITH"},{"floor":45,"key":"REST"},{"data":"Grand Finale","floor":49,"key":"SMITH"},{"data":"Flying Knee","floor":52,"key":"SMITH"}],"circlet_count":0,"master_deck":["Survivor","Neutralize+1","Flying Knee+1","Poisoned Stab+1","Caltrops+1","Eviscerate","Adrenaline+1","Well Laid Plans+1","Trip+1","Dodge and Roll+1","Underhanded Strike","Leg Sweep+1","Corpse Explosion+1","Cloak And Dagger+1","Blade Dance+1","Malaise+1","Footwork+1","Dash+1","Envenom+1","Poisoned Stab+1","Masterful Stab+1","Blur+1","Grand Finale+1","Acrobatics+1","PiercingWail+1","Outmaneuver+1","Dash+1","Blur+1","Catalyst+1","After Image+1","Blade Dance+1","Tactician+1","Catalyst+1","Tools of the Trade+1","Flash of Steel+1","Dodge and Roll+1","Bouncing Flask+1","Dash+1","Shame","Envenom+1","Caltrops+1","Reflex+1","Bullet Time+1","Footwork+1","Caltrops+1","Infinite Blades+1","Crippling Poison+1"],"relics":["Ring of the Snake","Frozen Egg 2","Centennial Puzzle","Toxic Egg 2","Incense Burner","Pandora\u0027s Box","Enchiridion","Mercury Hourglass","Lantern","Anchor","Cursed Key","Kunai","Torii","The Courier","Thread and Needle"],"acts_visited":["Exordium","TheCity","TheBeyond","TheEnding"],"potions_floor_usage":[7,13,13,25,54,55],"damage_taken":[{"damage":1,"enemies":"Cultist","floor":1,"turns":4},{"damage":8,"enemies":"Jaw Worm","floor":3,"turns":5},{"damage":0,"enemies":"Small Slimes","floor":4,"turns":3},{"damage":11,"enemies":"3 Louse","floor":5,"turns":3},{"damage":6,"enemies":"Lagavulin","floor":7,"turns":5},{"damage":0,"enemies":"Red Slaver","floor":12,"turns":2},{"damage":0,"enemies":"3 Sentries","floor":13,"turns":5},{"damage":0,"enemies":"2 Fungi Beasts","floor":14,"turns":2},{"damage":2,"enemies":"The Guardian","floor":16,"turns":12},{"damage":0,"enemies":"Chosen","floor":18,"turns":4},{"damage":0,"enemies":"Spheric Guardian","floor":21,"turns":3},{"damage":6,"enemies":"Cultist and Chosen","floor":22,"turns":4},{"damage":5,"enemies":"Book of Stabbing","floor":23,"turns":3},{"damage":0,"enemies":"Gremlin Leader","floor":25,"turns":5},{"damage":0,"enemies":"Snake Plant","floor":27,"turns":3},{"damage":0,"enemies":"Centurion and Healer","floor":31,"turns":3},{"damage":0,"enemies":"Champ","floor":33,"turns":11},{"damage":0,"enemies":"3 Shapes","floor":35,"turns":3},{"damage":0,"enemies":"3 Darklings","floor":38,"turns":3},{"damage":0,"enemies":"4 Shapes","floor":41,"turns":5},{"damage":17,"enemies":"Nemesis","floor":44,"turns":5},{"damage":0,"enemies":"Jaw Worm Horde","floor":46,"turns":2},{"damage":1,"enemies":"Writhing Mass","floor":47,"turns":5},{"damage":0,"enemies":"Giant Head","floor":48,"turns":6},{"damage":10,"enemies":"Donu and Deca","floor":50,"turns":3},{"damage":1,"enemies":"Shield and Spear","floor":54,"turns":4},{"damage":25,"enemies":"The Heart","floor":55,"turns":6}],"seed_played":"-7751753572688522874","potions_obtained":[{"floor":7,"key":"Energy Potion"},{"floor":12,"key":"BlessingOfTheForge"},{"floor":16,"key":"LiquidMemories"},{"floor":21,"key":"Poison Potion"},{"floor":22,"key":"Explosive Potion"},{"floor":25,"key":"Energy Potion"},{"floor":35,"key":"LiquidMemories"},{"floor":46,"key":"PowerPotion"}],"is_trial":false,"path_per_floor":["M","$","M","M","M","R","E","?","T","$","R","M","E","M","R","B",null,"M","?","?","M","M","E","R","E","T","M","R","?","R","M","R","B",null,"M","?","$","M","?","R","M","R","T","E","R","M","M","E","R","B",null,"R","$","E","B",null],"character_chosen":"THE_SILENT","items_purchased":["Frozen Egg 2","Poisoned Stab","PowerPotion","Well Laid Plans+1","Trip+1","Tactician+1","Catalyst+1","Kunai","Footwork+1","Caltrops+1","Infinite Blades+1"],"campfire_rested":2,"item_purchase_floors":[2,2,2,10,10,37,37,37,53,53,53],"current_hp_per_floor":[62,62,54,54,43,43,37,26,26,26,26,26,26,26,26,24,63,63,63,47,47,41,36,54,54,54,54,54,54,54,54,54,54,63,63,63,63,63,63,63,63,63,63,46,63,63,62,62,62,52,63,63,63,62,37],"gold":64,"neow_bonus":"TWO_FIFTY_GOLD","is_daily":false,"chose_seed":false,"campfire_upgraded":9,"win_rate":0.0,"timestamp":1608084204,"path_taken":["M","$","M","M","M","R","E","?","T","$","R","M","E","M","R","BOSS","M","?","?","M","M","E","R","E","T","M","R","?","R","?","R","BOSS","M","?","$","M","?","R","?","R","T","E","R","M","M","E","R","BOSS","R","$","E","BOSS"],"items_purchased_type":["Relic","Card","Potion","Card","Card","Card","Card","Relic","Card","Card","Card"],"build_version":"2020-12-13","purchased_purges":0,"victory":true,"max_hp_per_floor":[63,63,63,63,63,63,63,63,63,63,63,63,63,63,63,63,63,63,63,63,63,63,63,63,63,63,63,63,63,63,63,63,63,63,63,63,63,63,63,63,63,63,63,63,63,63,63,63,63,63,63,63,63,63,63],"relic_stats":{"Centennial Puzzle":[24],"Torii":10,"counters":[27,118],"Pandora\u0027s Box":["Cloak And Dagger","Blade Dance","Malaise","Footwork","Dash","Finisher","Envenom","Distraction","Underhanded Strike","Poisoned Stab"],"Kunai":[16],"Cursed Key":1,"obtain_stats":[{"Lantern":25,"Torii":44,"Enchiridion":20,"Thread and Needle":54,"The Courier":48,"Incense Burner":13,"Frozen Egg 2":2,"Cursed Key":34,"Mercury Hourglass":23,"Centennial Puzzle":7,"Anchor":26,"Pandora\u0027s Box":17,"Kunai":37,"Toxic Egg 2":9,"Ring of the Snake":0},{"Lantern":14,"Torii":21,"Enchiridion":10,"Thread and Needle":26,"The Courier":24,"Incense Burner":7,"Frozen Egg 2":1,"Cursed Key":17,"Mercury Hourglass":13,"Centennial Puzzle":5,"Anchor":14,"Pandora\u0027s Box":9,"Kunai":18,"Toxic Egg 2":5,"Ring of the Snake":0},{"Lantern":60,"Torii":93,"Enchiridion":45,"Thread and Needle":112,"The Courier":105,"Incense Burner":27,"Frozen Egg 2":4,"Cursed Key":77,"Mercury Hourglass":55,"Centennial Puzzle":20,"Anchor":60,"Pandora\u0027s Box":41,"Kunai":80,"Toxic Egg 2":20,"Ring of the Snake":0}],"Ring of the Snake":[54],"Mercury Hourglass":[239]},"card_choices":[{"not_picked":["Underhanded Strike","Riddle With Holes"],"picked":"Flying Knee","floor":1},{"not_picked":["Deadly Poison","Outmaneuver"],"picked":"Caltrops+1","floor":3},{"not_picked":["Dodge and Roll","Prepared"],"picked":"Dagger Throw","floor":4},{"not_picked":["Prepared","Underhanded Strike"],"picked":"Eviscerate","floor":5},{"not_picked":["Venomology","Eviscerate"],"picked":"Adrenaline","floor":7},{"not_picked":["Bane","Acrobatics+1"],"picked":"Dodge and Roll+1","floor":12},{"not_picked":["Well Laid Plans+1","Slice"],"picked":"Underhanded Strike","floor":13},{"not_picked":["Setup+1","Tactician+1"],"picked":"Leg Sweep+1","floor":14},{"not_picked":["Unload","Grand Finale"],"picked":"Corpse Explosion+1","floor":16},{"not_picked":["Accuracy+1","Dagger Throw"],"picked":"Masterful Stab+1","floor":18},{"not_picked":["Prepared+1","Finisher+1"],"picked":"Acrobatics+1","floor":21},{"not_picked":["Prepared+1","Choke"],"picked":"PiercingWail+1","floor":22},{"not_picked":["Setup+1","Dagger Throw+1"],"picked":"Outmaneuver+1","floor":23},{"not_picked":["Underhanded Strike","Poisoned Stab"],"picked":"Dash+1","floor":25},{"not_picked":["Sucker Punch","PiercingWail+1"],"picked":"Blur+1","floor":27},{"not_picked":["A Thousand Cuts+1","Backflip+1"],"picked":"Catalyst+1","floor":31},{"not_picked":["Unload","Burst+1"],"picked":"After Image+1","floor":33},{"not_picked":["Flying Knee","Underhanded Strike"],"picked":"Blade Dance+1","floor":35},{"not_picked":["Cloak And Dagger+1","Slice+1"],"picked":"Tools of the Trade+1","floor":38},{"not_picked":["Quick Slash+1","Flechettes"],"picked":"Dash+1","floor":41},{"not_picked":["Flying Knee","Acrobatics+1"],"picked":"Envenom+1","floor":44},{"not_picked":["Concentrate+1","Dagger Spray+1"],"picked":"Caltrops+1","floor":46},{"not_picked":["Terror+1","Prepared+1"],"picked":"Reflex+1","floor":47},{"not_picked":["Deflect+1","Flechettes+1"],"picked":"Bullet Time+1","floor":48},{"not_picked":["Deadly Poison+1","Bane+1"],"picked":"Crippling Poison+1","floor":54}],"player_experience":673800,"relics_obtained":[{"floor":7,"key":"Centennial Puzzle"},{"floor":9,"key":"Toxic Egg 2"},{"floor":13,"key":"Incense Burner"},{"floor":20,"key":"Enchiridion"},{"floor":23,"key":"Mercury Hourglass"},{"floor":25,"key":"Lantern"},{"floor":26,"key":"Anchor"},{"floor":44,"key":"Torii"},{"floor":48,"key":"The Courier"},{"floor":54,"key":"Thread and Needle"}],"event_choices":[{"damage_healed":0,"gold_gain":75,"player_choice":"Gather Gold","damage_taken":11,"max_hp_gain":0,"max_hp_loss":0,"event_name":"World of Goop","floor":8,"gold_loss":0},{"damage_healed":0,"gold_gain":0,"cards_transformed":["Underhanded Strike","Finisher"],"player_choice":"Became Test Subject","damage_taken":0,"max_hp_gain":0,"max_hp_loss":0,"event_name":"Drug Dealer","floor":19,"gold_loss":0,"cards_obtained":["Blur","Grand Finale"]},{"damage_healed":0,"gold_gain":0,"player_choice":"Obtained Book","damage_taken":16,"max_hp_gain":0,"max_hp_loss":0,"event_name":"Cursed Tome","floor":20,"gold_loss":0},{"cards_removed":["Distraction"],"damage_healed":0,"gold_gain":0,"player_choice":"Purged","damage_taken":0,"max_hp_gain":0,"max_hp_loss":0,"event_name":"Purifier","floor":29,"gold_loss":0},{"cards_removed":["Dagger Throw"],"damage_healed":0,"gold_gain":0,"player_choice":"Removed Attack","damage_taken":0,"max_hp_gain":0,"max_hp_loss":0,"event_name":"Falling","floor":36,"gold_loss":0},{"damage_healed":0,"gold_gain":0,"player_choice":"3 cards matched","damage_taken":0,"max_hp_gain":0,"max_hp_loss":0,"event_name":"Match and Keep!","floor":39,"gold_loss":0,"cards_obtained":["Flash of Steel","Dodge and Roll","Bouncing Flask"]}],"is_beta":false,"boss_relics":[{"not_picked":["Busted Crown","WristBlade"],"picked":"Pandora\u0027s Box"},{"not_picked":["HoveringKite","Runic Pyramid"],"picked":"Cursed Key"}],"items_purged_floors":[],"is_endless":false,"potions_floor_spawned":[7,12,16,21,22,25,35,44,46],"ascension_level":4}}