{"host":"j9rq22nraqsrbvz2","time":1608144152,"event":{"mods":["AchievementEnabler","Act Like it!","BaseMod","Bestiary","Better Note","Better Third Choice","BetterRewards","Colored Map","Colored Powertips","Conspire","Downfall","Friendly Minions","GifTheSpireLib","Googly Eyes","Gremlin Mod","Grow up Mod","Halation","Hallownest","Hermit","Hubris","Hunter ??","Kiyohime????","Lobotomy","LobotomyExtend","Minty Spire (QoL Compilation)","Relic Stats","Replay The Spire","Shop Mod","Spicy Shops","StSLib","Stuff the Spire","The Administrix","The Bug Knight","The Factory","The IronCluck","The Jungle","TheBandit"],"gold_per_floor":[149,149,7,17,31,96,111,39,63,63,129,129,129,206,206,505,505,608,608,608,21,21,78,138,138,138,138,138],"floor_reached":27,"playtime":2969,"items_purged":[],"score":306,"play_id":"05f4b743-5cb2-4534-9e8b-976ae9f5d48f","local_time":"20201216134231","is_ascension_mode":false,"campfire_choices":[{"data":"Combo Form","floor":12,"key":"SMITH"},{"data":"GremlinNobPetCall","floor":12,"key":"SMITH"},{"floor":15,"key":"REST"}],"circlet_count":0,"master_deck":["conspire:NecroticWound"],"relics":["GiantSoulBox","CogitoBucket","LetterFromLob","hubris:Towel","BargainBundle","Frozen Eye","StuffTheSpire:OldFever","Eternal Feather","Blue Candle","Kunai","Replay:Arrowhead","Replay:Bandana","LuminousBracelet","GiantSoulStone","Cursed Key","ReplayTheSpireMod:CursedCoin","Pear","Shuriken","Onion Ring","Anchor","SkinProphecy","Replay:Bottled Flurry"],"acts_visited":["Exordium","TheCity"],"potions_floor_usage":[6,16],"damage_taken":[{"damage":10,"enemies":"Small Slimes","floor":1,"turns":3},{"damage":10,"enemies":"Cultist","floor":4,"turns":4},{"damage":7,"enemies":"Jaw Worm","floor":5,"turns":3},{"damage":5,"enemies":"Gremlin Nob","floor":6,"turns":3},{"damage":15,"enemies":"Red Slaver","floor":7,"turns":3},{"damage":74,"enemies":"Looter","floor":11,"turns":5},{"damage":19,"enemies":"Exordium Thugs","floor":14,"turns":4},{"damage":157,"enemies":"Fading Forest","floor":16,"turns":11},{"damage":67,"enemies":"3 Byrds","floor":18,"turns":5},{"damage":45,"enemies":"conspire:SneckoGhost","floor":23,"turns":4},{"damage":55,"enemies":"Shell Parasite","floor":24,"turns":4},{"damage":457,"enemies":"3 Cultists","floor":27,"turns":10}],"seed_played":"-2066584534147011422","potions_obtained":[{"floor":1,"key":"BlessingOfTheForge"},{"floor":14,"key":"DuplicationPotion"},{"floor":23,"key":"BlessingOfTheForge"}],"is_trial":false,"path_per_floor":["M","?","$","M","M","E","M","$","T","?","M","R","?","M","R","B",null,"M","?","?","$","?","E","M","?","T","M"],"character_chosen":"Giant","items_purchased":["BargainBundle","Frozen Eye","StuffTheSpire:OldFever","Bloody Giant","Storm Of Blood+1","CultistPetCall","Revenge Attack","EagleSecond","hubris:Ssssneak","Panache","Strength Potion","AttackPotion","Eternal Feather","Blue Candle","Replay:Arrowhead","ReplayTheSpireMod:CursedCoin","Pear","Shuriken","Onion Ring"],"campfire_rested":1,"item_purchase_floors":[3,3,3,3,3,3,3,3,3,3,3,3,3,3,8,21,21,21,21],"current_hp_per_floor":[75,85,95,101,110,126,127,137,147,180,143,168,178,180,250,195,275,248,258,268,288,298,276,284,365,375,0,0],"gold":138,"neow_bonus":"","is_daily":false,"chose_seed":false,"campfire_upgraded":2,"win_rate":0.0,"timestamp":1608144151,"path_taken":["M","?","$","M","M","E","M","$","T","?","M","R","?","?","R","BOSS","M","?","?","$","?","E","M","?","T","?"],"items_purchased_type":["Relic","Relic","Relic","Card","Card","Card","Card","Card","Card","Card","Potion","Potion","Relic","Relic","Relic","Relic","Relic","Relic","Relic"],"build_version":"2020-12-13","purchased_purges":0,"victory":false,"max_hp_per_floor":[85,95,105,115,125,140,150,160,170,180,205,215,225,240,250,265,275,285,295,305,325,335,345,355,365,375,377,377],"relic_stats":{"counters":[20,81],"Shuriken":[1],"Blue Candle":[1],"Eternal Feather":33,"Kunai":[4],"Cursed Key":1,"obtain_stats":[{"HonorFeather":12,"LuminousBracelet":11,"SkinProphecy":24,"Cursed Key":17,"Frozen Eye":3,"CogitoBucket":0,"Replay:Bandana":9,"Replay:Bottled Flurry":26,"Kunai":6,"BargainBundle":3,"Pear":21,"MagicBullet_r":12,"ReplayTheSpireMod:CursedCoin":21,"Blue Candle":3,"Eternal Feather":3,"hubris:Towel":2,"Replay:Arrowhead":8,"Anchor":23,"Shuriken":21,"GiantSoulStone":16,"Onion Ring":21,"LetterFromLob":1,"halation:LostSnail":8,"halation:PinkSoulGem":5,"hermit:Momento":0,"ShedSkin_r":12,"StuffTheSpire:OldFever":3},{"HonorFeather":4,"LuminousBracelet":13,"SkinProphecy":19,"Cursed Key":15,"Frozen Eye":7,"CogitoBucket":0,"Replay:Bandana":3,"Replay:Bottled Flurry":19,"Kunai":10,"BargainBundle":7,"Pear":16,"MagicBullet_r":4,"ReplayTheSpireMod:CursedCoin":16,"Blue Candle":7,"Eternal Feather":7,"hubris:Towel":7,"Replay:Arrowhead":11,"Anchor":17,"Shuriken":16,"GiantSoulStone":15,"Onion Ring":16,"LetterFromLob":1,"halation:LostSnail":3,"halation:PinkSoulGem":2,"hermit:Momento":0,"ShedSkin_r":4,"StuffTheSpire:OldFever":7},{"HonorFeather":14,"LuminousBracelet":42,"SkinProphecy":71,"Cursed Key":57,"Frozen Eye":23,"CogitoBucket":0,"Replay:Bandana":8,"Replay:Bottled Flurry":71,"Kunai":33,"BargainBundle":23,"Pear":62,"MagicBullet_r":14,"ReplayTheSpireMod:CursedCoin":62,"Blue Candle":23,"Eternal Feather":23,"hubris:Towel":23,"Replay:Arrowhead":36,"Anchor":66,"Shuriken":62,"GiantSoulStone":57,"Onion Ring":62,"LetterFromLob":3,"halation:LostSnail":8,"halation:PinkSoulGem":5,"hermit:Momento":0,"ShedSkin_r":14,"StuffTheSpire:OldFever":23}]},"card_choices":[{"not_picked":["OSAHOGD","MeatLantern"],"picked":"QueenOfHatred","floor":1},{"not_picked":["Echo Defend Giant","Hunter Bow"],"picked":"Fanatic Cultist","floor":1},{"not_picked":["Scorched","LaLuna"],"picked":"CrumblingArmor","floor":4},{"not_picked":["Backward Giant","EagleSecond"],"picked":"Protect_Giant","floor":4},{"not_picked":["Yin","GalaxyChild"],"picked":"CherryBlossoms","floor":5},{"not_picked":["Seek Combo","Clone Minion"],"picked":"Combo Form","floor":5},{"not_picked":["PunishingBird","GreedKing"],"picked":"Laetitia","floor":6},{"not_picked":["Mana Growth","EagleSecond"],"picked":"GremlinNobPetCall","floor":6},{"not_picked":["GalaxyChild","Yin"],"picked":"Scorched","floor":7},{"not_picked":["Ready_Giant","Echo Defend Giant"],"picked":"Clone Minion","floor":7},{"not_picked":["OldLady","SpiderBud"],"picked":"Funeral","floor":11},{"not_picked":["Ready_Giant","EagleSecond"],"picked":"Bloody Giant","floor":11},{"not_picked":["WallGazer","Bloodbath"],"picked":"VoidDream","floor":14},{"not_picked":["Combo Recycle","EagleSecond"],"picked":"Combo Connect","floor":14},{"not_picked":["FairyFestival","Wellcheers"],"picked":"RedShoes","floor":16},{"not_picked":["Storm Of Blood","Recover HP"],"picked":"GhostForm_Giant","floor":16},{"not_picked":["DespairKnight","BigBadWolf"],"picked":"OldLady","floor":18},{"not_picked":["Echo Defend Giant+1","Random Death Rattle"],"picked":"Commander_Giant+1","floor":18},{"not_picked":["CherryBlossoms","LaLuna"],"picked":"Porccubus","floor":23},{"not_picked":["CultistPetCall+1","Blood Defend"],"picked":"BattleMaster_Giant","floor":23},{"not_picked":["Murderer","WallGazer"],"picked":"HappyTeddy","floor":24},{"not_picked":["Hunter Bow","EagleSecond"],"picked":"Mana Growth","floor":24}],"player_experience":111498,"relics_obtained":[{"floor":1,"key":"LetterFromLob"},{"floor":6,"key":"Kunai"},{"floor":9,"key":"Replay:Bandana"},{"floor":16,"key":"GiantSoulStone"},{"floor":23,"key":"Anchor"},{"floor":26,"key":"Replay:Bottled Flurry"}],"event_choices":[{"cards_removed":["hubris:Ssssneak"],"damage_healed":23,"gold_gain":0,"player_choice":"Offered Uncommon","damage_taken":0,"max_hp_gain":0,"max_hp_loss":0,"event_name":"Bonfire Elementals","floor":10,"gold_loss":0},{"damage_healed":0,"gold_gain":0,"cards_transformed":["CherryBlossoms"],"player_choice":"Transformed","damage_taken":0,"max_hp_gain":0,"max_hp_loss":0,"event_name":"Transmorgrifier","floor":13,"gold_loss":0,"cards_obtained":["Seek Pet"]},{"cards_removed":["CrumblingArmor"],"damage_healed":0,"gold_gain":0,"player_choice":"Take \u0026 Give","damage_taken":0,"max_hp_gain":0,"max_hp_loss":0,"event_name":"betterNote:BetterNote","floor":19,"gold_loss":0,"cards_obtained":["Gremlin:ArmsTheft"]},{"damage_healed":0,"gold_gain":0,"player_choice":"Forge","damage_taken":0,"max_hp_gain":0,"max_hp_loss":0,"event_name":"Accursed Blacksmith","floor":22,"gold_loss":0,"cards_upgraded":["Bloody Giant"]}],"is_beta":false,"boss_relics":[{"not_picked":["conspire:RoyalGoblet","hubris:VirtuousBlindfold"],"picked":"Cursed Key"}],"items_purged_floors":[],"is_endless":false,"potions_floor_spawned":[1,6,7,14,23],"killed_by":"3 Cultists","ascension_level":0}}