{"host":"nox","time":1608110117,"event":{"mods":["BaseMod","Colored Powertips","Minty Spire (QoL Compilation)","Quick Restart","Replay The Spire","StSLib"],"gold_per_floor":[119,131,142,160,170,170,205,181,181,181,208,220,220,235,235,337,437,454,471,490,501,512,512,537,554,605,530,565,565,592,602,602,702,752,768,779,793,835,573,573,608,608,634,683,698,698,544,544,544,544,544,544,215,242,242],"floor_reached":56,"playtime":3179,"items_purged":["Parasite","Pain"],"score":1422,"play_id":"3431f8d2-adff-4858-ae9b-26b2e623f371","local_time":"20201216161517","is_ascension_mode":true,"campfire_choices":[{"data":"ReplayTheSpireMod:Scrap Shanks","floor":6.0,"key":"SMITH"},{"data":"Prepared","floor":15.0,"key":"SMITH"},{"data":"A Thousand Cuts","floor":23.0,"key":"SMITH"},{"floor":29.0,"key":"REST"},{"floor":32.0,"key":"REST"},{"floor":40.0,"key":"RECALL"},{"data":"Malaise","floor":42.0,"key":"SMITH"},{"floor":46.0,"key":"REST"},{"data":"1","floor":49,"key":"LIFT"},{"data":"2","floor":52,"key":"LIFT"}],"circlet_count":0,"master_deck":["Strike_G","Strike_G","Strike_G","Strike_G","Strike_G","Defend_G","Defend_G","Defend_G+1","Defend_G","Defend_G+1","Survivor","Neutralize","Slice+1","ReplayTheSpireMod:Speed Training+1","ReplayTheSpireMod:Scrap Shanks+1","Underhanded Strike","Flying Knee","Prepared+1","A Thousand Cuts+1","Terror","Cloak And Dagger+1","Dagger Throw+1","Infinite Blades","Backflip+1","Acrobatics+1","Prepared+1","Draining Mist+1","Blade Dance+1","Malaise+1","Hallucinations","Hidden Blade+1","ReplayTheSpireMod:Scrap Shanks"],"relics":["Snecko Scales","Replay:Bottled Flurry","TungstenRod","Ice Cream","WarpedTongs","Replay:Grab Bag","Replay:Wanted Poster","Cursed Key","HoveringKite","WristBlade","Strawberry","Simple Rune","Bronze Scales","Happy Flower","Tiny House","Shuriken","Pet Ghost","Girya","Medical Kit","Snack Pack","Bottled Lightning"],"acts_visited":["Exordium","TheCity","TheBeyond","TheEnding"],"potions_floor_usage":[55,55,55,55,55],"damage_taken":[{"damage":4.0,"enemies":"Jaw Worm","floor":1.0,"turns":3.0},{"damage":2.0,"enemies":"2 Louse","floor":2.0,"turns":3.0},{"damage":0.0,"enemies":"Cultist","floor":3.0,"turns":3.0},{"damage":3.0,"enemies":"Lots of Slimes","floor":4.0,"turns":5.0},{"damage":5.0,"enemies":"Looter","floor":5.0,"turns":3.0},{"damage":19.0,"enemies":"3 Sentries","floor":7.0,"turns":5.0},{"damage":0.0,"enemies":"Lagavulin","floor":11.0,"turns":4.0},{"damage":0.0,"enemies":"Exordium Wildlife","floor":12.0,"turns":2.0},{"damage":7.0,"enemies":"3 Louse","floor":14.0,"turns":3.0},{"damage":3.0,"enemies":"Hexaghost","floor":16.0,"turns":5.0},{"damage":0.0,"enemies":"3 Byrds","floor":18.0,"turns":2.0},{"damage":6.0,"enemies":"Shell Parasite","floor":19.0,"turns":2.0},{"damage":14.0,"enemies":"Snake Plant","floor":20.0,"turns":4.0},{"damage":5.0,"enemies":"Centurion and Healer","floor":21.0,"turns":3.0},{"damage":3.0,"enemies":"Shelled Parasite and Fungi","floor":22.0,"turns":3.0},{"damage":27.0,"enemies":"Slavers","floor":24.0,"turns":2.0},{"damage":0.0,"enemies":"Snecko","floor":25.0,"turns":2.0},{"damage":8.0,"enemies":"Replay:Snechameleon","floor":28.0,"turns":3.0},{"damage":9.0,"enemies":"Slavers","floor":30.0,"turns":3.0},{"damage":0.0,"enemies":"3 Cultists","floor":31.0,"turns":2.0},{"damage":4.0,"enemies":"Pondfish","floor":33.0,"turns":4.0},{"damage":0.0,"enemies":"Orb Walker","floor":35.0,"turns":2.0},{"damage":0.0,"enemies":"3 Shapes","floor":36.0,"turns":2.0},{"damage":0.0,"enemies":"Transient","floor":37.0,"turns":5.0},{"damage":17.0,"enemies":"Reptomancer","floor":41.0,"turns":4.0},{"damage":27.0,"enemies":"2 Orb Walkers","floor":44.0,"turns":4.0},{"damage":0.0,"enemies":"Spire Growth","floor":45.0,"turns":3.0},{"damage":13,"enemies":"Replay:Hell Engine","floor":50,"turns":3},{"damage":6,"enemies":"Shield and Spear","floor":54,"turns":2},{"damage":25,"enemies":"The Heart","floor":55,"turns":4}],"seed_played":"4562485757480389531","potions_obtained":[{"floor":2.0,"key":"SkillPotion"},{"floor":7.0,"key":"Dexterity Potion"},{"floor":11.0,"key":"SteroidPotion"},{"floor":12.0,"key":"AttackPotion"},{"floor":18.0,"key":"Poison Potion"},{"floor":20.0,"key":"Poison Potion"},{"floor":22.0,"key":"ColorlessPotion"},{"floor":25.0,"key":"DistilledChaos"},{"floor":34.0,"key":"Ancient Potion"},{"floor":37.0,"key":"Elixir"},{"floor":44.0,"key":"Energy Potion"},{"floor":45.0,"key":"EntropicBrew"}],"is_trial":false,"path_per_floor":["M","M","M","M","M","R","E","$","T","?","E","M","?","M","R","B",null,"M","M","M","M","M","R","E","M","T","$","E","R","E","M","R","B",null,"M","M","M","?","$","R","E","R","T","?","M","R","$","?","R","B",null,"R","$","E","B",null],"character_chosen":"THE_SILENT","items_purchased":["Underhanded Strike","Malaise","Medical Kit","Snack Pack","ReplayTheSpireMod:Scrap Shanks"],"campfire_rested":3,"item_purchase_floors":[8,39,47,53,53],"current_hp_per_floor":[66,64,64,61,56,56,37,37,37,37,37,37,37,30,30,27,70,70,64,50,45,42,42,22,22,22,22,14,36,27,27,49,45,79,79,79,79,61,61,61,44,44,44,17,17,40,40,40,40,27,79,79,79,75,58],"gold":242,"neow_bonus":"BOSS_RELIC","is_daily":false,"chose_seed":false,"campfire_upgraded":4,"win_rate":0.0,"timestamp":1608110117,"path_taken":["M","M","M","M","M","R","E","$","T","?","E","M","?","M","R","BOSS","M","M","?","M","M","R","E","M","T","$","E","R","E","M","R","BOSS","M","M","?","?","$","R","E","R","T","?","M","R","$","?","R","BOSS","R","$","E","BOSS"],"items_purchased_type":["Card","Card","Relic","Relic","Card"],"build_version":"2020-11-17","purchased_purges":2,"victory":true,"max_hp_per_floor":[70,70,70,70,70,70,70,70,70,70,70,70,70,70,70,70,70,70,70,70,70,70,70,77,77,77,74,74,74,74,74,74,74,79,79,79,79,79,79,79,79,79,79,79,79,79,79,79,79,79,79,79,79,79,79],"card_choices":[{"not_picked":["Dagger Throw","Finisher"],"picked":"Slice","floor":1.0},{"not_picked":["Setup","Concentrate"],"picked":"ReplayTheSpireMod:Speed Training","floor":2.0},{"not_picked":["Outmaneuver","Backflip","Catalyst"],"picked":"SKIP","floor":3.0},{"not_picked":["Caltrops","Bouncing Flask","Draining Mist"],"picked":"SKIP","floor":4.0},{"not_picked":["Cloak And Dagger","Acrobatics"],"picked":"ReplayTheSpireMod:Scrap Shanks","floor":5.0},{"not_picked":["Bane","Crippling Poison","Well Laid Plans"],"picked":"SKIP","floor":7.0},{"not_picked":["Replay:Poison Smokescreen","Quick Slash"],"picked":"Flying Knee","floor":11.0},{"not_picked":["Distraction","Poisoned Stab","Deadly Poison"],"picked":"SKIP","floor":12.0},{"not_picked":["Acrobatics","Poisoned Stab"],"picked":"Prepared","floor":14.0},{"not_picked":["Corpse Explosion","Atom Bomb"],"picked":"A Thousand Cuts","floor":16.0},{"not_picked":["Deadly Poison+1","Dash"],"picked":"Terror","floor":18.0},{"not_picked":["Dagger Spray","Setup+1","Quick Slash"],"picked":"SKIP","floor":19.0},{"not_picked":["Flying Knee","Crippling Poison+1","Cloak And Dagger"],"picked":"SKIP","floor":20.0},{"not_picked":["Flying Knee","Crippling Poison+1","Cloak And Dagger"],"picked":"SKIP","floor":20.0},{"not_picked":["Flying Knee","Crippling Poison+1","Cloak And Dagger"],"picked":"SKIP","floor":20.0},{"not_picked":["Heel Hook","ReplayTheSpireMod:Speed Training+1","Quick Slash"],"picked":"SKIP","floor":21.0},{"not_picked":["Heel Hook","ReplayTheSpireMod:From All Sides","Underhanded Strike"],"picked":"SKIP","floor":22.0},{"not_picked":["Setup+1","Poisoned Stab"],"picked":"Cloak And Dagger+1","floor":24.0},{"not_picked":["Slice","PiercingWail"],"picked":"Dagger Throw+1","floor":25.0},{"not_picked":["Tactician","Deflect","Outmaneuver"],"picked":"SKIP","floor":28.0},{"not_picked":["Hidden Blade","Dash"],"picked":"Infinite Blades","floor":30.0},{"not_picked":["Outmaneuver","Well Laid Plans"],"picked":"Backflip+1","floor":31.0},{"not_picked":["Leg Sweep+1","Sneak Up+1"],"picked":"Acrobatics+1","floor":35.0},{"not_picked":["Quick Slash","Slice+1","Flying Knee+1"],"picked":"SKIP","floor":36.0},{"not_picked":["Dagger Spray","Flying Knee+1"],"picked":"Prepared+1","floor":37.0},{"not_picked":["Masterful Stab","Deflect+1"],"picked":"Draining Mist+1","floor":38.0},{"not_picked":["Poisoned Stab","Hidden Blade"],"picked":"Blade Dance+1","floor":38.0},{"not_picked":["Bane","Replay:Bag of Tricks","Catalyst+1"],"picked":"SKIP","floor":41.0},{"not_picked":["Flying Knee","Sucker Punch+1"],"picked":"Hidden Blade+1","floor":45.0},{"not_picked":["Acrobatics","Masterful Stab+1","Toxin Wave+1"],"picked":"SKIP","floor":54}],"player_experience":124095,"relics_obtained":[{"floor":7.0,"key":"Replay:Bottled Flurry"},{"floor":9.0,"key":"TungstenRod"},{"floor":11.0,"key":"Ice Cream"},{"floor":24.0,"key":"Strawberry"},{"floor":26.0,"key":"Simple Rune"},{"floor":28.0,"key":"Bronze Scales"},{"floor":30.0,"key":"Happy Flower"},{"floor":38.0,"key":"Shuriken"},{"floor":41.0,"key":"Pet Ghost"},{"floor":44.0,"key":"Girya"},{"floor":54,"key":"Bottled Lightning"}],"event_choices":[{"damage_healed":0.0,"max_hp_gain":0.0,"max_hp_loss":0.0,"gold_gain":0.0,"event_name":"Living Wall","player_choice":"Grow","floor":10.0,"gold_loss":0.0,"damage_taken":0.0,"cards_upgraded":["ReplayTheSpireMod:Speed Training"]},{"damage_healed":0.0,"max_hp_gain":0.0,"max_hp_loss":0.0,"gold_gain":0.0,"event_name":"Accursed Blacksmith","player_choice":"Rummage","floor":13.0,"gold_loss":0.0,"damage_taken":0.0,"relics_obtained":["WarpedTongs"],"cards_obtained":["Pain"]},{"damage_healed":0.0,"max_hp_gain":0.0,"max_hp_loss":0.0,"gold_gain":0.0,"event_name":"Mysterious Sphere","player_choice":"Fight","floor":44.0,"gold_loss":0.0,"damage_taken":0.0}],"is_beta":true,"boss_relics":[{"not_picked":["Pandora\u0027s Box","Sozu"],"picked":"Replay:Grab Bag"},{"not_picked":["Runic Dome","ReplayTheSpireMod:DimensionalGlitch"],"picked":"Replay:Wanted Poster"},{"not_picked":["Abe\u0027s Treasure","ChewingGum"],"picked":"Cursed Key"},{"not_picked":["Kintsugi","Black Star"],"picked":"HoveringKite"},{"not_picked":["Empty Cage","Ring of Chaos"],"picked":"WristBlade"},{"not_picked":["Coffee Dripper","Philosopher\u0027s Stone"],"picked":"Tiny House"}],"items_purged_floors":[27,39],"is_endless":false,"potions_floor_spawned":[2,7,11,12,18,20,22,25,37,44,45],"ascension_level":3}}