{"host":"x4yihwynwtwjbvbe","time":1608146732,"event":{"mods":["AchievementEnabler","BaseMod","Colored Map","Colored Powertips","Keyboard Shortcuts","Minty Spire (QoL Compilation)","Quick Restart","Relic Stats"],"gold_per_floor":[113,127,145,159,234,264,264,291,291,291,304,333,345,345,345,445,445,455,471,488,488,231,231,257,275,275,275,285,318,318,336,336,441,441,452,452,452,463,509,509,542,542,569,569,219,246,273,306,306,306],"floor_reached":51,"playtime":9371,"items_purged":["Strike_G","Strike_G"],"score":1031,"play_id":"fbe69e02-d240-43c5-92e4-b6cd4a647b19","local_time":"20201217042532","is_ascension_mode":true,"campfire_choices":[{"data":"Phantasmal Killer","floor":7.0,"key":"SMITH"},{"floor":15.0,"key":"REST"},{"data":"Bullet Time","floor":23.0,"key":"SMITH"},{"data":"Calculated Gamble","floor":27.0,"key":"SMITH"},{"data":"Vault","floor":30.0,"key":"SMITH"},{"data":"Neutralize","floor":32.0,"key":"SMITH"},{"data":"Acrobatics","floor":40.0,"key":"SMITH"},{"data":"Adrenaline","floor":42.0,"key":"SMITH"},{"data":"Tools of the Trade","floor":49.0,"key":"SMITH"}],"circlet_count":0,"master_deck":["Defend_G","Defend_G","Defend_G+1","Defend_G+1","Survivor","Neutralize+1","Deflect","Dagger Throw+1","Blade Dance","Accuracy","Phantasmal Killer+1","Expertise","PiercingWail","Adrenaline+1","Deflect","Calculated Gamble+1","Bullet Time+1","Flying Knee+1","Acrobatics+1","Vault+1","Self Repair","Tools of the Trade+1"],"relics":["Ring of the Snake","NeowsBlessing","Tiny Chest","War Paint","Nunchaku","Shuriken","Runic Pyramid","PrismaticShard","PreservedInsect","Singing Bowl","Empty Cage","Sundial","Art of War","Juzu Bracelet","InkBottle","Mercury Hourglass","Whetstone","Blue Candle"],"acts_visited":["Exordium","TheCity","TheBeyond"],"potions_floor_usage":[50],"damage_taken":[{"damage":0.0,"enemies":"Small Slimes","floor":1.0,"turns":1.0},{"damage":0.0,"enemies":"2 Louse","floor":2.0,"turns":1.0},{"damage":0.0,"enemies":"Jaw Worm","floor":3.0,"turns":1.0},{"damage":5.0,"enemies":"2 Fungi Beasts","floor":4.0,"turns":3.0},{"damage":11.0,"enemies":"3 Sentries","floor":6.0,"turns":6.0},{"damage":28.0,"enemies":"Gremlin Nob","floor":8.0,"turns":4.0},{"damage":0.0,"enemies":"Looter","floor":11.0,"turns":3.0},{"damage":12.0,"enemies":"3 Sentries","floor":12.0,"turns":9.0},{"damage":0.0,"enemies":"Exordium Wildlife","floor":13.0,"turns":2.0},{"damage":15.0,"enemies":"Slime Boss","floor":16.0,"turns":8.0},{"damage":20.0,"enemies":"2 Thieves","floor":18.0,"turns":5.0},{"damage":0.0,"enemies":"Spheric Guardian","floor":19.0,"turns":2.0},{"damage":2.0,"enemies":"Centurion and Healer","floor":20.0,"turns":4.0},{"damage":4.0,"enemies":"Slavers","floor":24.0,"turns":4.0},{"damage":0.0,"enemies":"Chosen and Byrds","floor":25.0,"turns":4.0},{"damage":0.0,"enemies":"Shelled Parasite and Fungi","floor":28.0,"turns":7.0},{"damage":4.0,"enemies":"Gremlin Leader","floor":29.0,"turns":7.0},{"damage":6.0,"enemies":"Centurion and Healer","floor":31.0,"turns":5.0},{"damage":22.0,"enemies":"Champ","floor":33.0,"turns":10.0},{"damage":0.0,"enemies":"Orb Walker","floor":35.0,"turns":5.0},{"damage":4.0,"enemies":"3 Shapes","floor":38.0,"turns":5.0},{"damage":67.0,"enemies":"2 Orb Walkers","floor":39.0,"turns":9.0},{"damage":5.0,"enemies":"Nemesis","floor":41.0,"turns":8.0},{"damage":1.0,"enemies":"Giant Head","floor":46.0,"turns":6.0},{"damage":0.0,"enemies":"Reptomancer","floor":48.0,"turns":5.0},{"damage":107,"enemies":"Time Eater","floor":50,"turns":12}],"seed_played":"-6015656722458067580","potions_obtained":[{"floor":3.0,"key":"Energy Potion"},{"floor":4.0,"key":"SkillPotion"},{"floor":11.0,"key":"Regen Potion"},{"floor":12.0,"key":"FairyPotion"},{"floor":13.0,"key":"EntropicBrew"},{"floor":19.0,"key":"FearPotion"},{"floor":20.0,"key":"Fruit Juice"},{"floor":24.0,"key":"Dexterity Potion"},{"floor":25.0,"key":"SpeedPotion"},{"floor":39.0,"key":"Swift Potion"},{"floor":48.0,"key":"SpeedPotion"}],"is_trial":false,"path_per_floor":["M","M","M","M","?","E","R","E","T","?","M","E","M","?","R","B",null,"M","M","M","?","$","R","E","M","T","R","M","E","R","M","R","B",null,"M","T","?","M","?","R","E","R","T","?","$","E","T","E","R","B",null],"character_chosen":"THE_SILENT","items_purchased":["PrismaticShard","Acrobatics","InkBottle"],"campfire_rested":1,"item_purchase_floors":[22,22,45],"current_hp_per_floor":[63,63,63,58,47,36,36,8,8,8,8,11,11,11,32,17,57,37,37,40,40,40,40,36,36,36,36,43,48,48,51,51,38,70,79,79,79,84,26,26,30,30,30,78,78,80,80,80,80,10],"gold":306,"neow_bonus":"THREE_ENEMY_KILL","is_daily":false,"chose_seed":false,"campfire_upgraded":8,"win_rate":0.0,"timestamp":1608146732,"path_taken":["M","M","M","M","?","E","R","E","T","?","M","E","M","?","R","BOSS","M","M","M","?","$","R","E","M","T","R","M","E","R","M","R","BOSS","M","?","?","M","?","R","E","R","T","?","$","E","?","E","R","BOSS"],"items_purchased_type":["Relic","Card","Relic"],"build_version":"2020-12-13","purchased_purges":2,"victory":true,"max_hp_per_floor":[70,70,70,70,70,70,70,70,70,70,70,70,70,70,70,70,70,70,70,75,75,75,75,75,75,75,75,75,77,77,79,79,81,81,83,83,83,85,87,87,89,89,89,78,78,80,80,80,80,80],"relic_stats":{"Singing Bowl":16,"counters":[26,136],"Blue Candle":[0],"PreservedInsect":288,"Juzu Bracelet":0,"Whetstone":["Flying Knee","Dagger Throw"],"War Paint":["Defend_G","Defend_G"],"Mercury Hourglass":[72],"Nunchaku":[32],"Shuriken":[67],"Sundial":[12],"Tiny Chest":2,"Art of War":[0],"obtain_stats":[{"NeowsBlessing":0,"Singing Bowl":29,"Blue Candle":48,"PreservedInsect":24,"Juzu Bracelet":43,"Whetstone":47,"War Paint":8,"PrismaticShard":22,"Empty Cage":34,"Mercury Hourglass":46,"Nunchaku":9,"Shuriken":12,"Sundial":36,"Tiny Chest":6,"Art of War":41,"InkBottle":45,"Ring of the Snake":0,"Runic Pyramid":17},{"NeowsBlessing":0,"Singing Bowl":17,"Blue Candle":25,"PreservedInsect":14,"Juzu Bracelet":23,"Whetstone":24,"War Paint":6,"PrismaticShard":13,"Empty Cage":19,"Mercury Hourglass":24,"Nunchaku":6,"Shuriken":8,"Sundial":20,"Tiny Chest":5,"Art of War":23,"InkBottle":23,"Ring of the Snake":0,"Runic Pyramid":10},{"NeowsBlessing":0,"Singing Bowl":71,"Blue Candle":124,"PreservedInsect":53,"Juzu Bracelet":113,"Whetstone":119,"War Paint":16,"PrismaticShard":49,"Empty Cage":86,"Mercury Hourglass":119,"Nunchaku":16,"Shuriken":28,"Sundial":91,"Tiny Chest":12,"Art of War":113,"InkBottle":113,"Ring of the Snake":0,"Runic Pyramid":38}],"InkBottle":[13],"Ring of the Snake":[52]},"card_choices":[{"not_picked":["Flying Knee","Outmaneuver"],"picked":"Deflect","floor":1.0},{"not_picked":["Prepared","Calculated Gamble"],"picked":"Dagger Throw","floor":2.0},{"not_picked":["Dagger Spray","Acrobatics"],"picked":"Blade Dance","floor":3.0},{"not_picked":["Predator","Bane"],"picked":"Accuracy","floor":4.0},{"not_picked":["Noxious Fumes","Blur"],"picked":"Phantasmal Killer","floor":6.0},{"not_picked":["Infinite Blades","Choke"],"picked":"Expertise","floor":8.0},{"not_picked":["All Out Attack","Dagger Throw","Sucker Punch"],"picked":"SKIP","floor":11.0},{"not_picked":["Prepared","Endless Agony"],"picked":"PiercingWail","floor":12.0},{"not_picked":["Underhanded Strike","Choke","Slice"],"picked":"SKIP","floor":13.0},{"not_picked":["Phantasmal Killer","Glass Knife"],"picked":"Adrenaline","floor":16.0},{"not_picked":["PiercingWail","Poisoned Stab","Flying Knee"],"picked":"SKIP","floor":18.0},{"not_picked":["Deflect","Backflip+1","Underhanded Strike"],"picked":"SKIP","floor":19.0},{"not_picked":["Backflip+1","Underhanded Strike"],"picked":"Deflect","floor":19.0},{"not_picked":["Eviscerate","Crippling Poison+1"],"picked":"Calculated Gamble","floor":20.0},{"not_picked":["All Out Attack","Cold Snap"],"picked":"Vault","floor":24.0},{"not_picked":["Combust","Leap"],"picked":"Self Repair","floor":25.0},{"not_picked":["EmptyBody","Inflame","CrushJoints+1"],"picked":"SKIP","floor":28.0},{"not_picked":["Redo","Rage","FearNoEvil"],"picked":"Singing Bowl","floor":29.0},{"not_picked":["Dagger Throw","Sucker Punch","Go for the Eyes"],"picked":"Singing Bowl","floor":31.0},{"not_picked":["Doppelganger","Envenom","Bullet Time"],"picked":"Singing Bowl","floor":33.0},{"not_picked":["Barrage","Cloak And Dagger","EmptyBody"],"picked":"Singing Bowl","floor":35.0},{"not_picked":["EmptyFist+1","Auto Shields","Prostrate"],"picked":"Singing Bowl","floor":38.0},{"not_picked":["Bouncing Flask+1","Perfected Strike+1","Sentinel+1"],"picked":"Singing Bowl","floor":39.0},{"not_picked":["Sweeping Beam","Barrage","Cleave"],"picked":"Singing Bowl","floor":41.0},{"not_picked":["Poisoned Stab+1","Slice","Wild Strike+1"],"picked":"Singing Bowl","floor":46.0},{"not_picked":["Cloak And Dagger+1","CutThroughFate"],"picked":"Tools of the Trade","floor":48.0}],"player_experience":212207,"relics_obtained":[{"floor":6.0,"key":"Tiny Chest"},{"floor":8.0,"key":"War Paint"},{"floor":9.0,"key":"Nunchaku"},{"floor":12.0,"key":"Shuriken"},{"floor":24.0,"key":"PreservedInsect"},{"floor":29.0,"key":"Singing Bowl"},{"floor":36.0,"key":"Sundial"},{"floor":41.0,"key":"Art of War"},{"floor":43.0,"key":"Juzu Bracelet"},{"floor":46.0,"key":"Mercury Hourglass"},{"floor":47.0,"key":"Whetstone"},{"floor":48.0,"key":"Blue Candle"}],"event_choices":[{"damage_healed":0.0,"max_hp_gain":0.0,"max_hp_loss":0.0,"gold_gain":75.0,"event_name":"World of Goop","player_choice":"Gather Gold","floor":5.0,"gold_loss":0.0,"damage_taken":11.0},{"damage_healed":0.0,"max_hp_gain":0.0,"max_hp_loss":0.0,"gold_gain":0.0,"event_name":"Golden Idol","player_choice":"Ignored","floor":10.0,"gold_loss":0.0,"damage_taken":0.0},{"damage_healed":0.0,"max_hp_gain":0.0,"max_hp_loss":0.0,"gold_gain":0.0,"event_name":"Shining Light","player_choice":"Ignored","floor":14.0,"gold_loss":0.0,"damage_taken":0.0},{"damage_healed":0.0,"max_hp_gain":0.0,"max_hp_loss":0.0,"gold_gain":0.0,"cards_transformed":["Defend_G","Strike_G"],"event_name":"Drug Dealer","player_choice":"Became Test Subject","floor":21.0,"gold_loss":0.0,"damage_taken":0.0,"cards_obtained":["Bullet Time","Flying Knee"]},{"damage_healed":0.0,"max_hp_gain":0.0,"max_hp_loss":0.0,"gold_gain":0.0,"event_name":"Tomb of Lord Red Mask","player_choice":"Ignored","floor":37.0,"gold_loss":0.0,"damage_taken":0.0},{"damage_healed":0.0,"max_hp_gain":0.0,"max_hp_loss":0.0,"gold_gain":0.0,"event_name":"Mysterious Sphere","player_choice":"Fight","floor":39.0,"gold_loss":0.0,"damage_taken":0.0},{"damage_healed":78.0,"max_hp_gain":0.0,"max_hp_loss":11.0,"gold_gain":0.0,"event_name":"The Moai Head","player_choice":"Heal","floor":44.0,"gold_loss":0.0,"damage_taken":0.0}],"is_beta":false,"boss_relics":[{"not_picked":["Busted Crown","Ectoplasm"],"picked":"Runic Pyramid"},{"not_picked":["Fusion Hammer","Coffee Dripper"],"picked":"Empty Cage"}],"items_purged_floors":[22,45],"is_endless":false,"potions_floor_spawned":[3,4,11,12,13,19,20,24,25,39,48],"ascension_level":6}}