{"host":"kh6fvhxn285ncg0o","time":1608112808,"event":{"mods":["Act Like it!","BaseMod","Colored Map","Friendly Minions","Keyboard Shortcuts","Minty Spire (QoL Compilation)","Quick Restart","Relic Stats","StSLib","SuperFastMode"],"gold_per_floor":[115,134,134,134,147,147,173,173,218,246,257,285,53,66,66,200,200,214,214,114,131,131,131,165,165,240,267,267,293,305,317,317,394,394,409,429,462,299,349,377,397,424,473,487,487,487,362,389,389,389,389,389,389,73,107,107],"floor_reached":57,"playtime":2073,"items_purged":["Strike_R","Strike_R","Twin Strike+1","Bash+1"],"score":3286,"play_id":"bcc86901-3214-4641-826e-2f76be7b78c7","local_time":"20201216190008","is_ascension_mode":true,"campfire_choices":[{"data":"Flex","floor":6.0,"key":"SMITH"},{"floor":15,"key":"REST"},{"data":"Fiend Fire","floor":23,"key":"SMITH"},{"data":"Battle Trance","floor":25,"key":"SMITH"},{"data":"Body Slam","floor":32,"key":"SMITH"},{"data":"Power Through","floor":46,"key":"SMITH"},{"floor":49,"key":"RECALL"},{"data":"Second Wind","floor":53,"key":"SMITH"}],"circlet_count":0,"master_deck":["AscendersBane","Defend_R+1","Defend_R","Defend_R","Defend_R","Flex+1","Disarm","Shrug It Off+1","Evolve","Offering","Fiend Fire+1","Second Wind+1","Battle Trance+1","Exhume","Body Slam+1","Shockwave","Power Through+1","Impervious","Feel No Pain+1","Dual Wield","Seeing Red+1"],"relics":["Burning Blood","Toy Ornithopter","Matryoshka","War Paint","Centennial Puzzle","Omamori","Ancient Tea Set","Toolbox","SlaversCollar","Eternal Feather","Frozen Egg 2","Pear","Self Forming Clay","InkBottle","Cursed Key","Orrery","Ginger","Whetstone","Darkstone Periapt","Vajra"],"acts_visited":["Exordium","TheCity","TheBeyond","TheEnding"],"potions_floor_usage":[12,16,18,24,33,37,40,44,56,56],"damage_taken":[{"damage":12.0,"enemies":"Small Slimes","floor":1.0,"turns":5.0},{"damage":3.0,"enemies":"2 Louse","floor":2.0,"turns":4.0},{"damage":14.0,"enemies":"Jaw Worm","floor":5.0,"turns":6.0},{"damage":28.0,"enemies":"Lagavulin","floor":7.0,"turns":5.0},{"damage":10.0,"enemies":"3 Sentries","floor":10.0,"turns":9.0},{"damage":4.0,"enemies":"Red Slaver","floor":11.0,"turns":3.0},{"damage":18,"enemies":"Lagavulin","floor":12,"turns":5},{"damage":17,"enemies":"2 Fungi Beasts","floor":14,"turns":4},{"damage":42,"enemies":"Slime Boss","floor":16,"turns":10},{"damage":9,"enemies":"2 Thieves","floor":18,"turns":3},{"damage":6,"enemies":"Spheric Guardian","floor":21,"turns":2},{"damage":7,"enemies":"Book of Stabbing","floor":24,"turns":4},{"damage":11,"enemies":"Slavers","floor":27,"turns":4},{"damage":14,"enemies":"Book of Stabbing","floor":29,"turns":2},{"damage":6,"enemies":"Snecko","floor":30,"turns":1},{"damage":6,"enemies":"3 Cultists","floor":31,"turns":2},{"damage":36,"enemies":"Automaton","floor":33,"turns":5},{"damage":6,"enemies":"3 Darklings","floor":35,"turns":2},{"damage":0,"enemies":"Orb Walker","floor":36,"turns":1},{"damage":37,"enemies":"Spire Growth","floor":37,"turns":4},{"damage":6,"enemies":"2 Orb Walkers","floor":39,"turns":3},{"damage":17,"enemies":"Reptomancer","floor":40,"turns":5},{"damage":6,"enemies":"Jaw Worm Horde","floor":41,"turns":3},{"damage":6,"enemies":"Nemesis","floor":42,"turns":3},{"damage":11,"enemies":"Sphere and 2 Shapes","floor":44,"turns":7},{"damage":6,"enemies":"Giant Head","floor":48,"turns":3},{"damage":6,"enemies":"Awakened One","floor":50,"turns":11},{"damage":20,"enemies":"Time Eater","floor":51,"turns":7},{"damage":6,"enemies":"Shield and Spear","floor":55,"turns":4},{"damage":6,"enemies":"The Heart","floor":56,"turns":7}],"seed_played":"6130930578988310251","potions_obtained":[{"floor":5.0,"key":"ElixirPotion"},{"floor":7.0,"key":"LiquidMemories"},{"floor":8.0,"key":"SneckoOil"},{"floor":12,"key":"SkillPotion"},{"floor":14,"key":"SkillPotion"},{"floor":16,"key":"ColorlessPotion"},{"floor":18,"key":"AttackPotion"},{"floor":24,"key":"SkillPotion"},{"floor":27,"key":"PowerPotion"},{"floor":33,"key":"Dexterity Potion"},{"floor":39,"key":"BloodPotion"},{"floor":40,"key":"Block Potion"},{"floor":48,"key":"ElixirPotion"}],"is_trial":false,"path_per_floor":["M","M","?","?","M","R","E","?","T","E","M","E","$","M","R","B",null,"M","T","$","M","?","R","E","R","T","E","?","E","M","M","R","B",null,"M","M","M","$","?","E","M","E","T","M","?","R","$","E","R","B","B",null,"R","$","E","B",null],"character_chosen":"IRONCLAD","items_purchased":["Toolbox","Orrery","Dual Wield","GamblersBrew"],"campfire_rested":1,"item_purchase_floors":[13,38,54,54],"current_hp_per_floor":[62,65,60,60,52,52,35,35,35,36,38,31,31,20,40,9,53,55,55,55,55,55,64,68,68,78,73,73,65,65,65,74,48,71,71,77,51,51,51,60,60,60,60,60,60,72,72,72,78,78,64,75,78,78,78,78],"gold":107,"neow_bonus":"TRANSFORM_TWO_CARDS","is_daily":false,"chose_seed":false,"campfire_upgraded":6,"win_rate":0.0,"timestamp":1608112808,"path_taken":["M","M","?","?","M","R","E","?","T","E","M","E","$","M","R","BOSS","M","?","$","M","?","R","E","R","T","E","?","E","M","M","R","BOSS","M","?","M","$","?","E","M","E","T","M","?","R","?","E","R","BOSS","BOSS","R","$","E","BOSS"],"items_purchased_type":["Relic","Relic","Card","Potion"],"build_version":"2020-12-13","purchased_purges":4,"victory":true,"max_hp_per_floor":[68,68,68,68,68,68,68,68,68,68,68,68,68,68,68,68,68,68,68,68,68,68,68,68,68,78,78,78,78,78,78,78,78,78,78,78,78,78,78,78,78,78,78,78,78,78,78,78,78,78,78,78,78,78,78,78],"relic_stats":{"Darkstone Periapt":0,"counters":[30,134],"Self Forming Clay":[69],"Eternal Feather":39,"Ginger":[7],"Whetstone":["Bash","Twin Strike"],"War Paint":["Defend_R","Shrug It Off"],"Cursed Key":1,"Burning Blood":175,"Centennial Puzzle":[75],"obtain_stats":[{"Darkstone Periapt":42,"Pear":26,"Self Forming Clay":27,"Vajra":55,"Eternal Feather":19,"Omamori":10,"Ginger":39,"Whetstone":40,"War Paint":9,"Frozen Egg 2":24,"Ancient Tea Set":12,"Cursed Key":34,"Burning Blood":0,"SlaversCollar":17,"Centennial Puzzle":9,"Matryoshka":7,"Toolbox":13,"Orrery":38,"Toy Ornithopter":3,"InkBottle":29},{"Darkstone Periapt":24,"Pear":12,"Self Forming Clay":13,"Vajra":29,"Eternal Feather":10,"Omamori":5,"Ginger":21,"Whetstone":22,"War Paint":4,"Frozen Egg 2":12,"Ancient Tea Set":7,"Cursed Key":17,"Burning Blood":0,"SlaversCollar":9,"Centennial Puzzle":4,"Matryoshka":4,"Toolbox":7,"Orrery":20,"Toy Ornithopter":2,"InkBottle":14},{"Darkstone Periapt":95,"Pear":60,"Self Forming Clay":64,"Vajra":127,"Eternal Feather":54,"Omamori":29,"Ginger":84,"Whetstone":89,"War Paint":20,"Frozen Egg 2":60,"Ancient Tea Set":37,"Cursed Key":74,"Burning Blood":0,"SlaversCollar":51,"Centennial Puzzle":20,"Matryoshka":20,"Toolbox":37,"Orrery":81,"Toy Ornithopter":9,"InkBottle":66}],"Toy Ornithopter":54,"InkBottle":[25]},"card_choices":[{"not_picked":["Warcry","Bloodletting"],"picked":"Shrug It Off","floor":1.0},{"not_picked":["Perfected Strike","Disarm"],"picked":"Twin Strike","floor":5.0},{"not_picked":["Shrug It Off","Clothesline","Searing Blow"],"picked":"SKIP","floor":7.0},{"not_picked":["Clash","Shockwave"],"picked":"Evolve","floor":10.0},{"not_picked":["Thunderclap","Warcry","Perfected Strike"],"picked":"SKIP","floor":11.0},{"not_picked":["Flame Barrier","Whirlwind"],"picked":"Offering","floor":12},{"not_picked":["Wild Strike","Headbutt","Disarm"],"picked":"SKIP","floor":14},{"not_picked":["Reaper","Berserk"],"picked":"Fiend Fire","floor":16},{"not_picked":["Wild Strike","Sword Boomerang","Shrug It Off"],"picked":"SKIP","floor":18},{"not_picked":["Clothesline","Double Tap"],"picked":"Second Wind","floor":21},{"not_picked":["Impervious","Pummel"],"picked":"Battle Trance","floor":24},{"not_picked":["Hemokinesis","Flex"],"picked":"Exhume","floor":27},{"not_picked":["Infernal Blade","Heavy Blade","Iron Wave"],"picked":"SKIP","floor":29},{"not_picked":["Intimidate+1","Spot Weakness"],"picked":"Body Slam","floor":30},{"not_picked":["Cleave","Thunderclap"],"picked":"Shockwave","floor":31},{"not_picked":["Clothesline+1","Clash","Seeing Red"],"picked":"SKIP","floor":35},{"not_picked":["Battle Trance","Perfected Strike","Blood for Blood"],"picked":"SKIP","floor":36},{"not_picked":["Headbutt","Warcry","Clothesline+1"],"picked":"SKIP","floor":37},{"not_picked":["Limit Break","Shrug It Off"],"picked":"Power Through","floor":38},{"not_picked":["Dual Wield","Double Tap"],"picked":"Impervious","floor":38},{"not_picked":["Warcry","Impervious","Cleave"],"picked":"SKIP","floor":40},{"not_picked":["Thunderclap","Warcry","Sword Boomerang+1"],"picked":"SKIP","floor":41},{"not_picked":["Anger","Warcry","Ghostly Armor"],"picked":"SKIP","floor":42},{"not_picked":["True Grit","Twin Strike+1"],"picked":"Feel No Pain+1","floor":44},{"not_picked":["Perfected Strike+1","Flame Barrier","Headbutt"],"picked":"SKIP","floor":48},{"not_picked":["Warcry","Pummel+1"],"picked":"Seeing Red+1","floor":55}],"player_experience":3195423,"relics_obtained":[{"floor":7.0,"key":"Matryoshka"},{"floor":9.0,"key":"War Paint"},{"floor":9.0,"key":"Centennial Puzzle"},{"floor":10.0,"key":"Omamori"},{"floor":12,"key":"Ancient Tea Set"},{"floor":19,"key":"Eternal Feather"},{"floor":24,"key":"Frozen Egg 2"},{"floor":26,"key":"Pear"},{"floor":27,"key":"Self Forming Clay"},{"floor":29,"key":"InkBottle"},{"floor":39,"key":"Ginger"},{"floor":40,"key":"Whetstone"},{"floor":42,"key":"Darkstone Periapt"},{"floor":55,"key":"Vajra"}],"event_choices":[{"damage_healed":0.0,"max_hp_gain":0.0,"max_hp_loss":0.0,"gold_gain":0.0,"event_name":"Scrap Ooze","player_choice":"Success","floor":3.0,"gold_loss":0.0,"damage_taken":5.0,"relics_obtained":["Toy Ornithopter"]},{"damage_healed":0.0,"max_hp_gain":0.0,"max_hp_loss":0.0,"gold_gain":0.0,"event_name":"Liars Game","player_choice":"Ignored","floor":4.0,"gold_loss":0.0,"damage_taken":0.0},{"damage_healed":0.0,"max_hp_gain":0.0,"max_hp_loss":0.0,"gold_gain":0.0,"event_name":"Lab","player_choice":"Got Potions","floor":8.0,"gold_loss":0.0,"damage_taken":0.0},{"damage_healed":0,"gold_gain":0,"player_choice":"Ignored","damage_taken":0,"max_hp_gain":0,"max_hp_loss":0,"event_name":"Vampires","floor":22,"gold_loss":0},{"cards_removed":["Strike_R"],"damage_healed":0,"gold_gain":0,"player_choice":"Purged","damage_taken":0,"max_hp_gain":0,"max_hp_loss":0,"event_name":"Purifier","floor":28,"gold_loss":0},{"damage_healed":0,"gold_gain":0,"player_choice":"Fight","damage_taken":0,"max_hp_gain":0,"max_hp_loss":0,"event_name":"Mysterious Sphere","floor":39,"gold_loss":0},{"damage_healed":0,"gold_gain":0,"player_choice":"Ignored","damage_taken":0,"max_hp_gain":0,"max_hp_loss":0,"event_name":"Tomb of Lord Red Mask","floor":45,"gold_loss":0}],"is_beta":false,"boss_relics":[{"not_picked":["Black Blood","Ectoplasm"],"picked":"SlaversCollar"},{"not_picked":["Velvet Choker","Empty Cage"],"picked":"Cursed Key"}],"items_purged_floors":[13,20,47,54],"is_endless":false,"potions_floor_spawned":[5,7,12,14,16,18,24,27,30,33,36,39,40,48],"ascension_level":20}}