{"host":"7pal6f3elqhvlig9","time":1608144856,"event":{"mods":["2.2 Compatiblity","AchievementEnabler","BaseMod","Colored Map","Minty Spire (QoL Compilation)","StSLib","everything is the same but u backflip on backflip"],"gold_per_floor":[113,113,133,133,35,35,61,61,85,85,98,132,198,210,222,357,369,395,407,438,475,402,414,426,426],"floor_reached":24,"playtime":566,"items_purged":[],"score":318,"play_id":"4a246586-ff4d-442d-b22c-6da78640ef18","local_time":"20201217035416","is_ascension_mode":true,"campfire_choices":[{"data":"Pommel Strike","floor":6.0,"key":"SMITH"},{"data":"Uppercut","floor":8.0,"key":"SMITH"},{"data":"Disarm","floor":10.0,"key":"SMITH"},{"floor":15.0,"key":"REST"},{"data":"Corruption","floor":23,"key":"SMITH"}],"circlet_count":0,"master_deck":["Strike_R","Strike_R","Strike_R","Strike_R","Strike_R","Defend_R","Defend_R","Defend_R+1","Defend_R","Bash","Uppercut+1","Second Wind+1","Pommel Strike+1","Disarm+1","Thunderclap","Corruption+1"],"relics":["Burning Blood","NeowsBlessing","Singing Bowl","Orichalcum","Juzu Bracelet","MawBank","Strawberry","Golden Idol","Mark of Pain","War Paint","Shuriken"],"acts_visited":["Exordium","TheCity"],"potions_floor_usage":[],"damage_taken":[{"damage":0.0,"enemies":"Small Slimes","floor":1.0,"turns":1.0},{"damage":0.0,"enemies":"2 Louse","floor":3.0,"turns":1.0},{"damage":0.0,"enemies":"Lagavulin","floor":7.0,"turns":1.0},{"damage":4.0,"enemies":"Jaw Worm","floor":11.0,"turns":3.0},{"damage":13.0,"enemies":"3 Sentries","floor":12.0,"turns":6.0},{"damage":28.0,"enemies":"The Guardian","floor":16.0,"turns":10.0},{"damage":9.0,"enemies":"Chosen","floor":18.0,"turns":6.0},{"damage":12,"enemies":"Shell Parasite","floor":20,"turns":6},{"damage":88,"enemies":"Gremlin Leader","floor":24,"turns":8}],"seed_played":"-2636518239871698016","potions_obtained":[{"floor":1.0,"key":"AttackPotion"},{"floor":7.0,"key":"AttackPotion"},{"floor":11.0,"key":"AttackPotion"},{"floor":18.0,"key":"Dexterity Potion"}],"is_trial":false,"path_per_floor":["M","?","M","?","$","R","E","R","T","R","M","E","T","?","R","B",null,"M","?","M","T","?","R","E"],"character_chosen":"IRONCLAD","items_purchased":["Pommel Strike","Disarm"],"campfire_rested":1,"item_purchase_floors":[5,5],"current_hp_per_floor":[78,83,85,78,78,78,84,84,84,84,87,82,89,65,93,71,90,89,89,85,85,85,85,0,0],"gold":426,"neow_bonus":"THREE_ENEMY_KILL","is_daily":false,"chose_seed":false,"campfire_upgraded":4,"win_rate":0.0,"timestamp":1608144856,"path_taken":["M","?","M","?","$","R","E","R","T","R","M","E","?","?","R","BOSS","M","?","M","?","?","R","E"],"items_purchased_type":["Card","Card"],"build_version":"2020-12-13","purchased_purges":0,"victory":false,"max_hp_per_floor":[80,85,85,85,85,85,85,85,85,85,87,89,96,96,96,96,96,98,98,100,100,100,100,100,100],"card_choices":[{"not_picked":["Havoc","True Grit"],"picked":"Uppercut","floor":1.0},{"not_picked":["Uppercut","Entrench"],"picked":"Second Wind","floor":3.0},{"not_picked":["Pummel","Blood for Blood"],"picked":"Thunderclap","floor":7.0},{"not_picked":["Sword Boomerang","Cleave","Armaments"],"picked":"Singing Bowl","floor":11.0},{"not_picked":["Armaments","Perfected Strike","Feel No Pain"],"picked":"Singing Bowl","floor":12.0},{"not_picked":["Reaper","Offering"],"picked":"Corruption","floor":16.0},{"not_picked":["Havoc","Perfected Strike","Clash"],"picked":"Singing Bowl","floor":18.0},{"not_picked":["Flex","Warcry+1","Clothesline"],"picked":"Singing Bowl","floor":20}],"player_experience":197591,"relics_obtained":[{"floor":7.0,"key":"Orichalcum"},{"floor":9.0,"key":"Juzu Bracelet"},{"floor":12.0,"key":"MawBank"},{"floor":13.0,"key":"Strawberry"},{"floor":21,"key":"War Paint"}],"event_choices":[{"damage_healed":0.0,"max_hp_gain":5.0,"max_hp_loss":0.0,"gold_gain":0.0,"event_name":"Big Fish","player_choice":"Donut","floor":2.0,"gold_loss":0.0,"damage_taken":0.0},{"damage_healed":0.0,"max_hp_gain":0.0,"max_hp_loss":0.0,"gold_gain":0.0,"event_name":"Scrap Ooze","player_choice":"Success","floor":4.0,"gold_loss":0.0,"damage_taken":7.0,"relics_obtained":["Singing Bowl"]},{"damage_healed":0.0,"max_hp_gain":0.0,"max_hp_loss":0.0,"gold_gain":0.0,"event_name":"Golden Idol","player_choice":"Take Damage","floor":14.0,"gold_loss":0.0,"damage_taken":24.0,"relics_obtained":["Golden Idol"]},{"damage_healed":0,"gold_gain":0,"player_choice":"Ignored","damage_taken":0,"max_hp_gain":0,"max_hp_loss":0,"event_name":"The Mausoleum","floor":19,"gold_loss":0},{"damage_healed":0,"gold_gain":0,"player_choice":"Obtained Relic","damage_taken":0,"relics_obtained":["Shuriken"],"max_hp_gain":0,"max_hp_loss":0,"event_name":"Addict","floor":22,"gold_loss":85}],"is_beta":false,"boss_relics":[{"not_picked":["Cursed Key","Philosopher\u0027s Stone"],"picked":"Mark of Pain"}],"items_purged_floors":[],"is_endless":false,"potions_floor_spawned":[1,7,11,18],"killed_by":"Gremlin Leader","ascension_level":6}}