{"host":"0z6l31g9ps0v9zzp","time":1608090828,"event":{"mods":["Act Like it!","BaseMod","CapriCore","Minty Spire (QoL Compilation)","MostiFishMod","StSLib","Waifu the Spire"],"gold_per_floor":[114,114,126,51,51,77,89,131,143,155,192,47,67,83,83,154,154,166,216,233,251,251,277,277,309,358,391,391,391,422,441,441,519,519,533,588,613,624,644,644,122,149,149,167,186,220,233,160,160,160,160,160,30,58,58],"floor_reached":56,"playtime":1205,"items_purged":["Cleave+1","Second Wind+1"],"score":2832,"play_id":"78d6bf53-4f4c-469e-bdd6-11c5d279558c","local_time":"20201216115348","is_ascension_mode":true,"campfire_choices":[{"data":"Armaments","floor":7,"key":"SMITH"},{"data":"MostiFishMod:PerfectStrikeMKII","floor":15,"key":"SMITH"},{"data":"Perfected Strike","floor":24,"key":"SMITH"},{"data":"Perfected Strike","floor":29,"key":"SMITH"},{"data":"Pommel Strike","floor":32,"key":"SMITH"},{"data":"Second Wind","floor":40,"key":"SMITH"},{"floor":49,"key":"RECALL"},{"data":"Heavy Blade","floor":52,"key":"SMITH"}],"circlet_count":0,"master_deck":["AscendersBane","Strike_R","Strike_R","Strike_R","Strike_R","Defend_R","Defend_R","Defend_R","Defend_R","Bash+1","Armaments+1","Pommel Strike+1","MostiFishMod:PerfectStrikeMKII+1","MostiFishMod:NewArrival+1","Perfected Strike+1","Pommel Strike+1","Perfected Strike+1","Demon Form+1","MostiFishMod:DarkDeal+1","Twin Strike+1","Burning Pact+1","Perfected Strike+1","Heavy Blade+1","Spot Weakness+1","Body Slam+1","MostiFishMod:PerfectStrikeMKII+1","Perfected Strike+1"],"relics":["Burning Blood","DaveBox","GuanYuAspect","NeowsBlessing","Question Card","Boot","MawBank","Happy Flower","Sundial","Oddly Smooth Stone","BrkXgEgg","ImportantClient","xbg","Shuriken","Pantograph","Omamori","Smiling Mask","SynthV:C4","Runic Cube","BionicSphere","DaCapo","Bag of Preparation","Technique","Bottled Flame","Pen Nib","Molten Egg 2","DollysMirror","Centennial Puzzle"],"acts_visited":["Exordium","TheCity","TheBeyond","TheEnding"],"potions_floor_usage":[11,11,17,18],"damage_taken":[{"damage":0,"enemies":"2 Louse","floor":1,"turns":1},{"damage":0,"enemies":"Jaw Worm","floor":3,"turns":1},{"damage":0,"enemies":"3 Sentries","floor":6,"turns":1},{"damage":27,"enemies":"Gremlin Nob","floor":8,"turns":4},{"damage":25,"enemies":"Lagavulin","floor":11,"turns":5},{"damage":0,"enemies":"Cultist","floor":13,"turns":1},{"damage":6,"enemies":"Exordium Wildlife","floor":14,"turns":3},{"damage":30,"enemies":"Slime Boss","floor":16,"turns":8},{"damage":0,"enemies":"Spheric Guardian","floor":18,"turns":3},{"damage":0,"enemies":"Chosen","floor":20,"turns":2},{"damage":0,"enemies":"Sentry and Sphere","floor":21,"turns":2},{"damage":23,"enemies":"Slavers","floor":23,"turns":6},{"damage":24,"enemies":"Book of Stabbing","floor":25,"turns":3},{"damage":0,"enemies":"Gremlin Leader","floor":27,"turns":2},{"damage":11,"enemies":"Book of Stabbing","floor":30,"turns":3},{"damage":17,"enemies":"Centurion and Healer","floor":31,"turns":3},{"damage":0,"enemies":"Champ","floor":33,"turns":4},{"damage":0,"enemies":"Orb Walker","floor":35,"turns":2},{"damage":42,"enemies":"2 Orb Walkers","floor":36,"turns":3},{"damage":0,"enemies":"Mind Bloom Boss Battle","floor":37,"turns":4},{"damage":1,"enemies":"3 Darklings","floor":38,"turns":3},{"damage":0,"enemies":"Maw","floor":39,"turns":4},{"damage":0,"enemies":"Giant Head","floor":42,"turns":4},{"damage":0,"enemies":"Spire Growth","floor":44,"turns":3},{"damage":0,"enemies":"Jaw Worm Horde","floor":45,"turns":2},{"damage":0,"enemies":"Nemesis","floor":46,"turns":3},{"damage":0,"enemies":"4 Shapes","floor":47,"turns":3},{"damage":0,"enemies":"Time Eater","floor":50,"turns":5},{"damage":0,"enemies":"Shield and Spear","floor":54,"turns":3},{"damage":0,"enemies":"The Heart","floor":55,"turns":5}],"seed_played":"-2272598280373514468","potions_obtained":[{"floor":6,"key":"Energy Potion"},{"floor":8,"key":"Weak Potion"},{"floor":13,"key":"Swift Potion"},{"floor":16,"key":"BloodPotion"},{"floor":18,"key":"Fruit Juice"},{"floor":21,"key":"LiquidMemories"}],"is_trial":false,"path_per_floor":["M","?","M","?","?","E","R","E","T","$","E","$","M","M","R","B",null,"M","?","M","M","?","E","R","E","T","E","?","R","E","M","R","B",null,"M","?","?","M","M","R","$","E","T","M","M","E","M","$","R","B",null,"R","$","E","B",null],"character_chosen":"IRONCLAD","items_purchased":["BrkXgEgg","Bag of Preparation","Technique","Bottled Flame","Body Slam+1","DollysMirror"],"campfire_rested":0,"item_purchase_floors":[12,41,41,41,48,53],"current_hp_per_floor":[38,33,37,37,40,43,43,25,25,25,17,17,22,27,27,22,34,43,43,48,48,48,33,33,21,21,34,20,20,19,13,13,42,46,52,23,49,53,53,53,53,53,53,53,53,53,53,53,53,53,53,53,53,53,53],"gold":58,"neow_bonus":"THREE_ENEMY_KILL","is_daily":false,"chose_seed":false,"campfire_upgraded":7,"win_rate":0.0,"timestamp":1608090828,"path_taken":["M","?","M","?","?","E","R","E","T","$","E","?","M","M","R","BOSS","M","?","M","M","?","E","R","E","T","E","?","R","E","M","R","BOSS","M","?","?","M","M","R","$","E","T","M","M","E","M","$","R","BOSS","R","$","E","BOSS"],"items_purchased_type":["Relic","Relic","Relic","Relic","Card","Relic"],"build_version":"2020-12-13","purchased_purges":2,"victory":true,"max_hp_per_floor":[38,38,38,38,43,43,43,43,43,43,43,43,43,43,43,43,43,48,48,48,48,48,48,48,48,48,48,53,53,53,53,53,53,53,53,53,53,53,53,53,53,53,53,53,53,53,53,53,53,53,53,53,53,53,53],"card_choices":[{"not_picked":["Warcry","Fire Breathing","Shrug It Off"],"picked":"SKIP","floor":1},{"not_picked":["Havoc","Ghostly Armor","Intimidate"],"picked":"Cleave","floor":3},{"not_picked":["Infernal Blade","Disarm","Pummel"],"picked":"Armaments","floor":6},{"not_picked":["Fire Breathing","Iron Wave","Havoc"],"picked":"Pommel Strike","floor":8},{"not_picked":["Burning Pact","MostiFishMod:ChineseTea","Blood for Blood"],"picked":"MostiFishMod:PerfectStrikeMKII","floor":11},{"not_picked":["Dual Wield","Thunderclap","True Grit","Twin Strike"],"picked":"SKIP","floor":13},{"not_picked":["Flex","Reckless Charge","Shrug It Off","Thunderclap"],"picked":"SKIP","floor":14},{"not_picked":["Brutality+1","Exhume+1","Immolate+1"],"picked":"MostiFishMod:NewArrival+1","floor":16},{"not_picked":["Whirlwind","Armaments","Sword Boomerang"],"picked":"Perfected Strike","floor":18},{"not_picked":["Anger","Rage","Combust"],"picked":"Pommel Strike+1","floor":20},{"not_picked":["Iron Wave","Seeing Red","Heavy Blade"],"picked":"Perfected Strike","floor":21},{"not_picked":["Carnage","Flex","Anger","Warcry"],"picked":"SKIP","floor":23},{"not_picked":["Twin Strike","Perfected Strike","MostiFishMod:TemporaryOutbreak+1","Pommel Strike"],"picked":"SKIP","floor":25},{"not_picked":["Reaper+1","Heavy Blade","Body Slam","Wild Strike"],"picked":"SKIP","floor":27},{"not_picked":["Bloodletting+1","Clash+1","Fire Breathing"],"picked":"Demon Form+1","floor":30},{"not_picked":["Battle Trance","Pommel Strike","Dropkick","Anger"],"picked":"SKIP","floor":31},{"not_picked":["Reaper+1","MostiFishMod:WingOfPhoenix+1","MostiFishMod:NeverNightCountry+1"],"picked":"MostiFishMod:DarkDeal+1","floor":33},{"not_picked":["Cleave","Sentinel","Entrench","Armaments"],"picked":"SKIP","floor":35},{"not_picked":["Pommel Strike","Intimidate","Rage"],"picked":"Twin Strike+1","floor":36},{"not_picked":["Havoc","Heavy Blade","Pommel Strike"],"picked":"Burning Pact+1","floor":37},{"not_picked":["True Grit","Havoc","Pommel Strike"],"picked":"Perfected Strike+1","floor":38},{"not_picked":["Perfected Strike","Twin Strike+1","Whirlwind"],"picked":"Second Wind","floor":39},{"not_picked":["Pummel+1","MostiFishMod:Mania+1","Clash+1","Rampage"],"picked":"SKIP","floor":42},{"not_picked":["Cleave","Dropkick+1","Twin Strike+1"],"picked":"Heavy Blade","floor":44},{"not_picked":["Anger","Fire Breathing","Immolate+1"],"picked":"Spot Weakness+1","floor":45},{"not_picked":["Armaments","Sever Soul+1","Whirlwind+1","Flex"],"picked":"SKIP","floor":46},{"not_picked":["Blood for Blood+1","Headbutt+1","Flex+1","Clothesline+1"],"picked":"SKIP","floor":47},{"not_picked":["Battle Trance","Heavy Blade+1","Thunderclap+1"],"picked":"Perfected Strike+1","floor":54}],"player_experience":267627,"relics_obtained":[{"floor":1,"key":"Question Card"},{"floor":6,"key":"MawBank"},{"floor":8,"key":"Happy Flower"},{"floor":9,"key":"Sundial"},{"floor":11,"key":"Oddly Smooth Stone"},{"floor":16,"key":"ImportantClient"},{"floor":23,"key":"Shuriken"},{"floor":25,"key":"Pantograph"},{"floor":26,"key":"Omamori"},{"floor":27,"key":"Smiling Mask"},{"floor":30,"key":"SynthV:C4"},{"floor":36,"key":"BionicSphere"},{"floor":37,"key":"DaCapo"},{"floor":42,"key":"Pen Nib"},{"floor":46,"key":"Molten Egg 2"},{"floor":54,"key":"Centennial Puzzle"}],"event_choices":[{"damage_healed":0,"gold_gain":0,"player_choice":"Success","damage_taken":5,"relics_obtained":["Boot"],"max_hp_gain":0,"max_hp_loss":0,"event_name":"Scrap Ooze","floor":2,"gold_loss":0},{"cards_removed":["Strike_R"],"damage_healed":0,"gold_gain":0,"player_choice":"Card Removal","damage_taken":0,"max_hp_gain":0,"max_hp_loss":0,"event_name":"The Cleric","floor":4,"gold_loss":75},{"damage_healed":0,"gold_gain":0,"player_choice":"Donut","damage_taken":0,"max_hp_gain":5,"max_hp_loss":0,"event_name":"Big Fish","floor":5,"gold_loss":0},{"damage_healed":0,"gold_gain":50,"player_choice":"Stole From Cult","damage_taken":0,"max_hp_gain":0,"max_hp_loss":0,"event_name":"Nest","floor":19,"gold_loss":0},{"damage_healed":0,"gold_gain":0,"player_choice":"Ignored","damage_taken":0,"max_hp_gain":0,"max_hp_loss":0,"event_name":"Vampires","floor":22,"gold_loss":0},{"damage_healed":0,"gold_gain":0,"player_choice":"Shed Blood","damage_taken":17,"max_hp_gain":5,"max_hp_loss":0,"event_name":"Forgotten Altar","floor":28,"gold_loss":0},{"damage_healed":0,"gold_gain":0,"player_choice":"Fight","damage_taken":0,"max_hp_gain":0,"max_hp_loss":0,"event_name":"Mysterious Sphere","floor":36,"gold_loss":0},{"damage_healed":0,"gold_gain":0,"player_choice":"Fight","damage_taken":0,"max_hp_gain":0,"max_hp_loss":0,"event_name":"MindBloom","floor":37,"gold_loss":0}],"is_beta":false,"boss_relics":[{"not_picked":["TimeKeys","Mark of Pain"],"picked":"xbg"},{"not_picked":["Empty Cage","SacredBark"],"picked":"Runic Cube"}],"items_purged_floors":[41,48],"is_endless":false,"potions_floor_spawned":[6,8,13,16,18,21,23,25,27,36,37,39,45,46,54],"ascension_level":17}}