{"host":"vtakxgab1vu2j1nx","time":1608151091,"event":{"mods":["AchievementEnabler","BaseMod","Colored Map","Minty Spire (QoL Compilation)","Quick Restart","SuperFastMode"],"gold_per_floor":[118,137,137,156,156,193,205,237,274,301,327,372,384,396,408,515,527,557,362,376,152,171,171,205,216,243,243,243,243],"floor_reached":28,"playtime":589,"items_purged":[],"score":440,"play_id":"21b1cc81-e0fa-4010-ad76-905c20a334f4","local_time":"20201216153811","is_ascension_mode":true,"campfire_choices":[{"data":"Perfected Strike","floor":7.0,"key":"SMITH"},{"data":"Headbutt","floor":13.0,"key":"SMITH"},{"data":"Whirlwind","floor":15.0,"key":"SMITH"},{"floor":23.0,"key":"REST"},{"floor":27.0,"key":"REST"}],"circlet_count":0,"master_deck":["AscendersBane","Strike_R","Strike_R","Strike_R","Strike_R","Strike_R","Defend_R","Defend_R","Defend_R","Defend_R","Bash","Perfected Strike+1","Pommel Strike","Whirlwind+1","Headbutt+1","Iron Wave","Power Through","Thunderclap","Demon Form","Metallicize","Rampage","Mind Blast","Perfected Strike","Twin Strike","Cleave"],"relics":["Burning Blood","NeowsBlessing","Orichalcum","MawBank","PreservedInsect","Akabeko","Pantograph","Black Star","Membership Card","Matryoshka","Lantern","Juzu Bracelet","Molten Egg 2"],"acts_visited":["TheCity"],"potions_floor_usage":[],"damage_taken":[{"damage":0.0,"enemies":"Small Slimes","floor":1.0,"turns":1.0},{"damage":0.0,"enemies":"Cultist","floor":2.0,"turns":1.0},{"damage":0.0,"enemies":"2 Louse","floor":4.0,"turns":1.0},{"damage":35.0,"enemies":"Gremlin Nob","floor":6.0,"turns":5.0},{"damage":7.0,"enemies":"Looter","floor":8.0,"turns":3.0},{"damage":10.0,"enemies":"Lots of Slimes","floor":10.0,"turns":2.0},{"damage":2.0,"enemies":"Large Slime","floor":11.0,"turns":3.0},{"damage":0.0,"enemies":"3 Sentries","floor":12.0,"turns":1.0},{"damage":38.0,"enemies":"The Guardian","floor":16.0,"turns":8.0},{"damage":24.0,"enemies":"2 Thieves","floor":18.0,"turns":4.0},{"damage":13.0,"enemies":"Chosen","floor":20.0,"turns":5.0},{"damage":18.0,"enemies":"3 Cultists","floor":22.0,"turns":5.0},{"damage":25.0,"enemies":"Gremlin Leader","floor":24.0,"turns":5.0},{"damage":28.0,"enemies":"Snake Plant","floor":25.0,"turns":4.0},{"damage":36,"enemies":"Shelled Parasite and Fungi","floor":28,"turns":5}],"seed_played":"-3725597185536111715","potions_obtained":[{"floor":6.0,"key":"Ancient Potion"},{"floor":10.0,"key":"Strength Potion"},{"floor":22.0,"key":"Fire Potion"},{"floor":24.0,"key":"AttackPotion"}],"is_trial":false,"path_per_floor":["M","M","?","M","?","E","R","M","T","M","M","E","R","$","R","B",null,"M","$","M","$","M","R","E","M","T","R","M"],"character_chosen":"IRONCLAD","items_purchased":["Membership Card","Metallicize","Rampage","Matryoshka","Mind Blast","EntropicBrew"],"campfire_rested":2,"item_purchase_floors":[19,19,19,21,21,21],"current_hp_per_floor":[78,80,77,80,80,51,51,50,50,46,50,56,56,56,56,48,72,54,54,47,47,35,59,40,18,18,42,6,6],"gold":243,"neow_bonus":"THREE_ENEMY_KILL","is_daily":false,"chose_seed":false,"campfire_upgraded":3,"win_rate":0.0,"timestamp":1608151091,"path_taken":["M","M","?","M","?","E","R","M","T","M","M","E","R","$","R","BOSS","M","$","M","$","M","R","E","M","T","R","M"],"items_purchased_type":["Relic","Card","Card","Relic","Card","Potion"],"build_version":"2020-12-13","purchased_purges":0,"victory":false,"max_hp_per_floor":[80,80,80,80,80,80,80,80,80,80,80,80,80,80,80,80,80,80,80,80,80,80,80,80,80,80,80,80,80],"card_choices":[{"not_picked":["True Grit","Flex"],"picked":"Perfected Strike","floor":1.0},{"not_picked":["Carnage","Shrug It Off"],"picked":"Pommel Strike","floor":2.0},{"not_picked":["Ghostly Armor","Anger"],"picked":"Cleave","floor":4.0},{"not_picked":["Clothesline","Anger"],"picked":"Whirlwind","floor":6.0},{"not_picked":["Thunderclap","Warcry"],"picked":"Headbutt","floor":8.0},{"not_picked":["Whirlwind","Havoc"],"picked":"Iron Wave","floor":10.0},{"not_picked":["Uppercut","Combust"],"picked":"Power Through","floor":11.0},{"not_picked":["Entrench","Clash"],"picked":"Thunderclap","floor":12.0},{"not_picked":["Impervious","Reaper"],"picked":"Demon Form","floor":16.0},{"not_picked":["Sentinel","Clash","Feel No Pain"],"picked":"SKIP","floor":18.0},{"not_picked":["Warcry","Wild Strike","Body Slam"],"picked":"SKIP","floor":20.0},{"not_picked":["Burning Pact","Dropkick"],"picked":"Perfected Strike","floor":22.0},{"not_picked":["Brutality","Rupture"],"picked":"Twin Strike","floor":24.0},{"not_picked":["Body Slam","Dropkick"],"picked":"Cleave","floor":25.0}],"player_experience":180779,"relics_obtained":[{"floor":6.0,"key":"PreservedInsect"},{"floor":9.0,"key":"Akabeko"},{"floor":12.0,"key":"Pantograph"},{"floor":24.0,"key":"Lantern"},{"floor":24.0,"key":"Juzu Bracelet"},{"floor":26.0,"key":"Molten Egg 2"}],"event_choices":[{"damage_healed":0.0,"max_hp_gain":0.0,"max_hp_loss":0.0,"gold_gain":0.0,"event_name":"Scrap Ooze","player_choice":"Success","floor":3.0,"gold_loss":0.0,"damage_taken":3.0,"relics_obtained":["Orichalcum"]},{"cards_removed":["Cleave"],"damage_healed":0.0,"max_hp_gain":0.0,"max_hp_loss":0.0,"gold_gain":0.0,"event_name":"WeMeetAgain","player_choice":"Gave Card","floor":5.0,"gold_loss":0.0,"damage_taken":0.0,"relics_obtained":["MawBank"]}],"is_beta":false,"boss_relics":[{"not_picked":["Pandora\u0027s Box","Empty Cage"],"picked":"Black Star"}],"items_purged_floors":[],"is_endless":false,"potions_floor_spawned":[6,10,22,24],"killed_by":"Shelled Parasite and Fungi","ascension_level":12}}