{"host":"n2kcse4gu4kap8to","time":1608138543,"event":{"mods":["Act Like it!","Aspiration","BaseMod","Conspire","Dota2Spire","Hallownest","Minty Spire (QoL Compilation)","Pale of the Ancients","Replay The Spire","Spicy Shops","StSLib","TestMod","The Bug Knight","The Cursed","The Gatherer","[IsaacMod]ÒÔÈö¼âËþ","vexMod","¡¾ÒÅÎï¿¨ÅÆ¡¿REMEMod"],"gold_per_floor":[115,115,126,526,538,571,90,90,116,143,162,162,209,209,209,307,307,317,364,384,384,384,384,445,489,569,599,599,599,599,640,640,769,769,782,856,872,922,922,955,955,955,955,955,972,972,972,1016,1016,1116,1163,1210,1310,1310,1310,1329,1329,1329,1329,1454],"floor_reached":61,"playtime":3564,"items_purged":["HollowMod:NailStrikeStart","HollowMod:QuickDashStart","HollowMod:QuickDashStart","HollowMod:QuickDashStart","HollowMod:NailStrikeStart","HollowMod:NailStrikeStart","HollowMod:QuickDashStart","HollowMod:SoulSplash","HollowMod:AbyssShriek","Swift Strike","HollowMod:DescendingDark"],"score":1507,"play_id":"b9590eb5-6ebe-4f7c-94de-babd17abbb75","local_time":"20201217010903","is_ascension_mode":true,"campfire_choices":[{"data":"Envenom","floor":8.0,"key":"SMITH"},{"data":"testmod-EternalityOfKhronos","floor":15.0,"key":"SMITH"},{"floor":23.0,"key":"RECALL"},{"data":"HollowMod:SlysStrikes","floor":32.0,"key":"SMITH"},{"data":"HollowMod:AwokenDreamNail","floor":41.0,"key":"SMITH"},{"data":"Apotheosis","floor":44.0,"key":"SMITH"},{"data":"Double Energy","floor":46.0,"key":"SMITH"},{"floor":49.0,"key":"DIG"},{"data":"HollowMod:SlysStrikes","floor":55.0,"key":"SMITH"},{"data":"testmod-PowerStrike+1","floor":57.0,"key":"SMITH"}],"circlet_count":0,"master_deck":["Envenom+1","HollowMod:HerrahsAnger","testmod-PowerStrike+2","testmod-EternalityOfKhronos+1","HollowMod:CloakDash","HollowMod:AwokenDreamNail+1","HollowMod:RecoilStrike+1","ReplayTheSpireMod:Brewmster","HollowMod:SlysStrikes+1","testmod-FightingIntention","HollowMod:SoulSplash","HollowMod:PerfectDash","Panache+1","testmod-BackupPower","Glacier+1","HollowMod:MantisMark+1","Storm","testmod-EternalityOfKhronos+1","Panic Button","Double Energy+1","Apotheosis+1","Undo","HollowMod:CycloneSlash+1","Flash of Steel","HollowMod:CloakDash+1","HollowMod:SlysStrikes+1","Ball Lightning+1","REME_Whirling+1","HollowMod:FastStrike+1","FIFO Queue","Creative AI"],"relics":["HollowMod:VesselMask","REME_ComplimentaryCards","HushsDoor","SteamSale","testmod-Fanaticism","aspiration:Nostalgia","Cracked Core","Pet Ghost","Dota2Spire:OrchidMalevolence","SatanicBible","EdensBlessing","Replay:Baseball","SteamSale","Membership Card","testmod-Antiphasic","testmod-IndustrialRevolution","Dota2Spire:HandOfMidas","Sundial","NineVolt","testmod-Temperance","GuppysHead","GuppysHairball","Hallownest:NailmastersGloryRelic","Chameleon Ring","Replay:Accelerometer","Dota2Spire:PowerTreads","Dota2Spire:ArcaneBoots","Sling","Frozen Eye","Happy Flower","testmod-AssaultLearning","Nunchaku","Regal Pillow","vexMod:FocusSash","conspire:GlowingRock","Lee\u0027s Waffle","ReplayTheSpireMod:ShopPack","Shuriken","aspiration:DefectSkillbook","GuppysTail","aspiration:FetidBarrel","Oddly Smooth Stone","Pantograph","aspiration:StickyExplosives_weak","aspiration:HummingbirdHeart","vexMod:Cooldron","DollysMirror","DoctorsRemote","Dota2Spire:PhaseBoots","vexMod:MemoryStick","Dota2Spire:ArmletOfMordiggian","testmod-IntensifyImprint","HollowMod:KingsBrand","Replay:WaspNest","Ornamental Fan","Orichalcum","BFFS","vexMod:PaidLearning","Replay:PocketPolymizer","paleoftheancients:Timepiece","paleoftheancients:KeyRelic","Anchor","Spirit Poop","paleoftheancients:SoulOfTheWokeBloke","vexMod:BarristanHead","testmod-RealStoneCalender","HollowMod:PaleOreRelic","Chemical X","testmod-BalancedPeriapt","Orrery","BargainBundle","TuHaoJin","TheBible","BlankCard","Unceasing Top","HollowMod:JonisBlessing"],"acts_visited":["Hallownest:Greenpath","Hallownest:CityofTears","Hallownest:KingdomsEdge","paleoftheancients:PaleOfTheAncients"],"potions_floor_usage":[60,60,60,60,60,60,60,60,60,60],"damage_taken":[{"damage":6.0,"enemies":"Hallownest:2_MossCreeps","floor":1.0,"turns":3.0},{"damage":4.0,"enemies":"Hallownest:2_Tiktiks_and_1_Crawlid","floor":3.0,"turns":2.0},{"damage":6.0,"enemies":"Hallownest:monsterHuskWarrior","floor":5.0,"turns":2.0},{"damage":1.0,"enemies":"Hallownest:eliteVengeflyKing","floor":6.0,"turns":4.0},{"damage":0.0,"enemies":"Hallownest:eliteCrystalGuardian","floor":10.0,"turns":2.0},{"damage":1.0,"enemies":"Hallownest:monsterMossCharger","floor":11.0,"turns":2.0},{"damage":6.0,"enemies":"Hallownest:2_Tiktiks_1_Baldur_1_Crawlid","floor":13.0,"turns":1.0},{"damage":0.0,"enemies":"Hallownest:BossFalseKnight","floor":16.0,"turns":1.0},{"damage":0.0,"enemies":"Hallownest:3_Youths","floor":18.0,"turns":3.0},{"damage":22.0,"enemies":"Hallownest:Guard_and_Sentry","floor":19.0,"turns":2.0},{"damage":4.0,"enemies":"Hallownest:Master_and_Novice","floor":20.0,"turns":3.0},{"damage":36.0,"enemies":"Hallownest:eliteWatcherKnight","floor":24.0,"turns":8.0},{"damage":25.0,"enemies":"Hallownest:3_Mistakes","floor":25.0,"turns":4.0},{"damage":0.0,"enemies":"Hallownest:Nosk","floor":27.0,"turns":2.0},{"damage":0.0,"enemies":"Hallownest:Glutton_and_Coward","floor":31.0,"turns":2.0},{"damage":0.0,"enemies":"Hallownest:BossSoulMaster","floor":33.0,"turns":1.0},{"damage":0.0,"enemies":"Hallownest:3_Siblings","floor":35.0,"turns":2.0},{"damage":0.0,"enemies":"Hallownest:Shield_Heavy","floor":37.0,"turns":2.0},{"damage":0.0,"enemies":"Hallownest:2_Wandering_and_1_Horned","floor":38.0,"turns":3.0},{"damage":0.0,"enemies":"Hallownest:eliteCollector","floor":40.0,"turns":2.0},{"damage":0.0,"enemies":"Hallownest:Shield_Sturdy","floor":45.0,"turns":2.0},{"damage":0.0,"enemies":"Hallownest:2_Soldiers_and_1_Guardian","floor":48.0,"turns":1.0},{"damage":0.0,"enemies":"Hallownest:BossHollowKnight","floor":50.0,"turns":3.0},{"damage":0.0,"enemies":"Hallownest:BossHollowKnight","floor":51.0,"turns":3.0},{"damage":0.0,"enemies":"Hallownest:BossHollowKnight","floor":52.0,"turns":5.0},{"damage":0.0,"enemies":"Hallownest:BossHollowKnight","floor":56.0,"turns":2.0},{"damage":0,"enemies":"Delirium","floor":60,"turns":3}],"seed_played":"-6188349579290529396","potions_obtained":[{"floor":1.0,"key":"BlessingOfTheForge"},{"floor":10.0,"key":"DistilledChaos"},{"floor":13.0,"key":"PowerPotion"},{"floor":16.0,"key":"AttackPotion"},{"floor":18.0,"key":"Adrenaline Potion"},{"floor":20.0,"key":"SpeedPotion"},{"floor":50.0,"key":"EntropicBrew"},{"floor":60,"key":"EntropicBrew"}],"is_trial":false,"path_per_floor":["M","?","M","?","M","E","$","R","T","E","M","$","M","?","R","B",null,"M","M","M","?","$","R","E","M","T","E","?","$","?","M","R","B",null,"M","T","M","M","$","E","R","$","T","R","M","R","$","M","R","B","M","M","?","$","R","M","R","$","?","B",null],"character_chosen":"THE_BUGKNIGHT","items_purchased":["SatanicBible","EdensBlessing","HollowMod:HerrahsAnger","testmod-PowerStrike","Membership Card","testmod-Antiphasic","testmod-IndustrialRevolution","Dota2Spire:HandOfMidas","Sundial","NineVolt","testmod-SpacePotion","Milkshake","Toxic Potion","testmod-EternalityOfKhronos","Swift Strike","HollowMod:BaldurShell","HollowMod:SoulSplash","GuppysHead","GuppysHairball","Chameleon Ring","Replay:Accelerometer","Dota2Spire:PowerTreads","Dota2Spire:ArcaneBoots","Sling","Frozen Eye","ReplayTheSpireMod:Brewmster","Fire Potion","DistilledChaos","Nunchaku","Regal Pillow","vexMod:FocusSash","conspire:GlowingRock","Lee\u0027s Waffle","ReplayTheSpireMod:ShopPack","testmod-FightingIntention","HollowMod:SoulSplash","HollowMod:PerfectDash","GuppysTail","Oddly Smooth Stone","Pantograph","aspiration:StickyExplosives_weak","aspiration:HummingbirdHeart","vexMod:Cooldron","Storm","DollysMirror","Panic Button","Dota2Spire:PhaseBoots","vexMod:MemoryStick","Dota2Spire:ArmletOfMordiggian","Apotheosis","Undo","HollowMod:KingsBrand","Replay:WaspNest","Ornamental Fan","Orichalcum","BFFS","vexMod:PaidLearning","Flash of Steel","vexMod:BarristanHead","testmod-RealStoneCalender","HollowMod:PaleOreRelic","Chemical X","testmod-BalancedPeriapt","Orrery","BargainBundle","TuHaoJin","TheBible","BlankCard","Unceasing Top","HollowMod:JonisBlessing","FIFO Queue"],"campfire_rested":0,"item_purchase_floors":[7,7,7,7,12,12,12,12,12,12,12,12,12,12,12,12,12,17,17,22,22,22,22,22,22,22,22,22,29,29,29,29,29,29,29,29,29,34,39,39,39,39,39,39,39,39,42,42,42,42,42,47,47,47,47,47,47,47,54,54,54,54,54,54,58,58,58,58,58,58,58],"current_hp_per_floor":[75,60,57,57,52,57,57,57,57,57,56,56,50,50,50,75,50,50,42,38,38,38,38,65,70,70,70,70,77,77,77,77,77,67,67,67,67,67,67,67,67,67,67,67,67,67,67,67,67,67,67,67,67,67,67,67,67,67,67,67],"gold":1454,"neow_bonus":"NOSTALGIA","is_daily":false,"chose_seed":false,"campfire_upgraded":8,"win_rate":0.0,"timestamp":1608138543,"path_taken":["M","?","M","?","?","E","?","R","T","E","M","$","?","?","R","BOSS","M","M","M","?","$","R","E","M","T","E","?","$","?","M","R","BOSS","M","?","M","M","$","E","R","$","T","R","M","R","$","M","R","BOSS","M","M","?","$","R","M","R","$","?","BOSS"],"items_purchased_type":["Relic","Relic","Card","Card","Relic","Relic","Relic","Relic","Relic","Relic","Potion","Potion","Potion","Card","Card","Card","Card","Relic","Relic","Relic","Relic","Relic","Relic","Relic","Relic","Card","Potion","Potion","Relic","Relic","Relic","Relic","Relic","Relic","Card","Card","Card","Relic","Relic","Relic","Relic","Relic","Relic","Card","Relic","Card","Relic","Relic","Relic","Card","Card","Relic","Relic","Relic","Relic","Relic","Relic","Card","Relic","Relic","Relic","Relic","Relic","Relic","Relic","Relic","Relic","Relic","Relic","Relic","Card"],"build_version":"2020-12-13","purchased_purges":11,"victory":true,"max_hp_per_floor":[75,75,75,75,75,75,75,75,75,75,75,75,75,75,75,75,50,50,55,55,55,55,55,65,70,70,70,70,77,77,77,77,77,67,67,67,67,67,67,67,67,67,67,67,67,67,67,67,67,67,67,67,67,67,67,67,67,67,67,67],"card_choices":[{"not_picked":[],"picked":"ChaosCard","floor":0.0},{"not_picked":["HollowMod:DashSlash","HollowMod:WraithStrike"],"picked":"HollowMod:NewLittleFool","floor":1.0},{"not_picked":["HollowMod:QuirrelsAssistance","HollowMod:SiblingsSouls","HollowMod:Grubsong"],"picked":"SKIP","floor":3.0},{"not_picked":["HollowMod:MothsMistake","HollowMod:SiblingsSouls","HollowMod:HowlingWraiths"],"picked":"SKIP","floor":5.0},{"not_picked":["HollowMod:MonarchWings","HollowMod:ChannelNail"],"picked":"HollowMod:AbyssShriek","floor":6.0},{"not_picked":["HollowMod:DescendingDark","HollowMod:TaintedHusks"],"picked":"HollowMod:GoodIntentions","floor":10.0},{"not_picked":["HollowMod:HowlingWraiths","HollowMod:CrystalDash"],"picked":"HollowMod:DescendingDark","floor":11.0},{"not_picked":["HollowMod:TaintedHusks","HollowMod:WraithStrike"],"picked":"HollowMod:CloakDash","floor":13.0},{"not_picked":["HollowMod:SoulMaster","HollowMod:NewInfectedGuardian"],"picked":"HollowMod:AwokenDreamNail","floor":16.0},{"not_picked":["HollowMod:BlackTendrils","HollowMod:InfectionAssault+1","HollowMod:FallenFury"],"picked":"SKIP","floor":18.0},{"not_picked":["HollowMod:VengefulVoid","HollowMod:SoulVessel","HollowMod:SoulEater"],"picked":"SKIP","floor":19.0},{"not_picked":["HollowMod:SiblingsSouls","HollowMod:CornifersMapStart"],"picked":"HollowMod:RecoilStrike+1","floor":20.0},{"not_picked":["HollowMod:SharpenedShadows+1","HollowMod:TaintedHusks+1","HollowMod:GoodIntentions"],"picked":"SKIP","floor":24.0},{"not_picked":["HollowMod:DoubleDash","HollowMod:DescendingDark+1"],"picked":"HollowMod:SlysStrikes","floor":25.0},{"not_picked":["HollowMod:MonarchWings","HollowMod:BlackTendrils","HollowMod:SoulStrike"],"picked":"SKIP","floor":27.0},{"not_picked":["testmod-Wormhole","BloodyBrimstone"],"picked":"Panache","floor":29.0},{"not_picked":["testmod-HeadAttack","Replay:Parry"],"picked":"testmod-BackupPower","floor":29.0},{"not_picked":["HollowMod:TaintedHusks+1","HollowMod:DashSlash","HollowMod:LifebloodCocoon"],"picked":"SKIP","floor":31.0},{"not_picked":["Gash","HollowMod:HeavyBlow","HollowMod:CoiledNail+1","Stack+1"],"picked":"SKIP","floor":35.0},{"not_picked":["Genetic Algorithm+1","HollowMod:FastStrike+1","HollowMod:TaintedHusks+1"],"picked":"Glacier+1","floor":37.0},{"not_picked":["HollowMod:CloakDash","BasicCrystalCard+1","Stack"],"picked":"HollowMod:MantisMark+1","floor":38.0},{"not_picked":["ReplayTheSpireMod:Dual Polarity","Sunder","HollowMod:MonomonsArchive"],"picked":"Double Energy","floor":40.0},{"not_picked":["HollowMod:SiblingsSouls","HollowMod:MonarchWings+1","Blizzard+1"],"picked":"HollowMod:CycloneSlash+1","floor":45.0},{"not_picked":["Redo","HollowMod:NewJinnsSoul","HollowMod:LifebloodCore"],"picked":"HollowMod:CloakDash+1","floor":48.0},{"not_picked":["HollowMod:LordofShades","Thunder Strike","HollowMod:theNailsmith"],"picked":"HollowMod:SlysStrikes","floor":50.0},{"not_picked":["Rebound","HollowMod:HeavyBlow+1","Leap"],"picked":"Ball Lightning+1","floor":51.0},{"not_picked":["Leap+1","Go for the Eyes","Hologram+1","HollowMod:SiblingsSouls+1"],"picked":"SKIP","floor":52.0},{"not_picked":["Ball Lightning+1","HollowMod:CornifersMapStart","aspiration:Polymerization"],"picked":"REME_Whirling+1","floor":54.0},{"not_picked":["HollowMod:SoulVessel+1","Fan+1","HollowMod:ChannelNail"],"picked":"HollowMod:FastStrike+1","floor":56.0},{"not_picked":["Mirror Shield","Multi-Cast","Meteor Strike"],"picked":"Creative AI","floor":60}],"player_experience":996653,"relics_obtained":[{"floor":6.0,"key":"Dota2Spire:OrchidMalevolence"},{"floor":9.0,"key":"Replay:Baseball"},{"floor":10.0,"key":"Diplopia"},{"floor":24.0,"key":"Happy Flower"},{"floor":27.0,"key":"testmod-AssaultLearning"},{"floor":36.0,"key":"aspiration:FetidBarrel"},{"floor":40.0,"key":"DoctorsRemote"},{"floor":43.0,"key":"testmod-IntensifyImprint"},{"floor":49.0,"key":"Replay:PocketPolymizer"},{"floor":52.0,"key":"paleoftheancients:SoulOfTheWokeBloke"}],"event_choices":[{"damage_healed":0.0,"max_hp_gain":0.0,"max_hp_loss":0.0,"gold_gain":400.0,"event_name":"¶÷ÂåË¹µÄÅÌ×Ó","player_choice":"Sell","floor":4.0,"relics_lost":["testmod-TestBox"],"gold_loss":0.0,"damage_taken":0.0},{"damage_healed":0.0,"max_hp_gain":0.0,"max_hp_loss":0.0,"gold_gain":100.0,"event_name":"Golden Shrine","player_choice":"Pray","floor":53.0,"gold_loss":0.0,"damage_taken":0.0}],"is_beta":false,"boss_relics":[{"not_picked":["testmod-HarvestTotem","HollowMod:VoidIdolRelic"],"picked":"testmod-Temperance"},{"not_picked":[]},{"not_picked":["testmod-CardMagician","conspire:RoyalGoblet"],"picked":"aspiration:DefectSkillbook"},{"not_picked":[]}],"items_purged_floors":[7,7,12,17,22,29,29,39,42,47,58],"is_endless":false,"potions_floor_spawned":[1,10,13,16,18,20,24,31,35,37,50,52,60],"ascension_level":1}}