{"host":"mg3e76uznu9x14du","time":1608161368,"event":{"mods":["BaseMod","Colored Map","Downfall","Minty Spire (QoL Compilation)","Permanent Neow","Relic Stats","StSLib","Waifu the Spire","everything is the same but u backflip on backflip"],"gold_per_floor":[99,99,127,127,127,142,212,212,230,230,248,258,37,37,50,152,152,152,164,89,123,123,141,141,151,186,111,122,122,142,142,152,256,256,181,181,196,196,33,62,62,62,75,100,154,154,168,249,261,261,261],"floor_reached":50,"playtime":3623,"items_purged":["champ:Strike"],"score":724,"play_id":"4399285a-a021-4e6f-9e67-c901dceba1ea","local_time":"20201216182928","is_ascension_mode":true,"campfire_choices":[{"data":"champ:Taunt","floor":1,"key":"SMITH"},{"data":"champ:Backstep","floor":8,"key":"SMITH"},{"data":"champ:AdrenalArmor","floor":10,"key":"SMITH"},{"data":"champ:TornadoPunch","floor":18,"key":"SMITH"},{"data":"champ:Encircle","floor":20,"key":"SMITH"},{"floor":27,"key":"RECALL"},{"data":"champ:AdrenalArmor","floor":35,"key":"SMITH"},{"data":"champ:AdrenalArmor","floor":38,"key":"SMITH"},{"floor":42,"key":"REST"}],"circlet_count":0,"master_deck":["champ:Strike+1","champ:Strike+1","champ:Defend+1","champ:Defend+1","champ:Defend+1","champ:Defend+1","champ:Execute","champ:Taunt+1","champ:Backstep+1","champ:BringItOn","champ:Encircle+1","champ:DefensiveShout","champ:AdrenalArmor+1","champ:IgnorePain","champ:BerserkersShout","champ:EnragedBash","champ:ShieldWall","champ:Circumvent","champ:TornadoPunch+1","champ:AdrenalArmor+1","champ:DefensiveStyle","champ:Encircle","champ:ShieldSigil","champ:IronFortress","champ:StanceDance+1","champ:Improvising","champ:AdrenalArmor+1","champ:ShieldSlam","champ:RageSigil+1","champ:FalseCounter+1","champ:TornadoPunch+1","champ:RisingSlash+1","champ:DancingMaster","champ:PerfectForm"],"relics":["champ:ChampionCrown","downfall:HeartsMalice","Eternal Feather","Philosopher\u0027s Stone","downfall:HeartBlessingBlue","Shuriken","Lizard Tail","downfall:HeartBlessingGreen","champ:ChampionCrownUpgraded","downfall:HeartBlessingRed","Vajra","Singing Bowl","Dream Catcher","Bottled Flame","Ginger","Mummified Hand"],"acts_visited":["Exordium","TheCity","TheBeyond"],"potions_floor_usage":[23,26,28,28,37],"damage_taken":[{"damage":0,"enemies":"Cultist","floor":2,"turns":1},{"damage":0,"enemies":"3 Sentries","floor":3,"turns":1},{"damage":0,"enemies":"Small Slimes","floor":5,"turns":1},{"damage":5,"enemies":"2 Louse","floor":6,"turns":3},{"damage":2,"enemies":"Red Slaver","floor":9,"turns":4},{"damage":10,"enemies":"Blue Slaver","floor":11,"turns":3},{"damage":10,"enemies":"3 Louse","floor":12,"turns":4},{"damage":27,"enemies":"downfall:FleeingMerchant","floor":13,"turns":4},{"damage":37,"enemies":"Exordium Thugs","floor":15,"turns":4},{"damage":50,"enemies":"downfall:Watcher","floor":16,"turns":11},{"damage":29,"enemies":"Spheric Guardian","floor":19,"turns":3},{"damage":93,"enemies":"Book of Stabbing","floor":21,"turns":9},{"damage":35,"enemies":"3 Byrds","floor":23,"turns":5},{"damage":42,"enemies":"Snecko","floor":25,"turns":7},{"damage":93,"enemies":"Slavers","floor":26,"turns":7},{"damage":34,"enemies":"Snake Plant","floor":28,"turns":5},{"damage":13,"enemies":"Cultist and Chosen","floor":30,"turns":3},{"damage":41,"enemies":"Shelled Parasite and Fungi","floor":32,"turns":4},{"damage":17,"enemies":"downfall:Defect","floor":33,"turns":13},{"damage":50,"enemies":"3 Shapes","floor":37,"turns":2},{"damage":92,"enemies":"downfall:FleeingMerchant","floor":39,"turns":4},{"damage":118,"enemies":"Nemesis","floor":40,"turns":7},{"damage":56,"enemies":"3 Darklings","floor":43,"turns":4},{"damage":113,"enemies":"Reptomancer","floor":44,"turns":4},{"damage":41,"enemies":"2 Orb Walkers","floor":45,"turns":3},{"damage":137,"enemies":"Transient","floor":47,"turns":5},{"damage":47,"enemies":"downfall:FleeingMerchant","floor":48,"turns":1},{"damage":64,"enemies":"4 Shapes","floor":49,"turns":4},{"damage":103,"enemies":"downfall:Silent","floor":50,"turns":7}],"seed_played":"5894931399489767175","potions_obtained":[{"floor":3,"key":"Guardian:BlockOnCardUsePotion"},{"floor":11,"key":"Block Potion"},{"floor":12,"key":"Ancient Potion"},{"floor":23,"key":"SkillPotion"},{"floor":26,"key":"Energy Potion"},{"floor":36,"key":"DistilledChaos"},{"floor":36,"key":"SteroidPotion"},{"floor":37,"key":"PowerPotion"},{"floor":49,"key":"FairyPotion"}],"is_trial":false,"path_per_floor":["R","M","E","?","M","M","T","R","M","R","M","M","$","?","M","B",null,"R","M","R","E","?","M","T","M","E","R","M","?","M","?","M","B",null,"R","?","M","R","$","E","T","R","M","E","?","?","M","$","M","B"],"character_chosen":"THE_CHAMP","items_purchased":["champ:ShieldWall","champ:Circumvent","Vajra","Mummified Hand"],"campfire_rested":1,"item_purchase_floors":[13,13,39,48],"current_hp_per_floor":[90,90,90,90,90,90,90,90,90,90,90,90,90,90,72,60,90,90,76,98,29,110,99,99,78,38,50,46,46,46,46,18,17,110,110,110,110,110,110,72,72,114,114,79,75,75,65,65,59,0,0],"gold":261,"neow_bonus":"THREE_ENEMY_KILL","is_daily":false,"chose_seed":false,"campfire_upgraded":7,"win_rate":0.0,"timestamp":1608161368,"path_taken":["R","M","E","?","M","?","T","R","M","R","M","M","$","?","M","BOSS","R","M","R","E","?","?","T","M","E","R","M","?","M","?","M","BOSS","R","?","?","R","$","E","T","R","M","E","?","?","?","$","M","BOSS"],"items_purchased_type":["Card","Card","Relic","Relic"],"build_version":"2020-12-13","purchased_purges":1,"victory":false,"max_hp_per_floor":[90,90,90,90,90,90,90,90,90,90,90,90,90,90,90,90,90,90,90,100,100,110,110,110,110,110,110,110,110,110,110,110,110,110,110,110,110,110,110,112,112,114,114,114,116,116,118,118,120,120,120],"relic_stats":{"Lizard Tail":58,"Dream Catcher":1,"Singing Bowl":10,"counters":[29,130],"Shuriken":[14],"Mummified Hand":[11],"Eternal Feather":42,"Ginger":[6],"obtain_stats":[{"downfall:HeartBlessingRed":35,"Singing Bowl":40,"Blue Candle":26,"Vajra":39,"champ:ChampionCrown":0,"downfall:HeartsMalice":0,"Eternal Feather":3,"downfall:HeartBlessingGreen":27,"champ:ChampionCrownUpgraded":34,"Ginger":45,"Lizard Tail":24,"Dream Catcher":41,"Bottled Flame":44,"downfall:BrokenWingStatue":14,"downfall:HeartBlessingBlue":20,"Shuriken":21,"Mummified Hand":48,"Philosopher\u0027s Stone":17},{"downfall:HeartBlessingRed":19,"Singing Bowl":22,"Blue Candle":15,"Vajra":21,"champ:ChampionCrown":0,"downfall:HeartsMalice":0,"Eternal Feather":2,"downfall:HeartBlessingGreen":15,"champ:ChampionCrownUpgraded":19,"Ginger":25,"Lizard Tail":13,"Dream Catcher":22,"Bottled Flame":24,"downfall:BrokenWingStatue":8,"downfall:HeartBlessingBlue":11,"Shuriken":12,"Mummified Hand":27,"Philosopher\u0027s Stone":10},{"downfall:HeartBlessingRed":89,"Singing Bowl":102,"Blue Candle":64,"Vajra":95,"champ:ChampionCrown":0,"downfall:HeartsMalice":0,"Eternal Feather":0,"downfall:HeartBlessingGreen":64,"champ:ChampionCrownUpgraded":89,"Ginger":113,"Lizard Tail":50,"Dream Catcher":102,"Bottled Flame":110,"downfall:BrokenWingStatue":18,"downfall:HeartBlessingBlue":36,"Shuriken":45,"Mummified Hand":119,"Philosopher\u0027s Stone":33}]},"card_choices":[{"not_picked":["champ:BringItOn","champ:RageSigil"],"picked":"champ:Backstep","floor":2},{"not_picked":["champ:DefensiveShout","champ:CrownThrow"],"picked":"champ:BringItOn","floor":3},{"not_picked":["champ:CalledShot","champ:ShieldSigil"],"picked":"champ:Encircle","floor":5},{"not_picked":["champ:RapidStrikes","champ:FocusedBerserking"],"picked":"champ:DefensiveShout","floor":6},{"not_picked":["champ:Circumvent","champ:FlashCut"],"picked":"champ:AdrenalArmor","floor":9},{"not_picked":["champ:FanOfKnives","champ:CrookedStrike"],"picked":"champ:IgnorePain","floor":11},{"not_picked":["champ:Backstep","champ:CrookedStrike"],"picked":"champ:BerserkersShout","floor":12},{"not_picked":["champ:ArenaPreparation","champ:ShieldWall"],"picked":"champ:EnragedBash","floor":13},{"not_picked":["champ:FanOfKnives","champ:SwordSigil"],"picked":"champ:TornadoPunch","floor":15},{"not_picked":["champ:StrikeOfGenius","champ:DancingMaster"],"picked":"champ:LastStand","floor":16},{"not_picked":["champ:TornadoPunch+1","champ:CrookedStrike"],"picked":"champ:AdrenalArmor","floor":19},{"not_picked":["champ:SwordSigil","champ:BladeFlurry+1"],"picked":"champ:DefensiveStyle","floor":21},{"not_picked":["champ:Aggression+1","champ:FanOfKnives"],"picked":"champ:Encircle","floor":23},{"not_picked":["champ:FocusedDefense","champ:Haymaker"],"picked":"champ:ShieldSigil","floor":25},{"not_picked":["champ:BladeFlurry","champ:FlashCut"],"picked":"champ:IronFortress","floor":26},{"not_picked":["champ:ArenaPreparation","champ:Haymaker"],"picked":"champ:StanceDance+1","floor":28},{"not_picked":["champ:DefensiveShout","champ:BladeFlurry"],"picked":"champ:Improvising","floor":30},{"not_picked":["champ:PerfectedStrike","champ:FlashCut"],"picked":"champ:AdrenalArmor","floor":32},{"not_picked":["champ:Devastate","champ:StrikeOfGenius"],"picked":"champ:ShieldSlam","floor":33},{"not_picked":["champ:RapidStrikes+1","champ:IronFortress+1"],"picked":"champ:RageSigil+1","floor":37},{"not_picked":["champ:RapidStrikes+1","champ:DeathBlow"],"picked":"champ:FalseCounter+1","floor":39},{"not_picked":["champ:FanOfKnives+1","champ:Encircle+1","champ:ViciousMockery+1"],"picked":"Singing Bowl","floor":40},{"not_picked":["champ:Circumvent","champ:BladeFlurry+1","champ:GladiatorsShout+1"],"picked":"Singing Bowl","floor":42},{"not_picked":["champ:FalseCounter+1","champ:ShieldSlam"],"picked":"champ:TornadoPunch+1","floor":43},{"not_picked":["champ:SwordSigil","champ:Haymaker"],"picked":"champ:RisingSlash+1","floor":44},{"not_picked":["champ:PreciseThrust","champ:DefensiveShout","champ:SwordSigil"],"picked":"Singing Bowl","floor":45},{"not_picked":["champ:AdrenalArmor","champ:FalseCounter+1","champ:ShieldSigil"],"picked":"Singing Bowl","floor":47},{"not_picked":["champ:FlashCut","champ:Riposte"],"picked":"champ:PerfectForm","floor":48},{"not_picked":["champ:FlashCut","champ:ViciousMockery","champ:Balance+1"],"picked":"Singing Bowl","floor":49}],"player_experience":398831,"relics_obtained":[{"floor":3,"key":"Eternal Feather"},{"floor":21,"key":"Shuriken"},{"floor":24,"key":"Lizard Tail"},{"floor":26,"key":"Blue Candle"},{"floor":40,"key":"Singing Bowl"},{"floor":41,"key":"Dream Catcher"},{"floor":44,"key":"Bottled Flame"},{"floor":45,"key":"Ginger"}],"event_choices":[{"cards_removed":["champ:Strike"],"damage_healed":0,"gold_gain":0,"player_choice":"Purged","damage_taken":0,"max_hp_gain":0,"max_hp_loss":0,"event_name":"Purifier","floor":4,"gold_loss":0},{"cards_removed":["champ:LastStand"],"damage_healed":71,"gold_gain":0,"player_choice":"Offered Rare","damage_taken":0,"max_hp_gain":10,"max_hp_loss":0,"event_name":"Bonfire Elementals","floor":22,"gold_loss":0},{"damage_healed":0,"gold_gain":0,"player_choice":"Simplicity","damage_taken":0,"max_hp_gain":0,"max_hp_loss":0,"event_name":"Back to Basics","floor":29,"gold_loss":0,"cards_upgraded":["champ:Strike","champ:Strike","champ:Defend","champ:Defend","champ:Defend","champ:Defend"]},{"damage_healed":0,"gold_gain":0,"player_choice":"Ignored","damage_taken":0,"max_hp_gain":0,"max_hp_loss":0,"event_name":"Vampires","floor":31,"gold_loss":0},{"damage_healed":0,"gold_gain":0,"player_choice":"Got Potions","damage_taken":0,"max_hp_gain":0,"max_hp_loss":0,"event_name":"Lab","floor":36,"gold_loss":0},{"damage_healed":0,"gold_gain":0,"player_choice":"Fight","damage_taken":0,"max_hp_gain":0,"max_hp_loss":0,"event_name":"Mysterious Sphere","floor":45,"gold_loss":0}],"is_beta":false,"boss_relics":[{"not_picked":["Runic Dome","Runic Pyramid"],"picked":"Philosopher\u0027s Stone"},{"not_picked":["SacredBark","Busted Crown"],"picked":"champ:ChampionCrownUpgraded"}],"items_purged_floors":[13],"is_endless":false,"potions_floor_spawned":[3,11,12,19,23,26,37,44,47,49],"killed_by":"downfall:Silent","ascension_level":2}}