{"host":"90zmhqhem9nbzoc6","time":1608098225,"event":{"mods":["AchievementEnabler","BaseMod","Better Note","Better Third Choice","BetterRewards","Colored Map","Colored Powertips","Conspire","Downfall","Energized Spire","Friendly Minions","GifTheSpireLib","Hermit","Hubris","Infinite Spire","Minty Spire (QoL Compilation)","Quick Restart","Replay The Spire","StSLib","Stuff the Spire","The Blue Laboratory","The Jungle"],"gold_per_floor":[117,292,311,10,20,20,40,69,69,32,32,32,32,44,44,144,144,171,196,196,228,228,228,228,503,503,572,572,604,604,633,633,805,805,831,831,831,831,843,843,857,888,915,915,915,933,933,933],"floor_reached":47,"playtime":2056,"items_purged":[],"score":468,"play_id":"4e899af3-6b8a-46c9-af41-5943b5f9a062","local_time":"20201215215705","is_ascension_mode":false,"campfire_choices":[{"floor":6,"key":"RECALL"},{"floor":11,"key":"REST"},{"floor":13,"key":"REST"},{"floor":15,"key":"REST"},{"data":"hermit:Determination","floor":23,"key":"SMITH"},{"floor":28,"key":"REST"},{"floor":30,"key":"REST"},{"floor":32,"key":"REST"},{"floor":40,"key":"REST"}],"circlet_count":0,"master_deck":["hermit:Strike_Hermit+1","hermit:Strike_Hermit","hermit:Strike_Hermit","hermit:Strike_Hermit","hermit:Defend_Hermit","hermit:Defend_Hermit","hermit:Defend_Hermit","hermit:Defend_Hermit","hermit:Snapshot","hermit:Covet","hermit:Determination","hermit:GoldenBullet+1","hermit:Vantage","Doubt","hermit:Headshot","hermit:Deadeye","hermit:Quickdraw","hermit:Determination+1","hermit:Glare","hermit:DeadOrAlive+1","hermit:Glare","hermit:ShadowCloak+1","hermit:GhostlyPresence","Regret","hermit:Reprieve","hermit:Maintenance+1","hermit:Feint+1","hermit:HeroicBravado","hermit:HighCaliber+1","hermit:HighCaliber+1","hermit:Dive+1","hermit:TrackingShot+1","hermit:Malice+1"],"relics":["hermit:Momento","Toy Ornithopter","Chemical X","Bag of Marbles","Juzu Bracelet","energizedSpire:NeverEndingSparkler","conspire:Boomerang","infinitespire:Bottled Soul","Bottled Lightning","Red Mask","SlaversCollar","hubris:CuriousFeather","Whetstone","Replay:Mystery Machine"],"acts_visited":["Exordium","TheCity","TheBeyond"],"potions_floor_usage":[18,27,29,33,39,47],"damage_taken":[{"damage":0,"enemies":"Small Slimes","floor":1,"turns":3},{"damage":2,"enemies":"Jaw Worm","floor":3,"turns":3},{"damage":0,"enemies":"2 Louse","floor":5,"turns":2},{"damage":13,"enemies":"Large Slime","floor":7,"turns":4},{"damage":59,"enemies":"3 Sentries","floor":8,"turns":9},{"damage":20,"enemies":"Gremlin Gang","floor":14,"turns":4},{"damage":31,"enemies":"The Guardian","floor":16,"turns":13},{"damage":9,"enemies":"3 Byrds","floor":18,"turns":7},{"damage":21,"enemies":"Spheric Guardian","floor":19,"turns":5},{"damage":1,"enemies":"Snecko","floor":21,"turns":4},{"damage":47,"enemies":"Book of Stabbing","floor":27,"turns":6},{"damage":28,"enemies":"Shelled Parasite and Fungi","floor":29,"turns":3},{"damage":0,"enemies":"Masked Bandits","floor":31,"turns":1},{"damage":38,"enemies":"Champ","floor":33,"turns":8},{"damage":22,"enemies":"Orb Walker","floor":35,"turns":5},{"damage":24,"enemies":"3 Shapes","floor":39,"turns":4},{"damage":43,"enemies":"3 Darklings","floor":41,"turns":7},{"damage":14,"enemies":"Maw","floor":42,"turns":6},{"damage":9,"enemies":"Transient","floor":46,"turns":5},{"damage":33,"enemies":"Writhing Mass","floor":47,"turns":2}],"seed_played":"-4511835213148412869","potions_obtained":[{"floor":3,"key":"sneckomod:MuddlingPotion"},{"floor":8,"key":"blueLaboratory:Moonshine"},{"floor":16,"key":"Block Potion"},{"floor":18,"key":"DuplicationPotion"},{"floor":19,"key":"blueLaboratory:FrostheartPotion"},{"floor":31,"key":"Flashbang"},{"floor":35,"key":"Block Potion"},{"floor":42,"key":"blueLaboratory:FrostheartPotion"}],"is_trial":false,"path_per_floor":["M","?","M","$","M","R","M","E","T","$","R","?","R","M","R","B",null,"M","M","?","M","AVR","R","?","?","T","E","R","M","R","?","R","B",null,"M","?","T","?","M","R","M","M","T","AVR","?","M","M"],"character_chosen":"HERMIT","items_purchased":["Toy Ornithopter","hermit:Determination","hermit:GoldenBullet","hermit:Cheat","Chemical X","Bag of Marbles","hermit:Determination"],"campfire_rested":7,"item_purchase_floors":[0,0,0,0,4,4,10],"current_hp_per_floor":[75,75,73,73,73,73,60,1,1,1,23,23,45,25,47,16,75,66,45,75,74,74,74,68,68,68,26,48,25,47,47,69,36,75,57,57,57,57,42,64,32,18,18,18,18,17,0,0],"gold":933,"neow_bonus":"","is_daily":false,"chose_seed":false,"campfire_upgraded":1,"win_rate":0.0,"timestamp":1608098225,"path_taken":["M","?","M","$","M","R","M","E","T","$","R","?","R","M","R","BOSS","M","M","?","M","AVR","R","?","?","T","E","R","M","R","?","R","BOSS","M","?","?","?","M","R","M","M","T","AVR","?","M","M"],"items_purchased_type":["Relic","Card","Card","Card","Relic","Relic","Card"],"build_version":"2020-12-13","purchased_purges":0,"victory":false,"max_hp_per_floor":[75,75,75,75,75,75,75,75,75,75,75,75,75,75,75,75,75,75,75,75,75,75,75,75,75,75,75,75,75,75,75,75,75,75,75,75,75,75,75,75,75,75,75,75,75,75,75,75],"card_choices":[{"not_picked":["hermit:BodyArmor","hermit:HoleUp"],"picked":"hermit:Vantage","floor":1},{"not_picked":["hermit:HoleUp","hermit:CalledShot"],"picked":"hermit:Headshot","floor":3},{"not_picked":["hermit:ItchyTrigger","hermit:EternalForm"],"picked":"hermit:Deadeye","floor":5},{"not_picked":["hermit:DeadMansHand","hermit:WideOpen"],"picked":"hermit:Quickdraw","floor":7},{"not_picked":["hermit:Horror","hermit:Roulette","hermit:SprayPray"],"picked":"SKIP","floor":8},{"not_picked":["hermit:Quickdraw","hermit:Headshot"],"picked":"hermit:Glare","floor":14},{"not_picked":["hermit:Roughhouse","hermit:RoundhouseKick"],"picked":"hermit:DeadOrAlive","floor":16},{"not_picked":["hermit:TakeAim","hermit:WideOpen"],"picked":"hermit:Glare","floor":18},{"not_picked":["hermit:Virtue+1","hermit:Coalescence"],"picked":"hermit:ShadowCloak+1","floor":19},{"not_picked":["hermit:Feint","hermit:HoleUp+1"],"picked":"hermit:GhostlyPresence","floor":21},{"not_picked":["hermit:DeadMansHand","hermit:LuckOfTheDraw"],"picked":"hermit:Reprieve","floor":27},{"not_picked":["hermit:BodyArmor","hermit:Malice"],"picked":"hermit:Maintenance+1","floor":29},{"not_picked":["hermit:Desperado","hermit:CalledShot"],"picked":"hermit:Feint+1","floor":31},{"not_picked":["hermit:OverwhelmingPower","hermit:Dissolve"],"picked":"hermit:HeroicBravado","floor":33},{"not_picked":["hermit:Vantage+1","hermit:Snipe+1"],"picked":"hermit:HighCaliber+1","floor":35},{"not_picked":["hermit:LowProfile","hermit:FullyLoaded"],"picked":"hermit:HighCaliber+1","floor":39},{"not_picked":["hermit:TakeCover+1","hermit:EyeOfTheStorm+1"],"picked":"hermit:Dive+1","floor":41},{"not_picked":["hermit:HighCaliber","hermit:Determination"],"picked":"hermit:TrackingShot+1","floor":42},{"not_picked":["hermit:CursedWeapon","hermit:Horror"],"picked":"hermit:Malice+1","floor":46}],"player_experience":200796,"relics_obtained":[{"floor":8,"key":"Juzu Bracelet"},{"floor":26,"key":"infinitespire:Bottled Soul"},{"floor":27,"key":"Bottled Lightning"},{"floor":31,"key":"Red Mask"},{"floor":37,"key":"hubris:CuriousFeather"},{"floor":43,"key":"Whetstone"}],"event_choices":[{"damage_healed":0,"gold_gain":175,"player_choice":"AGREE","damage_taken":117,"max_hp_gain":0,"max_hp_loss":0,"event_name":"betterThird:BetterSerpent","floor":2,"gold_loss":0},{"damage_healed":0,"gold_gain":0,"player_choice":"Leave","damage_taken":0,"max_hp_gain":0,"max_hp_loss":0,"event_name":"conspire:Investor","floor":12,"gold_loss":0},{"cards_removed":["hermit:Cheat"],"damage_healed":30,"gold_gain":0,"player_choice":"Offered Uncommon","damage_taken":0,"max_hp_gain":0,"max_hp_loss":0,"event_name":"Bonfire Elementals","floor":20,"gold_loss":0},{"damage_healed":0,"gold_gain":0,"player_choice":"","damage_taken":6,"max_hp_gain":0,"max_hp_loss":0,"event_name":"Knowing Skull","floor":24,"potions_obtained":[],"gold_loss":0,"cards_obtained":[]},{"damage_healed":0,"gold_gain":275,"player_choice":"Desecrate","damage_taken":0,"max_hp_gain":0,"max_hp_loss":0,"event_name":"Golden Shrine","floor":25,"gold_loss":0,"cards_obtained":["Regret"]},{"damage_healed":0,"gold_gain":0,"player_choice":"Fought Bandits","damage_taken":0,"max_hp_gain":0,"max_hp_loss":0,"event_name":"Masked Bandits","floor":31,"gold_loss":0},{"damage_healed":0,"gold_gain":0,"player_choice":"Ignored","damage_taken":0,"max_hp_gain":0,"max_hp_loss":0,"event_name":"betterThird:BetterPortal","floor":38,"gold_loss":0},{"damage_healed":0,"gold_gain":0,"player_choice":"Forge","damage_taken":0,"max_hp_gain":0,"max_hp_loss":0,"event_name":"Accursed Blacksmith","floor":45,"gold_loss":0,"cards_upgraded":["hermit:DeadOrAlive"]}],"is_beta":false,"boss_relics":[{"not_picked":["ReplayTheSpireMod:DimensionalGlitch","Fusion Hammer"],"picked":"energizedSpire:NeverEndingSparkler"},{"not_picked":["conspire:SeveredTorchhead","hubris:Stopwatch"],"picked":"SlaversCollar"}],"items_purged_floors":[],"is_endless":false,"potions_floor_spawned":[3,8,16,18,19,31,35,42],"killed_by":"Writhing Mass","ascension_level":0}}