{"host":"udyc8f81k2jocuhg","time":1608134126,"event":{"mods":["2.2 Compatiblity","BaseMod","Better Third Choice","Colored Powertips","Conspire","Custom Start","GifTheSpireLib","Hermit","Minty Spire (QoL Compilation)","Permanent Neow","Quick Restart","Relic Filter","Relic Stats","Replay The Spire","Shop Mod","Spikes Relics","StSLib","Stuff the Spire"],"gold_per_floor":[369,386,70,90,106,106,106,106],"floor_reached":7,"playtime":328,"items_purged":[],"score":75,"play_id":"7b1e1a0b-fcb7-4a69-ab9b-2ecd86a92a3a","local_time":"20201216165526","is_ascension_mode":true,"campfire_choices":[{"data":"Noxious Fumes","floor":6.0,"key":"SMITH"}],"circlet_count":0,"master_deck":["AscendersBane","Strike_G","Strike_G","Strike_G","Strike_G","Strike_G","Defend_G","Defend_G","Defend_G","Defend_G","Defend_G","Survivor","Neutralize","Strike_G","Strike_R","Catalyst","Backflip","Noxious Fumes+1","Bane"],"relics":["Ring of the Snake","Question Card"],"acts_visited":["Exordium"],"potions_floor_usage":[7,7],"damage_taken":[{"damage":0.0,"enemies":"2 Louse","floor":1.0,"turns":3.0},{"damage":1.0,"enemies":"Cultist","floor":2.0,"turns":4.0},{"damage":5.0,"enemies":"Small Slimes","floor":4.0,"turns":4.0},{"damage":28.0,"enemies":"Exordium Wildlife","floor":5.0,"turns":7.0},{"damage":16,"enemies":"Gremlin Nob","floor":7,"turns":4}],"seed_played":"8133038127063559994","potions_obtained":[{"floor":1.0,"key":"Dexterity Potion"},{"floor":5.0,"key":"Dexterity Potion"}],"is_trial":false,"path_per_floor":["M","M","$","M","M","R","E"],"character_chosen":"THE_SILENT","items_purchased":["Noxious Fumes","Question Card"],"campfire_rested":0,"item_purchase_floors":[3,3],"current_hp_per_floor":[59,58,58,53,25,25,9,9],"gold":106,"neow_bonus":"TWO_FIFTY_GOLD","is_daily":false,"chose_seed":false,"campfire_upgraded":1,"win_rate":0.0,"timestamp":1608134126,"path_taken":["M","M","$","M","M","R","E"],"items_purchased_type":["Card","Relic"],"build_version":"2020-12-13","purchased_purges":0,"victory":false,"max_hp_per_floor":[66,66,66,66,66,66,66,66],"relic_stats":{"counters":[5,22],"Question Card":2,"obtain_stats":[{"Question Card":3,"Ring of the Snake":0},{"Question Card":2,"Ring of the Snake":0},{"Question Card":7,"Ring of the Snake":0}],"Ring of the Snake":[10]},"card_choices":[{"not_picked":["StuffTheSpire:Repulse","Choke"],"picked":"Catalyst","floor":1.0},{"not_picked":["StuffTheSpire:BumpUp","StuffTheSpire:ClusterCrunch"],"picked":"Backflip","floor":2.0},{"not_picked":["StuffTheSpire:BumpUp","Flying Knee","Terror"],"picked":"Bane","floor":4.0},{"not_picked":["StuffTheSpire:Python","Flechettes","Backstab","Prepared"],"picked":"SKIP","floor":5.0}],"player_experience":1914073,"relics_obtained":[],"event_choices":[],"is_beta":false,"boss_relics":[],"items_purged_floors":[],"is_endless":false,"potions_floor_spawned":[1,5],"killed_by":"Gremlin Nob","ascension_level":15}}