{"host":"1c52r9kaxdyo25eq","time":1608117782,"event":{"mods":["AchievementEnabler","BaseMod","Minty Spire (QoL Compilation)","Rare Cards Sparkle","SuperFastMode","everything is the same but u backflip on backflip"],"gold_per_floor":[110,110,123,133,144,144,157,82,136,167,167,167,179,206,206,206,206],"floor_reached":16,"playtime":345,"items_purged":["Strike_G"],"score":224,"play_id":"8152c209-3cb6-4ccc-ad5c-a2073156221e","local_time":"20201216202302","is_ascension_mode":true,"campfire_choices":[{"data":"Infinite Blades","floor":6.0,"key":"SMITH"},{"floor":11.0,"key":"REST"},{"floor":15,"key":"REST"}],"circlet_count":0,"master_deck":["AscendersBane","Strike_G","Strike_G","Strike_G","Strike_G","Defend_G","Defend_G","Defend_G","Defend_G","Survivor","Neutralize","Calculated Gamble","Prepared","Infinite Blades+1","Acrobatics","Reflex","Prepared","Phantasmal Killer"],"relics":["Ring of the Snake","NeowsBlessing","Eternal Feather","Potion Belt","Regal Pillow","Juzu Bracelet"],"acts_visited":["Exordium"],"potions_floor_usage":[14],"damage_taken":[{"damage":0.0,"enemies":"Cultist","floor":1.0,"turns":1.0},{"damage":0.0,"enemies":"Jaw Worm","floor":3.0,"turns":1.0},{"damage":0.0,"enemies":"Small Slimes","floor":4.0,"turns":1.0},{"damage":11.0,"enemies":"Looter","floor":5.0,"turns":4.0},{"damage":3.0,"enemies":"Red Slaver","floor":7.0,"turns":5.0},{"damage":44.0,"enemies":"Gremlin Nob","floor":10.0,"turns":5.0},{"damage":11,"enemies":"3 Louse","floor":13,"turns":4},{"damage":34,"enemies":"3 Sentries","floor":14,"turns":9},{"damage":38,"enemies":"Slime Boss","floor":16,"turns":5}],"seed_played":"5175622639327484982","potions_obtained":[{"floor":4.0,"key":"AttackPotion"},{"floor":5.0,"key":"SpeedPotion"},{"floor":13,"key":"SpeedPotion"},{"floor":14,"key":"Fruit Juice"}],"is_trial":false,"path_per_floor":["M","T","M","M","M","R","M","$","T","E","R","?","M","E","R","B"],"character_chosen":"THE_SILENT","items_purchased":[],"campfire_rested":2,"item_purchase_floors":[],"current_hp_per_floor":[59,59,59,59,48,57,54,54,54,10,53,53,42,8,51,13,13],"gold":206,"neow_bonus":"THREE_ENEMY_KILL","is_daily":false,"chose_seed":false,"campfire_upgraded":1,"win_rate":0.0,"timestamp":1608117782,"path_taken":["M","?","M","M","M","R","M","$","T","E","R","?","M","E","R","BOSS"],"items_purchased_type":[],"build_version":"2020-12-13","purchased_purges":1,"victory":false,"max_hp_per_floor":[66,66,66,66,66,66,66,66,66,66,66,66,66,66,66,66,66],"card_choices":[{"not_picked":["Outmaneuver","PiercingWail"],"picked":"Calculated Gamble","floor":1.0},{"not_picked":["PiercingWail","Sucker Punch"],"picked":"Prepared","floor":3.0},{"not_picked":["Bane","All Out Attack"],"picked":"Infinite Blades","floor":4.0},{"not_picked":["Dodge and Roll","Outmaneuver"],"picked":"Acrobatics","floor":5.0},{"not_picked":["Catalyst","Setup"],"picked":"Reflex","floor":7.0},{"not_picked":["Well Laid Plans","Bane"],"picked":"Prepared","floor":10.0},{"not_picked":["Distraction","Doppelganger","Deflect"],"picked":"SKIP","floor":13},{"not_picked":["Deflect","Riddle With Holes","Flechettes"],"picked":"SKIP","floor":14}],"player_experience":484405,"relics_obtained":[{"floor":2.0,"key":"Eternal Feather"},{"floor":9.0,"key":"Potion Belt"},{"floor":10.0,"key":"Regal Pillow"},{"floor":14,"key":"Juzu Bracelet"}],"event_choices":[{"damage_healed":0,"gold_gain":0,"cards_transformed":["Defend_G"],"player_choice":"Transformed","damage_taken":0,"max_hp_gain":0,"max_hp_loss":0,"event_name":"Transmorgrifier","floor":12,"gold_loss":0,"cards_obtained":["Phantasmal Killer"]}],"is_beta":false,"boss_relics":[],"items_purged_floors":[8],"is_endless":false,"potions_floor_spawned":[4,5,13,14],"killed_by":"Slime Boss","ascension_level":20}}