{"host":"vxxgntm1odai56nh","time":1608155242,"event":{"mods":["AchievementEnabler","BaseMod","Colored Map","Colored Powertips","Highlight Path","Minty Spire (QoL Compilation)","Permanent Neow","Rare Cards Sparkle","Relic Stats","StSLib"],"gold_per_floor":[110,110,135,161,193,230,242,254,254],"floor_reached":8,"playtime":330,"items_purged":[],"score":67,"play_id":"0e203ce6-f225-40b5-aca0-750f4f77c46d","local_time":"20201216164722","is_ascension_mode":true,"campfire_choices":[{"floor":7,"key":"REST"}],"circlet_count":0,"master_deck":["Strike_B","Strike_B","Strike_B","Strike_B","Defend_B","Defend_B","Defend_B","Defend_B","Zap","Dualcast","Self Repair","Beam Cell","Leap","Multi-Cast"],"relics":["Sozu","MawBank","HornCleat"],"acts_visited":["Exordium"],"potions_floor_usage":[],"damage_taken":[{"damage":5,"enemies":"Small Slimes","floor":1,"turns":4},{"damage":1,"enemies":"Cultist","floor":3,"turns":3},{"damage":13,"enemies":"Jaw Worm","floor":4,"turns":4},{"damage":14,"enemies":"Large Slime","floor":5,"turns":6},{"damage":45,"enemies":"3 Sentries","floor":6,"turns":9},{"damage":45,"enemies":"Lagavulin","floor":8,"turns":6}],"seed_played":"-797212125990303995","potions_obtained":[],"is_trial":false,"path_per_floor":["M","?","M","M","M","E","R","E"],"character_chosen":"DEFECT","items_purchased":[],"campfire_rested":1,"item_purchase_floors":[],"current_hp_per_floor":[70,70,69,63,56,18,40,0,0],"gold":254,"neow_bonus":"BOSS_RELIC","is_daily":false,"chose_seed":false,"campfire_upgraded":0,"win_rate":0.0,"timestamp":1608155242,"path_taken":["M","?","?","M","M","E","R","E"],"items_purchased_type":[],"build_version":"2020-12-13","purchased_purges":0,"victory":false,"max_hp_per_floor":[75,75,75,75,75,75,75,75,75],"relic_stats":{"Sozu":1,"counters":[6,32],"MawBank":72,"obtain_stats":[{"Sozu":0,"HornCleat":6,"Cracked Core":0,"MawBank":2},{"Sozu":0,"HornCleat":5,"Cracked Core":0,"MawBank":1},{"Sozu":0,"HornCleat":26,"Cracked Core":0,"MawBank":4}]},"card_choices":[{"not_picked":["Compile Driver","Rip and Tear"],"picked":"Barrage","floor":1},{"not_picked":["Ball Lightning","Rip and Tear"],"picked":"Self Repair","floor":3},{"not_picked":["Lockon","FTL"],"picked":"Beam Cell","floor":4},{"not_picked":["Fusion","Hologram"],"picked":"Leap","floor":5},{"not_picked":["Beam Cell","Stack"],"picked":"Multi-Cast","floor":6}],"player_experience":117649,"relics_obtained":[{"floor":6,"key":"HornCleat"}],"event_choices":[{"cards_removed":["Barrage"],"damage_healed":0,"gold_gain":0,"player_choice":"Gave Card","damage_taken":0,"relics_obtained":["MawBank"],"max_hp_gain":0,"max_hp_loss":0,"event_name":"WeMeetAgain","floor":2,"gold_loss":0}],"is_beta":false,"boss_relics":[],"items_purged_floors":[],"is_endless":false,"potions_floor_spawned":[3],"killed_by":"Lagavulin","ascension_level":3}}