{"host":"cyh4fejqtcjbfr7k","time":1608097342,"event":{"mods":["2.2 Compatiblity","AchievementEnabler","BaseMod","Colored Map","Colored Powertips","DeckTracker","Downfall","Googly Eyes","Hubris","Infinite Spire","Minty Spire (QoL Compilation)","Replay The Spire","Shop Mod","StSLib","SuperFastMode","The Cursed","Unceasing Turn Reminder"],"gold_per_floor":[113,113,113,129,141,173,173,199,199,268,124,124,136,200,200,300,350,366,366,366,61,72,72,72],"floor_reached":23,"playtime":1086,"items_purged":[],"score":231,"play_id":"26944650-0982-4de0-baed-88377b437868","local_time":"20201215224222","is_ascension_mode":true,"campfire_choices":[{"floor":7,"key":"REST"},{"floor":15,"key":"REST"}],"circlet_count":0,"master_deck":["Strike_R","Strike_R+1","Strike_R","Strike_R","Strike_R+1","Defend_R+1","Defend_R","Defend_R","Defend_R","Bash","Disarm","Heavy Blade","Flex","Replay:Undeath\u0027s Touch","Thunderclap","Rampage","Shrug It Off","Offering","Cleave","Power Through+1"],"relics":["Burning Blood","hubris:IronBody","Replay:PocketPolymizer","Simple Rune","hubris:MobiusCoin","infinitespire:Satchel","Ice Cream"],"acts_visited":["Exordium","TheCity"],"potions_floor_usage":[16,18],"damage_taken":[{"damage":3,"enemies":"2 Louse","floor":1,"turns":4},{"damage":12,"enemies":"Cultist","floor":4,"turns":4},{"damage":9,"enemies":"Jaw Worm","floor":5,"turns":5},{"damage":32,"enemies":"Gremlin Nob","floor":6,"turns":4},{"damage":65,"enemies":"Lagavulin","floor":8,"turns":7},{"damage":7,"enemies":"Red Slaver","floor":10,"turns":3},{"damage":4,"enemies":"Looter","floor":13,"turns":3},{"damage":7,"enemies":"Blue Slaver","floor":14,"turns":4},{"damage":36,"enemies":"Slime Boss","floor":16,"turns":10},{"damage":25,"enemies":"2 Thieves","floor":18,"turns":5},{"damage":17,"enemies":"Chosen","floor":22,"turns":5},{"damage":61,"enemies":"Gremlin Leader","floor":23,"turns":8}],"seed_played":"-2080752853994209627","potions_obtained":[{"floor":10,"key":"Strength Potion"},{"floor":14,"key":"Adrenaline Potion"}],"is_trial":false,"path_per_floor":["M","?","?","M","M","E","R","E","T","M","$","?","M","M","R","B",null,"M","?","?","$","M","E"],"character_chosen":"IRONCLAD","items_purchased":["infinitespire:Satchel","Ice Cream"],"campfire_rested":2,"item_purchase_floors":[11,21],"current_hp_per_floor":[88,88,88,82,79,53,79,20,20,19,19,19,21,20,46,16,88,69,69,69,69,58,0,0],"gold":72,"neow_bonus":"TEN_PERCENT_HP_BONUS","is_daily":false,"chose_seed":false,"campfire_upgraded":0,"win_rate":0.0,"timestamp":1608097342,"path_taken":["M","?","?","M","M","E","R","E","T","M","$","?","M","M","R","BOSS","M","?","?","$","M","E"],"items_purchased_type":["Relic","Relic"],"build_version":"2020-12-13","purchased_purges":0,"victory":false,"max_hp_per_floor":[88,88,88,88,88,88,88,88,88,88,88,88,88,88,88,88,88,88,88,88,88,88,88,88],"card_choices":[{"not_picked":["Flex","ReplayTheSpireMod:Strike From Hell"],"picked":"Disarm","floor":1},{"not_picked":["Burning Pact","Abandon","Havoc"],"picked":"SKIP","floor":4},{"not_picked":["ReplayTheSpireMod:Strike From Hell","Body Slam"],"picked":"Heavy Blade","floor":5},{"not_picked":["Sentinel","ReplayTheSpireMod:Limb From Limb"],"picked":"Flex","floor":6},{"not_picked":["Perfected Strike","Combust"],"picked":"Replay:Undeath\u0027s Touch","floor":8},{"not_picked":["Iron Wave","Sword Boomerang"],"picked":"Thunderclap","floor":10},{"not_picked":["Twin Strike","Body Slam"],"picked":"Rampage","floor":13},{"not_picked":["Heavy Blade","Replay:Undeath\u0027s Touch"],"picked":"Shrug It Off","floor":14},{"not_picked":["Brutality","Juggernaut"],"picked":"Offering","floor":16},{"not_picked":["Feel No Pain","Anger"],"picked":"Cleave","floor":18},{"not_picked":["hubris:ReadiedAction","Clothesline+1"],"picked":"Power Through+1","floor":22}],"player_experience":581010,"relics_obtained":[{"floor":3,"key":"hubris:IronBody"},{"floor":6,"key":"Replay:PocketPolymizer"},{"floor":8,"key":"Simple Rune"},{"floor":9,"key":"hubris:MobiusCoin"}],"event_choices":[{"damage_healed":0,"gold_gain":0,"player_choice":"Ignored","damage_taken":0,"max_hp_gain":0,"max_hp_loss":0,"event_name":"Duplicator","floor":20,"gold_loss":0}],"is_beta":false,"boss_relics":[{"not_picked":["hubris:TerracottaHorce","Kintsugi","Calling Bell"]}],"items_purged_floors":[],"is_endless":false,"potions_floor_spawned":[10,14],"killed_by":"Gremlin Leader","ascension_level":3}}