{"host":"a7kkotolxcg5vljr","time":1608152482,"event":{"mods":["2.2 Compatiblity","AchievementEnabler","Act Like it!","BaseMod","Better Altar","Better Skull","Better Third Choice","Colored Map","Colored Powertips","Downfall","Hermit","Highlight Path","Marisa????????","Minty Spire (QoL Compilation)","Quick Restart","Rare Cards Sparkle","Replay The Spire","Spicy Shops","StSLib","The Cursed","The Disciple","The Servant 0.9.4"],"gold_per_floor":[119,119,144,73,91,130,130,150,150,108,127,142,142,24,24,155,155,178,202,225,225,225,225,256,272,272,272,287,287,306,635,635,732,732,752,14,26,81,131,158,158,158,158,178,178,193,207,223,223,223,223,223,44,72,72],"floor_reached":56,"playtime":2163,"items_purged":["Amnesia"],"score":1396,"play_id":"c4d7bdc1-74bc-4c00-a376-97b09eb45028","local_time":"20201216160122","is_ascension_mode":false,"campfire_choices":[{"floor":7,"key":"RECALL"},{"floor":13,"key":"REST"},{"floor":15,"key":"REST"},{"floor":23,"key":"REST"},{"floor":27,"key":"REST"},{"floor":32,"key":"REST"},{"floor":42,"key":"REST"},{"floor":45,"key":"REST"},{"floor":49,"key":"REST"},{"floor":52,"key":"REST"}],"circlet_count":0,"master_deck":["Strike_R","Strike_R","Strike_R","Strike_R","Strike_R","Defend_R","Defend_R","Defend_R","Defend_R","Bash","Iron Wave","Perfected Strike","Burning Pact","Flex","Spot Weakness","Perfected Strike","Headbutt","Fire Breathing","Shrug It Off","Limit Break","Pommel Strike+1","Thunderclap+1","Infernal Blade","Perfected Strike","Clash","Perfected Strike+1","Thunderclap+1","Battle Trance","Demon Form","Iron Wave","Rupture","ReplayTheSpireMod:Limb From Limb","Warcry","Perfected Strike","Inflame+1","Rage+1","Offering","Defy Death","Parasite","Replay:Undeath\u0027s Touch+1","ReplayTheSpireMod:Stacked+1","Perfected Strike","ReplayTheSpireMod:Brewmster+1"],"relics":["Mark of Pain","Bloody Idol","ReplayTheSpireMod:TigerMarble","Torii","betterThird:SlimedRelic","Black Star","ReplayTheSpireMod:Ring of Collecting","Ring of Searing","Bird Faced Urn","ReplayTheSpireMod:Ninjato","Bottled Tornado","Old Coin","Ice Cream","Runic Cube","Nunchaku","Frozen Egg 2","Red Skull","CaptainsWheel","Magic Flower","Sundial","Bag of Preparation","ReplayTheSpireMod:Ring of Addiction","ReplayTheSpireMod:Shallot","SacredBark","Toy Ornithopter","Garlic","Ornamental Fan"],"acts_visited":["Exordium","TheCity","TheBeyond","TheEnding"],"potions_floor_usage":[6,24,24,31,31,33,38,38,40,50,50,50,54,55,55,55,55,55],"damage_taken":[{"damage":0,"enemies":"2 Louse","floor":1,"turns":4},{"damage":0,"enemies":"Small Slimes","floor":3,"turns":3},{"damage":6,"enemies":"Jaw Worm","floor":5,"turns":1},{"damage":13,"enemies":"3 Sentries","floor":6,"turns":6},{"damage":1,"enemies":"2 Fungi Beasts","floor":8,"turns":3},{"damage":8,"enemies":"Exordium Thugs","floor":11,"turns":4},{"damage":0,"enemies":"Large Slime","floor":12,"turns":2},{"damage":2,"enemies":"Fading Forest","floor":16,"turns":11},{"damage":0,"enemies":"Shell Parasite","floor":18,"turns":1},{"damage":29,"enemies":"3 Byrds","floor":19,"turns":6},{"damage":13,"enemies":"3 Cultists","floor":20,"turns":4},{"damage":13,"enemies":"Book of Stabbing","floor":24,"turns":4},{"damage":18,"enemies":"Snake Plant","floor":25,"turns":3},{"damage":25,"enemies":"Sentry and Sphere","floor":28,"turns":4},{"damage":15,"enemies":"Centurion and Healer","floor":30,"turns":3},{"damage":13,"enemies":"Slavers","floor":31,"turns":2},{"damage":20,"enemies":"Automaton","floor":33,"turns":5},{"damage":19,"enemies":"3 Shapes","floor":35,"turns":3},{"damage":6,"enemies":"Orb Walker","floor":37,"turns":2},{"damage":37,"enemies":"2 Orb Walkers","floor":38,"turns":4},{"damage":16,"enemies":"Mind Bloom Boss Battle","floor":39,"turns":7},{"damage":3,"enemies":"R_Hoarder","floor":40,"turns":5},{"damage":20,"enemies":"Transient","floor":44,"turns":5},{"damage":23,"enemies":"Writhing Mass","floor":46,"turns":3},{"damage":24,"enemies":"4 Shapes","floor":47,"turns":4},{"damage":36,"enemies":"Maw","floor":48,"turns":4},{"damage":75,"enemies":"Time Eater","floor":50,"turns":7},{"damage":26,"enemies":"Shield and Spear","floor":54,"turns":6},{"damage":53,"enemies":"The Heart","floor":55,"turns":5}],"seed_played":"8086554226330858854","potions_obtained":[{"floor":5,"key":"Cursed Concoction"},{"floor":16,"key":"EssenceOfSteel"},{"floor":19,"key":"EssenceOfSteel"},{"floor":28,"key":"Energy Potion"},{"floor":30,"key":"Explosive Potion"},{"floor":31,"key":"sneckomod:MuddlingPotion"},{"floor":33,"key":"Swift Potion"},{"floor":35,"key":"Energy Potion"},{"floor":39,"key":"Reflective Coating"},{"floor":43,"key":"Block Potion"},{"floor":43,"key":"SteroidPotion"},{"floor":43,"key":"Guardian:BlockOnCardUsePotion"},{"floor":54,"key":"Fruit Juice"}],"is_trial":false,"path_per_floor":["M","?","M","$","M","E","R","M","T","?","M","M","R","$","R","B",null,"M","M","M","?","?","R","E","M","T","R","M","?","M","E","R","B",null,"M","$","M","?","?","E","?","R","T","M","R","M","M","M","R","B",null,"R","$","E","B",null],"character_chosen":"IRONCLAD","items_purchased":["ReplayTheSpireMod:TigerMarble","Fire Breathing","Shrug It Off","Rupture","Nunchaku","Frozen Egg 2","Red Skull","ReplayTheSpireMod:Limb From Limb","ReplayTheSpireMod:Brewmster+1"],"campfire_rested":9,"item_purchase_floors":[4,14,14,36,36,36,36,36,53],"current_hp_per_floor":[80,60,60,60,54,41,41,40,40,29,21,25,49,49,73,71,80,80,51,38,38,38,62,49,35,35,59,36,35,27,26,50,39,80,66,66,67,41,36,47,47,71,71,62,80,65,55,36,59,10,76,76,76,74,69],"gold":72,"neow_bonus":"BOSS_RELIC","is_daily":false,"chose_seed":false,"campfire_upgraded":0,"win_rate":0.0,"timestamp":1608152482,"path_taken":["M","?","M","$","M","E","R","M","T","?","M","M","R","$","R","BOSS","M","M","M","?","?","R","E","M","T","R","M","?","M","E","R","BOSS","M","$","M","?","?","E","?","R","T","?","R","M","M","M","R","BOSS","R","$","E","BOSS"],"items_purchased_type":["Relic","Card","Card","Card","Relic","Relic","Relic","Card","Card"],"build_version":"2020-12-13","purchased_purges":1,"victory":true,"max_hp_per_floor":[80,80,80,80,80,80,80,80,80,80,80,80,80,80,80,80,80,80,80,80,80,80,80,80,80,80,80,80,80,80,80,80,80,80,80,80,80,80,80,80,80,80,80,80,80,80,78,78,78,76,76,76,76,84,84],"card_choices":[{"not_picked":["ReplayTheSpireMod:Strike From Hell","Shrug It Off"],"picked":"Iron Wave","floor":1},{"not_picked":["Body Slam","Cleave"],"picked":"Perfected Strike","floor":3},{"not_picked":["Anger","Disarm"],"picked":"Burning Pact","floor":5},{"not_picked":["Twin Strike","Wild Strike"],"picked":"Flex","floor":6},{"not_picked":["Intimidate","Thunderclap"],"picked":"Spot Weakness","floor":8},{"not_picked":["Abandon","ReplayTheSpireMod:Stacked"],"picked":"Perfected Strike","floor":11},{"not_picked":["Sword Boomerang","Bludgeon"],"picked":"Headbutt","floor":12},{"not_picked":["Eclipse","Impervious"],"picked":"Limit Break","floor":16},{"not_picked":["Clash","Run Through"],"picked":"Pommel Strike+1","floor":18},{"not_picked":["Replay:Undeath\u0027s Touch","Cleave+1"],"picked":"Thunderclap+1","floor":19},{"not_picked":["True Grit+1","ReplayTheSpireMod:Strike From Hell"],"picked":"Infernal Blade","floor":20},{"not_picked":["Demonic Infusion","Clash"],"picked":"Perfected Strike","floor":24},{"not_picked":["Hemokinesis","Body Slam"],"picked":"Clash","floor":25},{"not_picked":["Flex+1","Double Tap"],"picked":"Perfected Strike+1","floor":28},{"not_picked":["Disarm","Flex"],"picked":"Thunderclap+1","floor":30},{"not_picked":["Flex","Twin Strike"],"picked":"Battle Trance","floor":31},{"not_picked":["Corruption","Reaper"],"picked":"Demon Form","floor":33},{"not_picked":["Whirlwind","Havoc"],"picked":"Iron Wave","floor":35},{"not_picked":["Clothesline+1","Second Wind+1"],"picked":"Warcry","floor":37},{"not_picked":["Body Slam+1","Dual Wield"],"picked":"Perfected Strike","floor":38},{"not_picked":["Wild Strike+1","Corruption+1"],"picked":"Inflame+1","floor":39},{"not_picked":["Headbutt","Ghostly Armor"],"picked":"Rage+1","floor":40},{"not_picked":["Hemokinesis+1","Heavy Blade+1"],"picked":"Defy Death","floor":44},{"not_picked":["Thunderclap+1","Cleave+1"],"picked":"Replay:Undeath\u0027s Touch+1","floor":46},{"not_picked":["Thunderclap+1","Pommel Strike"],"picked":"ReplayTheSpireMod:Stacked+1","floor":47},{"not_picked":["Headbutt","Armaments"],"picked":"Perfected Strike","floor":48},{"not_picked":["Bludgeon","Anger+1","Clothesline"],"picked":"SKIP","floor":54}],"player_experience":325549,"relics_obtained":[{"floor":6,"key":"Torii"},{"floor":22,"key":"ReplayTheSpireMod:Ring of Collecting"},{"floor":22,"key":"Ring of Searing"},{"floor":24,"key":"Bird Faced Urn"},{"floor":24,"key":"ReplayTheSpireMod:Ninjato"},{"floor":26,"key":"Bottled Tornado"},{"floor":31,"key":"Old Coin"},{"floor":31,"key":"Ice Cream"},{"floor":38,"key":"CaptainsWheel"},{"floor":39,"key":"Magic Flower"},{"floor":40,"key":"Sundial"},{"floor":40,"key":"Bag of Preparation"},{"floor":43,"key":"ReplayTheSpireMod:Ring of Addiction"},{"floor":43,"key":"ReplayTheSpireMod:Shallot"},{"floor":43,"key":"SacredBark"},{"floor":43,"key":"Toy Ornithopter"},{"floor":54,"key":"Garlic"},{"floor":54,"key":"Ornamental Fan"}],"event_choices":[{"damage_healed":0,"gold_gain":0,"player_choice":"Take Damage","damage_taken":20,"relics_obtained":["Golden Idol"],"max_hp_gain":0,"max_hp_loss":0,"event_name":"Golden Idol","floor":2,"gold_loss":0},{"damage_healed":0,"gold_gain":0,"player_choice":"Slimed","damage_taken":11,"max_hp_gain":0,"max_hp_loss":0,"event_name":"betterThird:BetterGoop","floor":10,"gold_loss":42},{"damage_healed":0,"gold_gain":0,"player_choice":"Ignored","damage_taken":0,"max_hp_gain":0,"max_hp_loss":0,"event_name":"Vampires","floor":21,"gold_loss":0},{"damage_healed":0,"gold_gain":0,"player_choice":" GoldIdol ","damage_taken":1,"relics_obtained":["Bloody Idol"],"max_hp_gain":36,"max_hp_loss":35,"event_name":"betterAltar:BetterAltar","floor":29,"potions_obtained":[],"relics_lost":["Golden Idol"],"gold_loss":0},{"damage_healed":0,"gold_gain":0,"player_choice":"Fight","damage_taken":0,"max_hp_gain":0,"max_hp_loss":0,"event_name":"Mysterious Sphere","floor":38,"gold_loss":0},{"damage_healed":0,"gold_gain":0,"player_choice":"Fight","damage_taken":0,"max_hp_gain":0,"max_hp_loss":0,"event_name":"MindBloom","floor":39,"gold_loss":0},{"damage_healed":0,"gold_gain":0,"player_choice":"1 cards matched","damage_taken":0,"max_hp_gain":0,"max_hp_loss":0,"event_name":"Match and Keep!","floor":41,"gold_loss":0,"cards_obtained":["Offering"]}],"is_beta":false,"boss_relics":[{"not_picked":["Replay:Wanted Poster","Astrolabe"],"picked":"Black Star"},{"not_picked":["Painkiller Herb","Replay:Drink Me"],"picked":"Runic Cube"}],"items_purged_floors":[36],"is_endless":false,"potions_floor_spawned":[5,16,19,28,30,31,33,35,39,44,47,54],"ascension_level":0}}