{"host":"87nh37ho6vfc76k4","time":1608087583,"event":{"mods":["AchievementEnabler","BaseMod","Colored Map","Googly Eyes","Highlight Path","Minty Spire (QoL Compilation)","Permanent Neow","Random Character Button","StSLib","Waifu the Spire"],"gold_per_floor":[110,126,139,156,156,156,174,207,207,235,235,269,284,209,209,283,283,294,294,294,12,24,24,24,24,24,24,55,72,101,121,121,193,193,208,153,169,169,169],"floor_reached":38,"playtime":2030,"items_purged":["Strike_P"],"score":968,"play_id":"d1cfeddf-7d54-4d45-aa79-22e2611c2c99","local_time":"20201215215943","is_ascension_mode":true,"campfire_choices":[{"data":"WheelKick","floor":6.0,"key":"SMITH"},{"floor":11.0,"key":"REST"},{"data":"PathToVictory","floor":15.0,"key":"SMITH"},{"data":"TalkToTheHand","floor":23.0,"key":"SMITH"},{"data":"SpiritShield","floor":32.0,"key":"SMITH"}],"circlet_count":0,"master_deck":["AscendersBane","Strike_P+1","Strike_P+1","Defend_P+1","Defend_P+1","Defend_P+1","Defend_P+1","Eruption+1","Vigilance","WheelKick+1","PathToVictory+1","ClearTheMind","SashWhip","Protect","EmptyFist","SpiritShield+1","Halt","J.A.X.","TalkToTheHand+1","JustLucky","Nirvana","CutThroughFate","Vengeance","Crescendo","Ragnarok","EmptyMind","BowlingBash"],"relics":["Runic Pyramid","Art of War","Meat on the Bone","Bronze Scales","Coffee Dripper","Mango","StrikeDummy","Nunchaku","Cursed Key"],"acts_visited":["Exordium","TheCity","TheBeyond"],"potions_floor_usage":[33,33],"damage_taken":[{"damage":2.0,"enemies":"2 Louse","floor":1.0,"turns":3.0},{"damage":2.0,"enemies":"Jaw Worm","floor":2.0,"turns":3.0},{"damage":2.0,"enemies":"Small Slimes","floor":3.0,"turns":3.0},{"damage":3.0,"enemies":"Blue Slaver","floor":4.0,"turns":3.0},{"damage":9.0,"enemies":"Red Slaver","floor":7.0,"turns":3.0},{"damage":0.0,"enemies":"Lagavulin","floor":8.0,"turns":2.0},{"damage":15.0,"enemies":"3 Sentries","floor":10.0,"turns":4.0},{"damage":0.0,"enemies":"Gremlin Nob","floor":12.0,"turns":2.0},{"damage":0.0,"enemies":"2 Fungi Beasts","floor":13.0,"turns":2.0},{"damage":10.0,"enemies":"Hexaghost","floor":16.0,"turns":8.0},{"damage":7.0,"enemies":"3 Byrds","floor":18.0,"turns":3.0},{"damage":9.0,"enemies":"Shell Parasite","floor":22.0,"turns":3.0},{"damage":17.0,"enemies":"Book of Stabbing","floor":28.0,"turns":4.0},{"damage":6.0,"enemies":"Snake Plant","floor":29.0,"turns":4.0},{"damage":25.0,"enemies":"Slavers","floor":30.0,"turns":5.0},{"damage":6.0,"enemies":"Centurion and Healer","floor":31.0,"turns":4.0},{"damage":37,"enemies":"Automaton","floor":33,"turns":8},{"damage":25,"enemies":"3 Darklings","floor":35,"turns":4},{"damage":5,"enemies":"3 Shapes","floor":37,"turns":4},{"damage":72,"enemies":"2 Orb Walkers","floor":38,"turns":2}],"seed_played":"-1662097859644640740","potions_obtained":[{"floor":2.0,"key":"Fire Potion"},{"floor":7.0,"key":"Ambrosia"},{"floor":13.0,"key":"Weak Potion"},{"floor":28.0,"key":"Regen Potion"}],"is_trial":false,"path_per_floor":["M","M","M","M","?","R","M","E","T","E","R","E","M","?","R","B",null,"M","?","?","$","M","R","?","$","T","?","E","M","E","M","R","B",null,"M","$","M","?"],"character_chosen":"WATCHER","items_purchased":["JustLucky","Nirvana","CultistPotion","BowlingBash"],"campfire_rested":1,"item_purchase_floors":[21,21,21,36],"current_hp_per_floor":[59,57,55,52,32,32,23,23,23,8,28,40,40,40,40,42,62,55,55,55,55,46,46,46,46,60,60,43,49,36,42,42,32,70,45,45,52,0,0],"gold":169,"neow_bonus":"BOSS_RELIC","is_daily":false,"chose_seed":false,"campfire_upgraded":4,"win_rate":0.0,"timestamp":1608087583,"path_taken":["M","M","M","M","?","R","M","E","T","E","R","E","M","?","R","BOSS","M","?","?","$","M","R","?","$","T","?","E","?","E","M","R","BOSS","M","$","M","?"],"items_purchased_type":["Card","Card","Potion","Card"],"build_version":"2020-12-13","purchased_purges":1,"victory":false,"max_hp_per_floor":[68,68,68,68,68,68,68,68,68,68,68,68,68,68,68,68,68,68,68,68,68,68,68,68,68,82,82,82,82,82,82,82,82,82,82,82,82,82,82],"card_choices":[{"not_picked":["EmptyBody","Vengeance","Protect"],"picked":"SKIP","floor":1.0},{"not_picked":["EmptyBody","Prostrate","ClearTheMind"],"picked":"SKIP","floor":2.0},{"not_picked":["EmptyBody","Prostrate","ClearTheMind"],"picked":"SKIP","floor":2.0},{"not_picked":["CarveReality","JustLucky"],"picked":"WheelKick","floor":3.0},{"not_picked":["WheelKick","Nirvana"],"picked":"PathToVictory","floor":4.0},{"not_picked":["SashWhip","FollowUp"],"picked":"ClearTheMind","floor":7.0},{"not_picked":["Evaluate","Nirvana"],"picked":"SashWhip","floor":8.0},{"not_picked":["ReachHeaven","Scrawl","Omniscience"],"picked":"SKIP","floor":10.0},{"not_picked":["Evaluate","Sanctity"],"picked":"Protect","floor":12.0},{"not_picked":["ThirdEye","SashWhip"],"picked":"EmptyFist","floor":13.0},{"not_picked":["Alpha","Wish"],"picked":"SpiritShield","floor":16.0},{"not_picked":["Collect","Sanctity"],"picked":"Halt","floor":18.0},{"not_picked":["ForeignInfluence","Indignation","DeceiveReality"],"picked":"SKIP","floor":22.0},{"not_picked":["Prostrate+1","Halt"],"picked":"CutThroughFate","floor":28.0},{"not_picked":["Halt","Perseverance"],"picked":"Vengeance","floor":29.0},{"not_picked":["WheelKick+1","MasterReality","Protect"],"picked":"SKIP","floor":30.0},{"not_picked":["FollowUp","EmptyBody"],"picked":"Crescendo","floor":31.0},{"not_picked":["SpiritShield","Brilliance"],"picked":"Ragnarok","floor":33},{"not_picked":["Prostrate","CrushJoints+1"],"picked":"EmptyMind","floor":35},{"not_picked":["Evaluate","InnerPeace","Perseverance"],"picked":"SKIP","floor":37}],"player_experience":1496786,"relics_obtained":[{"floor":8.0,"key":"Art of War"},{"floor":10.0,"key":"Meat on the Bone"},{"floor":12.0,"key":"Bronze Scales"},{"floor":26.0,"key":"Mango"},{"floor":28.0,"key":"StrikeDummy"},{"floor":30.0,"key":"Nunchaku"}],"event_choices":[{"damage_healed":0.0,"max_hp_gain":0.0,"max_hp_loss":0.0,"gold_gain":0.0,"event_name":"Shining Light","player_choice":"Entered Light","floor":5.0,"gold_loss":0.0,"damage_taken":20.0,"cards_upgraded":["Eruption","Strike_P"]},{"cards_removed":["Strike_P"],"damage_healed":0.0,"max_hp_gain":0.0,"max_hp_loss":0.0,"gold_gain":0.0,"event_name":"The Cleric","player_choice":"Card Removal","floor":14.0,"gold_loss":75.0,"damage_taken":0.0},{"damage_healed":0.0,"max_hp_gain":0.0,"max_hp_loss":0.0,"gold_gain":0.0,"event_name":"Drug Dealer","player_choice":"Obtain J.A.X.","floor":19.0,"gold_loss":0.0,"damage_taken":0.0,"cards_obtained":["J.A.X."]},{"damage_healed":0.0,"max_hp_gain":0.0,"max_hp_loss":0.0,"gold_gain":0.0,"event_name":"The Library","player_choice":"Read","floor":20.0,"gold_loss":0.0,"damage_taken":0.0,"cards_obtained":["TalkToTheHand"]},{"damage_healed":0.0,"max_hp_gain":0.0,"max_hp_loss":0.0,"gold_gain":0.0,"event_name":"Back to Basics","player_choice":"Simplicity","floor":24.0,"gold_loss":0.0,"damage_taken":0.0,"cards_upgraded":["Strike_P","Defend_P","Defend_P","Defend_P","Defend_P"]},{"damage_healed":0.0,"max_hp_gain":0.0,"max_hp_loss":0.0,"gold_gain":0.0,"event_name":"Vampires","player_choice":"Ignored","floor":27.0,"gold_loss":0.0,"damage_taken":0.0},{"damage_healed":0,"gold_gain":0,"player_choice":"Fight","damage_taken":0,"max_hp_gain":0,"max_hp_loss":0,"event_name":"Mysterious Sphere","floor":38,"gold_loss":0}],"is_beta":false,"boss_relics":[{"not_picked":["Empty Cage","Velvet Choker"],"picked":"Coffee Dripper"},{"not_picked":["Calling Bell","Fusion Hammer"],"picked":"Cursed Key"}],"items_purged_floors":[21],"is_endless":false,"potions_floor_spawned":[2,7,13,28,29,30],"killed_by":"2 Orb Walkers","ascension_level":20}}