{"host":"i09pxcjttd31eh4q","time":1608128675,"event":{"mods":["AchievementEnabler","BaseMod","Colored Map","Keyboard Shortcuts","Minty Spire (QoL Compilation)","StSLib","SuperFastMode"],"gold_per_floor":[111,12,24,74,92,92,102,121,172,189,189,199,30,43,43,115,115,126,126,176,101,101,101,127,102,178,195,207,207,220,220,220],"floor_reached":31,"playtime":622,"items_purged":["Strike_G"],"score":462,"play_id":"e1dbab07-3ea4-462a-a497-5ea9149912c0","local_time":"20201216232435","is_ascension_mode":true,"campfire_choices":[{"data":"Noxious Fumes","floor":6.0,"key":"SMITH"},{"data":"Deadly Poison","floor":11.0,"key":"SMITH"},{"data":"Poisoned Stab","floor":15.0,"key":"SMITH"},{"data":"Malaise","floor":23.0,"key":"SMITH"},{"data":"Catalyst","floor":29,"key":"SMITH"}],"circlet_count":0,"master_deck":["AscendersBane","Strike_G","Defend_G","Defend_G","Defend_G","Defend_G","Survivor","Neutralize","Noxious Fumes+1","Flash of Steel","Poisoned Stab+1","Deadly Poison+1","Malaise+1","Backflip","Predator","Dagger Spray","Catalyst+1","Noxious Fumes","Blade Dance"],"relics":["Ring of the Snake","Omamori","Snake Skull","Sozu","Kunai"],"acts_visited":["Exordium","TheCity"],"potions_floor_usage":[25],"damage_taken":[{"damage":2.0,"enemies":"2 Louse","floor":1.0,"turns":4.0},{"damage":2.0,"enemies":"Cultist","floor":3.0,"turns":5.0},{"damage":4.0,"enemies":"Jaw Worm","floor":5.0,"turns":3.0},{"damage":9.0,"enemies":"2 Fungi Beasts","floor":7.0,"turns":3.0},{"damage":2.0,"enemies":"Exordium Wildlife","floor":8.0,"turns":5.0},{"damage":6.0,"enemies":"Looter","floor":10.0,"turns":3.0},{"damage":4.0,"enemies":"Blue Slaver","floor":12.0,"turns":4.0},{"damage":10.0,"enemies":"Exordium Wildlife","floor":14.0,"turns":3.0},{"damage":1.0,"enemies":"Hexaghost","floor":16.0,"turns":7.0},{"damage":2.0,"enemies":"Chosen","floor":18.0,"turns":5.0},{"damage":4,"enemies":"2 Thieves","floor":25,"turns":4},{"damage":11,"enemies":"Centurion and Healer","floor":27,"turns":5},{"damage":22,"enemies":"3 Cultists","floor":28,"turns":5},{"damage":4,"enemies":"Sentry and Sphere","floor":30,"turns":4},{"damage":3,"enemies":"Shelled Parasite and Fungi","floor":31,"turns":3}],"seed_played":"-8973121780431913231","potions_obtained":[{"floor":5.0,"key":"Fire Potion"},{"floor":7.0,"key":"CultistPotion"},{"floor":8.0,"key":"EntropicBrew"},{"floor":12.0,"key":"DuplicationPotion"},{"floor":16.0,"key":"SkillPotion"}],"is_trial":false,"path_per_floor":["M","$","M","?","M","R","M","M","T","M","R","M","$","M","R","B",null,"M","?","?","$","?","R","T","M","T","M","M","R","M","M"],"character_chosen":"THE_SILENT","items_purchased":["Flash of Steel","Snake Skull"],"campfire_rested":0,"item_purchase_floors":[2,13],"current_hp_per_floor":[57,57,55,49,45,45,36,34,34,28,28,24,24,14,14,13,48,46,46,46,46,46,46,46,42,42,31,9,9,5,2,2],"gold":220,"neow_bonus":"REMOVE_TWO","is_daily":false,"chose_seed":false,"campfire_upgraded":5,"win_rate":0.0,"timestamp":1608128675,"path_taken":["M","$","M","?","M","R","M","M","T","M","R","M","$","?","R","BOSS","M","?","?","$","?","R","?","M","T","M","M","R","M","M"],"items_purchased_type":["Card","Relic"],"build_version":"2020-12-13","purchased_purges":1,"victory":false,"max_hp_per_floor":[60,60,60,60,60,60,60,60,60,60,60,60,60,60,60,60,60,60,60,60,60,60,60,60,60,60,60,60,60,60,60,60],"card_choices":[{"not_picked":["Cloak And Dagger","Dash"],"picked":"Noxious Fumes","floor":1.0},{"not_picked":["Blur","Dagger Throw"],"picked":"Poisoned Stab","floor":3.0},{"not_picked":["Poisoned Stab","Blade Dance","Concentrate"],"picked":"SKIP","floor":5.0},{"not_picked":["Dagger Spray","Caltrops"],"picked":"Deadly Poison","floor":7.0},{"not_picked":["Riddle With Holes","Skewer","Flying Knee"],"picked":"SKIP","floor":8.0},{"not_picked":["Dagger Throw","Accuracy","Flying Knee"],"picked":"SKIP","floor":10.0},{"not_picked":["Outmaneuver","PiercingWail","Dodge and Roll"],"picked":"SKIP","floor":12.0},{"not_picked":["Deflect","Concentrate","Quick Slash"],"picked":"SKIP","floor":14.0},{"not_picked":["Storm of Steel","Envenom"],"picked":"Malaise","floor":16.0},{"not_picked":["Slice+1","Prepared"],"picked":"Backflip","floor":18.0},{"not_picked":["Poisoned Stab+1","Outmaneuver+1"],"picked":"Catalyst","floor":25},{"not_picked":["Quick Slash","Flying Knee"],"picked":"Noxious Fumes","floor":27},{"not_picked":["Backflip","Masterful Stab","Quick Slash"],"picked":"SKIP","floor":28},{"not_picked":["Dagger Spray","Concentrate"],"picked":"Blade Dance","floor":30}],"player_experience":740682,"relics_obtained":[{"floor":9.0,"key":"Omamori"},{"floor":26,"key":"Kunai"}],"event_choices":[{"damage_healed":0.0,"max_hp_gain":0.0,"max_hp_loss":0.0,"gold_gain":50.0,"event_name":"FaceTrader","player_choice":"Touch","floor":4.0,"gold_loss":0.0,"damage_taken":6.0},{"damage_healed":0.0,"max_hp_gain":0.0,"max_hp_loss":0.0,"gold_gain":0.0,"event_name":"Ghosts","player_choice":"Ignored","floor":19.0,"gold_loss":0.0,"damage_taken":0.0},{"damage_healed":0.0,"max_hp_gain":0.0,"max_hp_loss":0.0,"gold_gain":50.0,"event_name":"Nest","player_choice":"Stole From Cult","floor":20.0,"gold_loss":0.0,"damage_taken":0.0},{"damage_healed":0.0,"max_hp_gain":0.0,"max_hp_loss":0.0,"gold_gain":0.0,"cards_transformed":["Strike_G","Strike_G"],"event_name":"Drug Dealer","player_choice":"Became Test Subject","floor":22.0,"gold_loss":0.0,"damage_taken":0.0,"cards_obtained":["Predator","Dagger Spray"]}],"is_beta":false,"boss_relics":[{"not_picked":["Snecko Eye","Runic Dome"],"picked":"Sozu"}],"items_purged_floors":[21],"is_endless":false,"potions_floor_spawned":[5,7,8,12,16,18],"killed_by":"Shelled Parasite and Fungi","ascension_level":20}}