{"host":"nieu49hsh1dm9v6n","time":1608156659,"event":{"mods":["Aspiration","BaseMod","Better Third Choice","Hubris","Minty Spire (QoL Compilation)","StSLib","vexMod"],"gold_per_floor":[115,115,115,65,83,83,99,130,153,328,253,282,282,297,297,370,370,387,387,399,411,427,427,456,456,456,488,171,181,193,206,206,281,281,297,317,99,110,124,149,149,177,177,177,177,193,0,16,16,16,16],"floor_reached":50,"playtime":2735,"items_purged":["Doubt","Injury"],"score":1204,"play_id":"127f32d1-ecca-4697-b89a-016960d6fe76","local_time":"20201216231059","is_ascension_mode":true,"campfire_choices":[{"data":"Zap","floor":6,"key":"SMITH"},{"floor":13,"key":"REST"},{"floor":15,"key":"REST"},{"floor":23,"key":"REST"},{"data":"Blizzard","floor":25,"key":"SMITH"},{"floor":32,"key":"REST"},{"data":"Defragment","floor":45,"key":"SMITH"},{"data":"Capacitor","floor":49,"key":"SMITH"}],"circlet_count":0,"master_deck":["AscendersBane","Strike_B","Strike_B","Defend_B","Defend_B","Defend_B","Defend_B","Zap+1","Dualcast","Cold Snap","Leap+1","White Noise+1","Glacier+1","Blizzard+1","Redo+1","Core Surge","Chaos+1","BootSequence+1","Conserve Battery+1","Coolheaded+1","Coolheaded+1","Leap+1","Defragment+1","Cold Snap","Stack+1","Blizzard","Blizzard+1","Seek+1","Cold Snap+1","aspiration:Polymerization+1","Capacitor+1","Leap+1","Cold Snap","Static Discharge","White Noise+1","Redo+1","Static Discharge"],"relics":["Cracked Core","NeowsBlessing","Toxic Egg 2","Nunchaku","vexMod:MemoryStick","hubris:PeanutButter","vexMod:CursedCompass","Unceasing Top","White Beast Statue","Incense Burner","SlaversCollar","Happy Flower","Dream Catcher","hubris:Towel","Emotion Chip","Eternal Feather","Red Mask"],"acts_visited":["Exordium","TheCity","TheBeyond"],"potions_floor_usage":[12,16,27,29,35,50],"damage_taken":[{"damage":0,"enemies":"Jaw Worm","floor":1,"turns":1},{"damage":0,"enemies":"2 Louse","floor":5,"turns":1},{"damage":0,"enemies":"Small Slimes","floor":7,"turns":1},{"damage":17,"enemies":"3 Sentries","floor":8,"turns":12},{"damage":24,"enemies":"Gremlin Nob","floor":12,"turns":5},{"damage":2,"enemies":"Exordium Wildlife","floor":14,"turns":7},{"damage":1,"enemies":"The Guardian","floor":16,"turns":15},{"damage":9,"enemies":"Chosen","floor":18,"turns":6},{"damage":25,"enemies":"3 Byrds","floor":20,"turns":5},{"damage":0,"enemies":"Snake Plant","floor":21,"turns":5},{"damage":1,"enemies":"Snecko","floor":22,"turns":8},{"damage":26,"enemies":"Book of Stabbing","floor":24,"turns":7},{"damage":1,"enemies":"Gremlin Leader","floor":27,"turns":11},{"damage":0,"enemies":"3 Cultists","floor":29,"turns":8},{"damage":0,"enemies":"Snake Plant","floor":30,"turns":4},{"damage":0,"enemies":"Shelled Parasite and Fungi","floor":31,"turns":7},{"damage":0,"enemies":"Champ","floor":33,"turns":13},{"damage":0,"enemies":"Orb Walker","floor":35,"turns":4},{"damage":0,"enemies":"3 Shapes","floor":36,"turns":6},{"damage":3,"enemies":"3 Darklings","floor":38,"turns":4},{"damage":0,"enemies":"Jaw Worm Horde","floor":39,"turns":3},{"damage":34,"enemies":"Giant Head","floor":40,"turns":12},{"damage":0,"enemies":"Nemesis","floor":42,"turns":9},{"damage":22,"enemies":"Maw","floor":46,"turns":12},{"damage":0,"enemies":"Sphere and 2 Shapes","floor":48,"turns":7},{"damage":128,"enemies":"hubris:GrandSnecko","floor":50,"turns":17}],"seed_played":"2486728536880259810","potions_obtained":[{"floor":7,"key":"AttackPotion"},{"floor":8,"key":"SpeedPotion"},{"floor":12,"key":"ColorlessPotion"},{"floor":22,"key":"PowerPotion"},{"floor":27,"key":"Ancient Potion"},{"floor":29,"key":"Block Potion"},{"floor":35,"key":"LiquidBronze"},{"floor":39,"key":"FairyPotion"}],"is_trial":false,"path_per_floor":["M","?","?","?","M","R","M","E","T","?","$","E","R","M","R","B",null,"M","?","M","M","M","R","E","R","T","E","$","M","M","M","R","B",null,"M","M","$","M","M","E","?","E","T","?","R","M","?","M","R","B"],"character_chosen":"DEFECT","items_purchased":["Defragment","Cold Snap","Regen Potion","Stack+1","Capacitor","Happy Flower"],"campfire_rested":4,"item_purchase_floors":[28,28,28,28,37,37],"current_hp_per_floor":[64,57,57,57,57,57,57,40,40,40,40,16,37,35,56,55,67,58,52,27,27,26,47,21,21,21,20,20,35,35,35,56,56,67,67,67,67,64,64,30,30,30,30,30,51,29,29,29,50,0,0],"gold":16,"neow_bonus":"THREE_ENEMY_KILL","is_daily":false,"chose_seed":false,"campfire_upgraded":4,"win_rate":0.0,"timestamp":1608156659,"path_taken":["M","?","?","?","M","R","M","E","T","?","$","E","R","M","R","BOSS","M","?","M","?","M","R","E","R","T","E","$","M","M","?","R","BOSS","M","M","$","M","M","E","?","E","T","?","R","M","?","M","R","BOSS"],"items_purchased_type":["Card","Card","Potion","Card","Card","Relic"],"build_version":"2020-12-13","purchased_purges":2,"victory":false,"max_hp_per_floor":[71,71,71,71,71,71,71,71,71,71,71,71,71,71,71,71,71,71,71,71,71,71,71,71,71,71,71,71,71,71,71,71,71,71,71,71,71,71,71,71,71,71,71,71,71,71,71,71,71,71,71],"card_choices":[{"not_picked":["Go for the Eyes","Skim"],"picked":"Cold Snap","floor":1},{"not_picked":["Sweeping Beam","Reprogram+1"],"picked":"Leap+1","floor":5},{"not_picked":["Rebound","Blizzard"],"picked":"White Noise+1","floor":7},{"not_picked":["Beam Cell","Ball Lightning"],"picked":"Glacier+1","floor":8},{"not_picked":["Compile Driver","Multi-Cast+1"],"picked":"Blizzard","floor":12},{"not_picked":["Tempest+1","Beam Cell"],"picked":"Redo+1","floor":14},{"not_picked":["hubris:DoWhile+1","Rainbow+1"],"picked":"Core Surge","floor":16},{"not_picked":["Recycle+1","Sunder"],"picked":"Chaos+1","floor":18},{"not_picked":["Barrage","Streamline"],"picked":"BootSequence+1","floor":20},{"not_picked":["Ball Lightning","Recycle+1"],"picked":"Conserve Battery+1","floor":21},{"not_picked":["Leap+1","Stack+1"],"picked":"Coolheaded+1","floor":22},{"not_picked":["Steam+1","Undo+1"],"picked":"Coolheaded+1","floor":24},{"not_picked":["Stack+1","Force Field+1"],"picked":"Leap+1","floor":27},{"not_picked":["Leap+1","Barrage"],"picked":"Blizzard","floor":29},{"not_picked":["Ball Lightning","Steam+1","Heatsinks"],"picked":"SKIP","floor":30},{"not_picked":["Turbo+1","Stack+1"],"picked":"Blizzard+1","floor":31},{"not_picked":["hubris:DoWhile+1","Thunder Strike"],"picked":"Seek+1","floor":33},{"not_picked":["Doom and Gloom","Barrage"],"picked":"Cold Snap+1","floor":35},{"not_picked":["Steam+1","Gash+1"],"picked":"aspiration:Polymerization+1","floor":36},{"not_picked":["Cold Snap","Aggregate+1"],"picked":"Leap+1","floor":38},{"not_picked":["Ball Lightning","Streamline+1"],"picked":"Cold Snap","floor":39},{"not_picked":["Rebound","Rip and Tear+1"],"picked":"Static Discharge","floor":40},{"not_picked":["Hello World","Go for the Eyes"],"picked":"White Noise+1","floor":42},{"not_picked":["Streamline","Beam Cell"],"picked":"Redo+1","floor":46},{"not_picked":["Hologram+1","Streamline+1"],"picked":"Static Discharge","floor":48}],"player_experience":204608,"relics_obtained":[{"floor":8,"key":"Nunchaku"},{"floor":9,"key":"vexMod:MemoryStick"},{"floor":12,"key":"hubris:PeanutButter"},{"floor":24,"key":"Unceasing Top"},{"floor":26,"key":"White Beast Statue"},{"floor":27,"key":"Incense Burner"},{"floor":40,"key":"Dream Catcher"},{"floor":42,"key":"Emotion Chip"},{"floor":43,"key":"Eternal Feather"}],"event_choices":[{"cards_removed":["Strike_B"],"damage_healed":0,"gold_gain":0,"player_choice":"Card Removal","damage_taken":7,"max_hp_gain":0,"max_hp_loss":0,"event_name":"Golden Wing","floor":2,"gold_loss":0},{"cards_removed":["Strike_B"],"damage_healed":0,"gold_gain":0,"player_choice":"Card Removal","damage_taken":0,"max_hp_gain":0,"max_hp_loss":0,"event_name":"The Cleric","floor":4,"gold_loss":50},{"damage_healed":0,"gold_gain":175,"player_choice":"AGREE","damage_taken":153,"max_hp_gain":0,"max_hp_loss":0,"event_name":"betterThird:BetterSerpent","floor":10,"gold_loss":0},{"damage_healed":0,"gold_gain":0,"player_choice":"","damage_taken":6,"max_hp_gain":0,"max_hp_loss":0,"event_name":"Knowing Skull","floor":19,"potions_obtained":[],"gold_loss":0,"cards_obtained":[]},{"damage_healed":0,"gold_gain":0,"player_choice":"Ignored","damage_taken":0,"max_hp_gain":0,"max_hp_loss":0,"event_name":"The Moai Head","floor":44,"gold_loss":0},{"damage_healed":0,"gold_gain":0,"player_choice":"Paid","damage_taken":0,"relics_obtained":["Red Mask"],"max_hp_gain":0,"max_hp_loss":0,"event_name":"Tomb of Lord Red Mask","floor":47,"gold_loss":193}],"is_beta":false,"boss_relics":[{"not_picked":["hubris:BlackHole","aspiration:PoetsPen_weak"],"picked":"vexMod:CursedCompass"},{"not_picked":["SacredBark","aspiration:RunicSpoon"],"picked":"SlaversCollar"}],"items_purged_floors":[11,28],"is_endless":false,"potions_floor_spawned":[7,8,12,22,24,27,29,30,31,33,35,36,38,39,40,42,46,48],"killed_by":"hubris:GrandSnecko","ascension_level":14}}