{"host":"7wibw175hth9njsf","time":1608084316,"event":{"mods":["2.2 Compatiblity","Act Like it!","BaseMod","Chen","Friendly Minions","Gensokyo","GifTheSpireLib","Highlight Path","Koishi","MarisaÅiñ∂âJÅ@ñÇóùçπÅj","Minty Spire (QoL Compilation)","MostiFishMod","Onozuka Komachi Mod","Random Character Button","ReimuÅiîé??öÎÅj","RemiliaÅiÂQïƒ‰ª?Åj","StSLib","The Administrix","The Alterego","The Animator","The Fake Hero","TheSwordswoman","Waifu the Spire","Åy?ï˚ìÒéü?çÏÅzî™â]éámod"],"gold_per_floor":[131,148,148,8,8,8,22,36,59,59,82,82,129,141,141,250,250,261,74,74,43,55,81,81,81,105,55,55,55,70,85,85,180,180,197,197,197,197,213,242,242,275,275,275,293,324,324,340,340,340],"floor_reached":51,"playtime":10040,"items_purged":[],"score":878,"play_id":"54a96c6b-6a7e-4f2b-aaa9-24942500ef38","local_time":"20201215210516","is_ascension_mode":false,"campfire_choices":[{"data":"animator:Zero","floor":6.0,"key":"SMITH"},{"data":"animator:IrohaTamaki","floor":10.0,"key":"SMITH"},{"floor":12.0,"key":"REST"},{"data":"animator:KyokoSakura","floor":15.0,"key":"SMITH"},{"data":"animator:MamiTomoe","floor":24.0,"key":"SMITH"},{"data":"Gensokyo:SevenSchoolMysteries","floor":29.0,"key":"SMITH"},{"data":"animator:NagisaMomoe","floor":32.0,"key":"SMITH"},{"data":"animator:KyokoSakura","floor":41,"key":"SMITH"},{"floor":44,"key":"REST"},{"floor":49,"key":"REST"}],"circlet_count":0,"master_deck":["animator:Strike_MadokaMagica+1","animator:Defend_MadokaMagica+1","animator:Strike+1","animator:Strike+1","animator:Defend+1","animator:Defend+1","animator:IrohaTamaki+1","animator:YuiTsuruno+1","animator:Zero+1","animator:KyokoSakura+1","animator:SayakaMiki+1","animator:YaoHaDucy+1","animator:Priestess+1","animator:MadokaKaname+1","animator:NagisaMomoe+1","animator:MamiTomoe+1","animator:HighElfArcher+1","animator:Gillette+1","Gensokyo:SevenSchoolMysteries+1","animator:NagisaMomoe+1","animator:YuiTsuruno+1","animator:Wiz+1","animator:Saber+1","animator:KyokoSakura+1"],"relics":["animator:LivingPicture","animator:TheMissingPiece","DaveBox","animator:PurgingStone","Gensokyo:Mercy","WingedGreaves","Regal Pillow","Paper Crane","ImportantClient","FeatherPendant","BrkXgEgg","White Beast Statue","Shuriken","Gensokyo:SongOfSouls","ScarletDevilRocket","BirthdayGift-Icosahedron","Prayer Wheel","RuthlessExorcism:ReiMu","Thread and Needle","Centennial Puzzle","Charon\u0027s Ashes"],"acts_visited":["Exordium","Gensokyo:Gensokyo","TheBeyond"],"potions_floor_usage":[],"damage_taken":[{"damage":5.0,"enemies":"Gensokyo:Python","floor":1.0,"turns":4.0},{"damage":3.0,"enemies":"Gensokyo:Gryphon","floor":2.0,"turns":4.0},{"damage":11.0,"enemies":"Gensokyo:3_Fairies","floor":7.0,"turns":4.0},{"damage":12.0,"enemies":"Gensokyo:Kitsune","floor":8.0,"turns":5.0},{"damage":7.0,"enemies":"Gensokyo:3_Kodama","floor":11.0,"turns":6.0},{"damage":4.0,"enemies":"Gensokyo:Cirno","floor":13.0,"turns":9.0},{"damage":5.0,"enemies":"Gensokyo:2_Rabbits","floor":14.0,"turns":6.0},{"damage":18.0,"enemies":"Gensokyo:Yukari","floor":16.0,"turns":11.0},{"damage":0.0,"enemies":"Gensokyo:Chomper","floor":18.0,"turns":3.0},{"damage":0.0,"enemies":"Gensokyo:AngelMirror","floor":22.0,"turns":3.0},{"damage":0.0,"enemies":"Gensokyo:Reisen","floor":23.0,"turns":5.0},{"damage":0.0,"enemies":"Gensokyo:Swordslinger","floor":30.0,"turns":3.0},{"damage":12.0,"enemies":"Gensokyo:Monolith_and_Dog","floor":31.0,"turns":4.0},{"damage":18.0,"enemies":"Gensokyo:Eiki","floor":33.0,"turns":6.0},{"damage":0,"enemies":"3 Shapes","floor":35,"turns":1},{"damage":0,"enemies":"3 Shapes","floor":36,"turns":9},{"damage":0,"enemies":"Orb Walker","floor":39,"turns":2},{"damage":0,"enemies":"Nemesis","floor":40,"turns":3},{"damage":18,"enemies":"Reptomancer","floor":42,"turns":3},{"damage":0,"enemies":"4 Shapes","floor":45,"turns":2},{"damage":0,"enemies":"Giant Head","floor":46,"turns":3},{"damage":0,"enemies":"Maw","floor":48,"turns":3},{"damage":0,"enemies":"Donu and Deca","floor":50,"turns":3}],"seed_played":"3570024924545478227","potions_obtained":[{"floor":2.0,"key":"SpeedPotion"},{"floor":7.0,"key":"SneckoOil"},{"floor":14.0,"key":"SpeedPotion"},{"floor":22.0,"key":"FearPotion"}],"is_trial":false,"path_per_floor":["M","M","?","?","?","R","M","M","T","R","M","R","E","M","R","B",null,"M","$","?","$","M","E","R","?","T","?","?","R","M","M","R","B",null,"M","?","?","?","M","E","R","E","T","R","M","E","T","M","R","B",null],"character_chosen":"THE_ANIMATOR","items_purchased":["BrkXgEgg","animator:MamiTomoe","animator:HighElfArcher"],"campfire_rested":3,"item_purchase_floors":[19,19,21],"current_hp_per_floor":[61,58,58,58,64,64,53,42,42,42,35,71,67,62,62,44,73,74,74,69,69,69,69,69,69,69,76,69,69,69,69,69,51,69,69,69,69,69,69,69,69,52,52,69,69,69,69,69,69,69],"gold":340,"neow_bonus":"RANDOM_COLORLESS","is_daily":false,"chose_seed":false,"campfire_upgraded":7,"win_rate":0.0,"timestamp":1608084316,"path_taken":["M","M","?","?","?","R","M","?","T","R","M","R","E","M","R","BOSS","M","$","?","?","?","E","R","?","T","?","?","R","M","?","R","BOSS","M","?","?","?","?","E","R","E","T","R","M","E","?","M","R","BOSS"],"items_purchased_type":["Relic","Card","Card"],"build_version":"2020-12-13","purchased_purges":0,"victory":true,"max_hp_per_floor":[66,66,66,66,72,72,72,73,73,73,73,73,73,73,73,73,73,74,74,69,69,69,69,69,69,69,76,69,69,69,69,69,69,69,69,69,69,69,69,69,69,69,69,69,69,69,69,69,69,69],"card_choices":[{"not_picked":["animator:IchigoKurosaki","animator:Kagari"],"picked":"animator:Zero","floor":0.0},{"not_picked":["animator:EmiyaShirou","animator:Benimaru"],"picked":"animator:KyokoSakura","floor":1.0},{"not_picked":["animator:Alexander","animator:MetalKnight"],"picked":"animator:IrohaTamaki","floor":2.0},{"not_picked":["animator:Sloth","animator:Benimaru","animator:Vesta"],"picked":"SKIP","floor":7.0},{"not_picked":["animator:YuiTsuruno","animator:KyokoSakura"],"picked":"animator:SayakaMiki","floor":8.0},{"not_picked":["animator:Genos","animator:LeleiLaLalena"],"picked":"animator:YaoHaDucy","floor":11.0},{"not_picked":["animator:SakuraMatou","animator:Shion"],"picked":"animator:Priestess","floor":13.0},{"not_picked":["animator:MaesHughes","animator:AcuraTooru","animator:Boros"],"picked":"SKIP","floor":14.0},{"not_picked":["animator:Shizu","animator:Eris"],"picked":"animator:MadokaKaname","floor":16.0},{"not_picked":["animator:IrohaTamaki","animator:OrikoMikuni"],"picked":"animator:NagisaMomoe","floor":18.0},{"not_picked":["animator:Priestess","animator:GuildGirl"],"picked":"animator:Gillette+1","floor":22.0},{"not_picked":["animator:ChaikaBohdan","animator:Assassin","animator:Saber+1"],"picked":"SKIP","floor":23.0},{"not_picked":["Gensokyo:TurboGranny","Gensokyo:Kunekune"],"picked":"Gensokyo:SevenSchoolMysteries","floor":28.0},{"not_picked":["animator:Scar","animator:LizardPriest"],"picked":"animator:NagisaMomoe","floor":30.0},{"not_picked":["animator:IrohaTamaki","animator:NagisaMomoe"],"picked":"animator:YuiTsuruno","floor":31.0},{"not_picked":["animator:Greed+1","animator:Eris+1"],"picked":"animator:Wiz+1","floor":33.0},{"not_picked":["animator:ShinjiMatou+1","animator:Sloth","animator:Layla"],"picked":"SKIP","floor":35},{"not_picked":["animator:Bozes","animator:Mitsurugi+1"],"picked":"animator:KyokoSakura","floor":39},{"not_picked":["animator:Darkness","animator:Berserker","animator:OrikoMikuni"],"picked":"SKIP","floor":40},{"not_picked":["animator:YaoHaDucy","animator:Tatsumaki","animator:Gillette"],"picked":"SKIP","floor":45},{"not_picked":["animator:Alexander","animator:DwarfShaman","animator:Viivi"],"picked":"SKIP","floor":45},{"not_picked":["animator:Kazuma","animator:Shuna","animator:TukaLunaMarceau"],"picked":"SKIP","floor":46},{"not_picked":["animator:TukaLunaMarceau","animator:YunYun","animator:Megumin"],"picked":"SKIP","floor":48},{"not_picked":["animator:Vesta","animator:SayakaMiki+1","animator:Spearman+1"],"picked":"SKIP","floor":48}],"player_experience":197520,"relics_obtained":[{"floor":9.0,"key":"Regal Pillow"},{"floor":13.0,"key":"Paper Crane"},{"floor":16.0,"key":"ImportantClient"},{"floor":23.0,"key":"Shuriken"},{"floor":26.0,"key":"ScarletDevilRocket"},{"floor":40,"key":"Prayer Wheel"},{"floor":42,"key":"RuthlessExorcism:ReiMu"},{"floor":43,"key":"Thread and Needle"},{"floor":46,"key":"Centennial Puzzle"},{"floor":47,"key":"Charon\u0027s Ashes"}],"event_choices":[{"cards_removed":["animator:Defend"],"damage_healed":0,"gold_gain":0,"player_choice":"Removed Skill","damage_taken":0,"max_hp_gain":0,"max_hp_loss":0,"event_name":"Falling","floor":37,"gold_loss":0},{"damage_healed":0,"gold_gain":0,"cards_transformed":["animator:Strike"],"player_choice":"Transformed","damage_taken":0,"max_hp_gain":0,"max_hp_loss":0,"event_name":"Transmorgrifier","floor":38,"gold_loss":0,"cards_obtained":["animator:Saber"]}],"is_beta":false,"boss_relics":[{"not_picked":["BloodWine","ChiXiaoBlade"],"picked":"FeatherPendant"},{"not_picked":["GuanYuAspect","Velvet Choker"],"picked":"BirthdayGift-Icosahedron"}],"items_purged_floors":[],"is_endless":false,"potions_floor_spawned":[2,7,14,22,23,30,31,33,35,36,39,40,42,45,46,48],"ascension_level":0}}