{"host":"6xsbn6ynqlzwllfm","time":1608159993,"event":{"mods":["2.2 Compatiblity","BaseMod","Bestiary","Colored Map","Colored Powertips","Curses Come First","Downfall","Highlight Path","Keyboard Shortcuts","Minty Spire (QoL Compilation)","Quick Restart","Relic Stats","Slay the Relics Exporter","StSLib","SuperFastMode"],"gold_per_floor":[116,127,127,144,154,154,183,198,250,250,250],"floor_reached":10,"playtime":321,"items_purged":[],"score":119,"play_id":"89bb1a56-15e2-4a82-8d91-b913ecf59362","local_time":"20201216180633","is_ascension_mode":true,"campfire_choices":[{"data":"Guardian:CurlUp","floor":6,"key":"SMITH"}],"circlet_count":0,"master_deck":["AscendersBane","Guardian:Strike_Guardian","Guardian:Strike_Guardian","Guardian:Strike_Guardian","Guardian:Strike_Guardian","Guardian:Defend_Guardian","Guardian:Defend_Guardian","Guardian:Defend_Guardian","Guardian:Defend_Guardian","Guardian:CurlUp+1","Guardian:TwinSlam","Guardian:Gem_Crimson","Guardian:SpikerProtocol","Guardian:DecasProtection","Guardian:WalkerClaw+1"],"relics":["Guardian:StasisSlotReductionRelic","Molten Egg 2","HornCleat","Nunchaku"],"acts_visited":["Exordium"],"potions_floor_usage":[7,7,10],"damage_taken":[{"damage":0,"enemies":"Cultist","floor":1,"turns":4},{"damage":7,"enemies":"Small Slimes","floor":2,"turns":3},{"damage":1,"enemies":"Jaw Worm","floor":4,"turns":4},{"damage":0,"enemies":"2 Fungi Beasts","floor":5,"turns":5},{"damage":31,"enemies":"Gremlin Nob","floor":7,"turns":5},{"damage":0,"enemies":"3 Louse","floor":8,"turns":4},{"damage":8,"enemies":"3 Sentries","floor":10,"turns":4}],"seed_played":"-7181085014673161148","potions_obtained":[{"floor":1,"key":"SpeedPotion"},{"floor":4,"key":"Weak Potion"},{"floor":8,"key":"LiquidMemories"}],"is_trial":false,"path_per_floor":["M","M","?","M","M","R","E","M","T","E"],"character_chosen":"GUARDIAN","items_purchased":[],"campfire_rested":0,"item_purchase_floors":[],"current_hp_per_floor":[65,58,40,39,39,39,8,8,8,0,0],"gold":250,"neow_bonus":"BOSS_RELIC","is_daily":false,"chose_seed":false,"campfire_upgraded":1,"win_rate":0.0,"timestamp":1608159993,"path_taken":["M","M","?","M","M","R","E","M","T","E"],"items_purchased_type":[],"build_version":"2020-12-13","purchased_purges":0,"victory":false,"max_hp_per_floor":[72,72,72,72,72,72,72,72,72,72,72],"relic_stats":{"Nunchaku":[0],"counters":[7,29],"obtain_stats":[{"Guardian:StasisSlotReductionRelic":0,"Nunchaku":9,"HornCleat":7,"Guardian:ModeShifter":0,"Molten Egg 2":3},{"Guardian:StasisSlotReductionRelic":0,"Nunchaku":6,"HornCleat":5,"Guardian:ModeShifter":0,"Molten Egg 2":2},{"Guardian:StasisSlotReductionRelic":0,"Nunchaku":25,"HornCleat":21,"Guardian:ModeShifter":0,"Molten Egg 2":7}]},"card_choices":[{"not_picked":["Guardian:Planning","Guardian:Preprogram"],"picked":"Guardian:Gem_Crimson","floor":1},{"not_picked":["Guardian:Incinerate","Guardian:ChargeUp"],"picked":"Guardian:Gem_Cyan","floor":2},{"not_picked":["Guardian:TimeBomb","Guardian:Preprogram"],"picked":"Guardian:Gem_Cyan","floor":4},{"not_picked":["Guardian:CrystalBeam+1","Guardian:Reroute+1"],"picked":"Guardian:SpikerProtocol","floor":5},{"not_picked":["Guardian:TemporalStrike+1","Guardian:Planning"],"picked":"Guardian:DecasProtection","floor":7},{"not_picked":["Guardian:TemporalStrike+1","Guardian:GuardianWhirl+1"],"picked":"Guardian:WalkerClaw+1","floor":8}],"player_experience":1239246,"relics_obtained":[{"floor":7,"key":"HornCleat"},{"floor":9,"key":"Nunchaku"}],"event_choices":[{"damage_healed":0,"gold_gain":0,"player_choice":"Success","damage_taken":18,"relics_obtained":["Molten Egg 2"],"max_hp_gain":0,"max_hp_loss":0,"event_name":"Scrap Ooze","floor":3,"gold_loss":0}],"is_beta":false,"boss_relics":[],"items_purged_floors":[],"is_endless":false,"potions_floor_spawned":[1,4,8],"killed_by":"3 Sentries","ascension_level":14}}