{"host":"j61pjxqytd94o6ng","time":1608078204,"event":{"mods":["BaseMod","Bestiary","Colored Map","Colored Powertips","Curses Come First","Filter the Spire","Minty Spire (QoL Compilation)","StSLib"],"gold_per_floor":[114,127,127,127,141,141,154,164,191,209,209,209],"floor_reached":11,"playtime":697,"items_purged":[],"score":111,"play_id":"df0244c2-ae0b-4546-be1b-2d41dbff3147","local_time":"20201215172324","is_ascension_mode":true,"campfire_choices":[{"floor":6,"key":"REST"}],"circlet_count":0,"master_deck":["AscendersBane","Strike_G","Strike_G","Strike_G","Strike_G","Defend_G","Defend_G","Defend_G","Defend_G","Defend_G","Survivor","Neutralize","Finisher","Acrobatics","Noxious Fumes","Noxious Fumes","Tools of the Trade"],"relics":["Snecko Eye","Akabeko","Orichalcum"],"acts_visited":["Exordium"],"potions_floor_usage":[8,8],"damage_taken":[{"damage":0,"enemies":"Jaw Worm","floor":1,"turns":5},{"damage":7,"enemies":"2 Louse","floor":2,"turns":3},{"damage":5,"enemies":"Cultist","floor":5,"turns":5},{"damage":19,"enemies":"3 Louse","floor":7,"turns":5},{"damage":10,"enemies":"Large Slime","floor":8,"turns":6},{"damage":4,"enemies":"Gremlin Gang","floor":10,"turns":6},{"damage":16,"enemies":"Lagavulin","floor":11,"turns":4}],"seed_played":"-6046737023943250216","potions_obtained":[{"floor":1,"key":"DistilledChaos"},{"floor":5,"key":"Swift Potion"}],"is_trial":false,"path_per_floor":["M","M","?","?","M","R","M","M","T","M","E"],"character_chosen":"THE_SILENT","items_purchased":[],"campfire_rested":1,"item_purchase_floors":[],"current_hp_per_floor":[63,56,31,24,19,40,21,11,11,7,0,0],"gold":209,"neow_bonus":"BOSS_RELIC","is_daily":false,"chose_seed":false,"campfire_upgraded":0,"win_rate":0.0,"timestamp":1608078204,"path_taken":["M","M","?","?","M","R","M","M","T","M","E"],"items_purchased_type":[],"build_version":"2020-12-13","purchased_purges":0,"victory":false,"max_hp_per_floor":[70,70,70,70,70,70,70,70,70,70,70,70],"card_choices":[{"not_picked":["Concentrate","Cloak And Dagger"],"picked":"Finisher","floor":1},{"not_picked":["Bane","Dodge and Roll"],"picked":"Acrobatics","floor":2},{"not_picked":["PiercingWail","Cloak And Dagger"],"picked":"Noxious Fumes","floor":5},{"not_picked":["Cloak And Dagger","Poisoned Stab"],"picked":"Noxious Fumes","floor":7},{"not_picked":["Prepared","Deflect","Bane"],"picked":"SKIP","floor":8},{"not_picked":["Quick Slash","Acrobatics"],"picked":"Tools of the Trade","floor":10}],"player_experience":443865,"relics_obtained":[{"floor":9,"key":"Orichalcum"}],"event_choices":[{"damage_healed":0,"gold_gain":0,"player_choice":"Success","damage_taken":25,"relics_obtained":["Akabeko"],"max_hp_gain":0,"max_hp_loss":0,"event_name":"Scrap Ooze","floor":3,"gold_loss":0},{"cards_removed":["Strike_G"],"damage_healed":0,"gold_gain":0,"player_choice":"Card Removal","damage_taken":7,"max_hp_gain":0,"max_hp_loss":0,"event_name":"Golden Wing","floor":4,"gold_loss":0}],"is_beta":false,"boss_relics":[],"items_purged_floors":[],"is_endless":false,"potions_floor_spawned":[1,5],"killed_by":"Lagavulin","ascension_level":13}}