{"host":"c5j8t0wyh2hvx9ju","time":1608115833,"event":{"mods":["Astrologer","BaseMod","BetterRewards","HololiveMod","Minty Spire (QoL Compilation)","Prisma Mod","StSLib"],"gold_per_floor":[118,118,130,130,150,168,168,168,195,218,218,243,243,257,257,386,386,404,427,38,54,54,54,54,54],"floor_reached":24,"playtime":1744,"items_purged":["Injury"],"score":377,"play_id":"a6331cf9-324d-48d6-a1b2-e76a94f2f40e","local_time":"20201216195033","is_ascension_mode":true,"campfire_choices":[{"data":"Glacier","floor":7,"key":"SMITH"},{"data":"Coolheaded","floor":11,"key":"SMITH"},{"data":"Zap","floor":13,"key":"SMITH"},{"data":"Glacier","floor":15,"key":"SMITH"},{"data":"Echo Form","floor":23,"key":"SMITH"}],"circlet_count":0,"master_deck":["Strike_B","Strike_B","Strike_B","Defend_B","Defend_B","Defend_B","Defend_B","Zap+1","Dualcast","Coolheaded+1","Glacier+1","Conserve Battery","Self Repair","Capacitor","Glacier+1","Echo Form","Gash","Loop","Echo Form+1"],"relics":["Cracked Core","Runic Capacitor","Happy Flower","Golden Idol","Nunchaku","Philosopher\u0027s Stone","InkBottle"],"acts_visited":["Exordium","TheCity"],"potions_floor_usage":[12,16,21],"damage_taken":[{"damage":9,"enemies":"2 Louse","floor":1,"turns":4},{"damage":2,"enemies":"Jaw Worm","floor":3,"turns":4},{"damage":1,"enemies":"Small Slimes","floor":5,"turns":3},{"damage":2,"enemies":"2 Fungi Beasts","floor":6,"turns":4},{"damage":13,"enemies":"3 Louse","floor":10,"turns":6},{"damage":6,"enemies":"Lots of Slimes","floor":12,"turns":7},{"damage":0,"enemies":"2 Fungi Beasts","floor":14,"turns":6},{"damage":44,"enemies":"Hexaghost","floor":16,"turns":22},{"damage":6,"enemies":"Spheric Guardian","floor":18,"turns":10},{"damage":21,"enemies":"Chosen","floor":19,"turns":10},{"damage":23,"enemies":"Snake Plant","floor":21,"turns":7},{"damage":36,"enemies":"Centurion and Healer","floor":24,"turns":7}],"seed_played":"7078338032050575213","potions_obtained":[{"floor":3,"key":"SkillPotion"},{"floor":10,"key":"GamblersBrew"},{"floor":14,"key":"SteroidPotion"},{"floor":19,"key":"AttackPotion"}],"is_trial":false,"path_per_floor":["M","?","M","T","M","M","R","?","T","M","R","M","R","M","R","B",null,"M","M","$","M","?","R","M"],"character_chosen":"DEFECT","items_purchased":["Runic Capacitor","Loop","InkBottle"],"campfire_rested":0,"item_purchase_floors":[0,20,20],"current_hp_per_floor":[59,59,57,57,56,54,54,54,54,41,41,42,42,49,49,12,59,60,46,46,30,30,30,0,0],"gold":54,"neow_bonus":"","is_daily":false,"chose_seed":false,"campfire_upgraded":5,"win_rate":0.0,"timestamp":1608115833,"path_taken":["M","?","M","?","M","M","R","?","T","M","R","M","R","M","R","BOSS","M","M","$","M","?","R","M"],"items_purchased_type":["Relic","Card","Relic"],"build_version":"2020-12-13","purchased_purges":1,"victory":false,"max_hp_per_floor":[75,75,75,75,75,75,75,75,75,75,75,75,75,75,75,75,75,75,75,75,75,75,75,75,75],"card_choices":[{"not_picked":["Static Discharge","Sweeping Beam"],"picked":"Coolheaded","floor":1},{"not_picked":["Redo","Go for the Eyes"],"picked":"Glacier","floor":3},{"not_picked":["Steam","Consume","Go for the Eyes"],"picked":"SKIP","floor":5},{"not_picked":["Beam Cell","Reprogram"],"picked":"Conserve Battery","floor":6},{"not_picked":["Stack","Ball Lightning"],"picked":"Self Repair","floor":10},{"not_picked":["Steam Power","Amplify"],"picked":"Capacitor","floor":12},{"not_picked":["Hello World","Lockon"],"picked":"Glacier","floor":14},{"not_picked":["Fission","Buffer"],"picked":"Echo Form","floor":16},{"not_picked":["Undo+1","Capacitor"],"picked":"Gash","floor":18},{"not_picked":["Stack","Tempest","Cold Snap+1"],"picked":"SKIP","floor":19},{"not_picked":["Melter","Rip and Tear","Redo+1"],"picked":"SKIP","floor":21}],"player_experience":851649,"relics_obtained":[{"floor":4,"key":"Happy Flower"},{"floor":9,"key":"Nunchaku"}],"event_choices":[{"cards_removed":["Strike_B"],"damage_healed":0,"gold_gain":0,"player_choice":"Forget","damage_taken":0,"max_hp_gain":0,"max_hp_loss":0,"event_name":"Living Wall","floor":2,"gold_loss":0},{"damage_healed":0,"gold_gain":0,"player_choice":"Take Wound","damage_taken":0,"relics_obtained":["Golden Idol"],"max_hp_gain":0,"max_hp_loss":0,"event_name":"Golden Idol","floor":8,"gold_loss":0,"cards_obtained":["Injury"]},{"damage_healed":0,"gold_gain":0,"player_choice":"Read","damage_taken":0,"max_hp_gain":0,"max_hp_loss":0,"event_name":"The Library","floor":22,"gold_loss":0,"cards_obtained":["Echo Form"]}],"is_beta":false,"boss_relics":[{"not_picked":["SacredBark","Hololive_TopUpMoneyS"],"picked":"Philosopher\u0027s Stone"}],"items_purged_floors":[20],"is_endless":false,"potions_floor_spawned":[3,10,14,19],"killed_by":"Centurion and Healer","ascension_level":6}}