{"host":"ctlqibkg0sskiu65","time":1608139013,"event":{"mods":["2.2 Compatiblity","AchievementEnabler","Aspiration","BaseMod","BetterRewards","Colored Map","Colored Powertips","Conspire","Fiend Mod","Infinite Spire","Minty Spire (QoL Compilation)","Quick Restart","Replay The Spire","Shop Mod","StSLib","The Bladedancer","The Cursed","The Hierophant","The Jungle","The Kombatant","The Servant 0.9.4","TheBandit"],"gold_per_floor":[111,111,128,147,158,158,57,57,104,119,119,119,119,22,22,119,119,134,134,146,3,20,20,34,57,57,76,76,4,15,42,42,42,42],"floor_reached":33,"playtime":1270,"items_purged":["Strike_G","Strike_G"],"score":334,"play_id":"5d02c705-48f0-4799-8167-01c540eab99c","local_time":"20201216111653","is_ascension_mode":true,"campfire_choices":[{"data":"Bouncing Flask","floor":6.0,"key":"SMITH"},{"data":"Bane","floor":8.0,"key":"SMITH"},{"floor":15.0,"key":"REST"},{"floor":23.0,"key":"REST"},{"floor":28.0,"key":"REST"},{"floor":32.0,"key":"REST"}],"circlet_count":0,"master_deck":["Strike_G","Strike_G","Defend_G","Defend_G","Defend_G+1","Defend_G","Defend_G","Survivor","Neutralize","Poisoned Stab+1","Bouncing Flask+1","Prepared","Bane+1","Acrobatics","Pain","Envenom+1","Prepared+1","Setup","Bane+1","Deadly Poison+1"],"relics":["Ring of the Snake","ReplayTheSpireMod:Lightbulb","ReplayTheSpireMod:CursedCoin","Regal Pillow","Busted Crown","Sling","Nunchaku","infinitespire:Satchel","Onion Ring"],"acts_visited":["Exordium","TheCity"],"potions_floor_usage":[33],"damage_taken":[{"damage":0.0,"enemies":"Jaw Worm","floor":1.0,"turns":6.0},{"damage":0.0,"enemies":"Small Slimes","floor":3.0,"turns":3.0},{"damage":4.0,"enemies":"2 Louse","floor":4.0,"turns":3.0},{"damage":2.0,"enemies":"2 Fungi Beasts","floor":5.0,"turns":4.0},{"damage":4.0,"enemies":"Looter","floor":10.0,"turns":3.0},{"damage":66.0,"enemies":"Fading Forest","floor":16.0,"turns":11.0},{"damage":10.0,"enemies":"2 Thieves","floor":18.0,"turns":4.0},{"damage":23.0,"enemies":"conspire:FuzzyDice","floor":20.0,"turns":5.0},{"damage":5.0,"enemies":"Snake Plant","floor":22.0,"turns":4.0},{"damage":16.0,"enemies":"Sentry and Sphere","floor":24.0,"turns":4.0},{"damage":4.0,"enemies":"Centurion and Healer","floor":27.0,"turns":5.0},{"damage":15.0,"enemies":"Snecko","floor":30.0,"turns":4.0},{"damage":29.0,"enemies":"Slavers","floor":31.0,"turns":4.0},{"damage":84,"enemies":"Automaton","floor":33,"turns":8}],"seed_played":"6210345282517534621","potions_obtained":[{"floor":1.0,"key":"SpeedPotion"},{"floor":5.0,"key":"ColorlessPotion"},{"floor":10.0,"key":"Elixir"},{"floor":16.0,"key":"Explosive Potion"},{"floor":18.0,"key":"Explosive Potion"},{"floor":20.0,"key":"Languid Potion"},{"floor":24.0,"key":"Block Potion"},{"floor":27.0,"key":"Fire Potion"}],"is_trial":false,"path_per_floor":["M","?","M","M","M","R","$","R","T","M","?","?","?","$","R","B",null,"M","?","M","$","M","R","M","T","T","M","R","$","M","E","R","B"],"character_chosen":"THE_SILENT","items_purchased":["Bane","ReplayTheSpireMod:CursedCoin","Regal Pillow","Sling","Toxic Potion"],"campfire_rested":4,"item_purchase_floors":[7,14,14,21,29],"current_hp_per_floor":[70,70,70,66,64,64,64,64,64,60,65,65,58,58,82,24,68,58,58,35,35,30,69,53,53,53,49,82,82,67,38,77,0,0],"gold":42,"neow_bonus":"TEN_PERCENT_HP_BONUS","is_daily":false,"chose_seed":false,"campfire_upgraded":2,"win_rate":0.0,"timestamp":1608139013,"path_taken":["M","?","M","M","M","R","$","R","T","M","?","?","?","$","R","BOSS","M","?","M","$","M","R","?","?","T","M","R","$","M","E","R","BOSS"],"items_purchased_type":["Card","Relic","Relic","Relic","Potion"],"build_version":"2020-12-13","purchased_purges":2,"victory":false,"max_hp_per_floor":[77,77,77,77,77,77,77,77,77,77,82,82,82,82,82,82,82,82,82,82,82,82,82,82,82,82,82,82,82,82,82,82,82,82],"card_choices":[{"not_picked":["Sucker Punch","Draining Mist"],"picked":"Poisoned Stab","floor":1.0},{"not_picked":["Expertise","Flying Knee","Dagger Spray"],"picked":"SKIP","floor":3.0},{"not_picked":["Sucker Punch","Concentrate"],"picked":"Bouncing Flask","floor":4.0},{"not_picked":["Acrobatics","Escape Plan"],"picked":"Prepared","floor":5.0},{"not_picked":["Choke","Dagger Throw"],"picked":"Acrobatics","floor":10.0},{"not_picked":["ReplayTheSpireMod:From All Sides","Tools of the Trade"],"picked":"Envenom","floor":16.0},{"not_picked":[],"picked":"Prepared+1","floor":18.0},{"not_picked":["Backflip"],"picked":"SKIP","floor":20.0},{"not_picked":["Dodge and Roll"],"picked":"SKIP","floor":22.0},{"not_picked":[],"picked":"Setup","floor":24.0},{"not_picked":["Dodge and Roll"],"picked":"SKIP","floor":27.0},{"not_picked":[],"picked":"Bane+1","floor":30.0},{"not_picked":[],"picked":"Deadly Poison+1","floor":31.0}],"player_experience":148248,"relics_obtained":[{"floor":9.0,"key":"ReplayTheSpireMod:Lightbulb"},{"floor":25.0,"key":"Nunchaku"},{"floor":26.0,"key":"infinitespire:Satchel"},{"floor":31.0,"key":"Onion Ring"}],"event_choices":[{"damage_healed":0.0,"max_hp_gain":0.0,"max_hp_loss":0.0,"gold_gain":0.0,"event_name":"Living Wall","player_choice":"Grow","floor":2.0,"gold_loss":0.0,"damage_taken":0.0,"cards_upgraded":["Poisoned Stab"]},{"damage_healed":0.0,"max_hp_gain":5.0,"max_hp_loss":0.0,"gold_gain":0.0,"event_name":"Big Fish","player_choice":"Donut","floor":11.0,"gold_loss":0.0,"damage_taken":0.0},{"cards_removed":["Strike_G"],"damage_healed":0.0,"max_hp_gain":0.0,"max_hp_loss":0.0,"gold_gain":0.0,"event_name":"Golden Wing","player_choice":"Card Removal","floor":13.0,"gold_loss":0.0,"damage_taken":7.0},{"damage_healed":0.0,"max_hp_gain":0.0,"max_hp_loss":0.0,"gold_gain":0.0,"event_name":"Upgrade Shrine","player_choice":"Upgraded","floor":19.0,"gold_loss":0.0,"damage_taken":0.0,"cards_upgraded":["Envenom"]}],"is_beta":false,"boss_relics":[{"not_picked":["Honey Jar","Abe\u0027s Treasure"],"picked":"Busted Crown"}],"items_purged_floors":[7,14],"is_endless":false,"potions_floor_spawned":[1,5,10,16,18,20,24,27],"killed_by":"Automaton","ascension_level":6}}