{"host":"ya94u95moedzeoqz","time":1608154665,"event":{"mods":["2.2 Compatiblity","Abigail Mod","Act Like it!","Aspiration","BaseMod","Better Altar","Better Match","Better Note","Better Sensory Stone","Better Skull","BetterRewards","ChefMod","Energized Spire","Filter the Spire","GifTheSpireLib","Infinite Spire","KinomotoSakuraMod(????)","Lobotomy","LobotomyExtend","Luminous","Minty Spire (QoL Compilation)","Permanent Neow","Railgun Mod","Replay The Spire","Spicy Shops","StSLib","The Alterego","The Fake Hero","The Florist","The Forsaken","The Juggle","The Senshi","TheArtist","TheSwordswoman","TheVelvet","Yuri Mod"],"gold_per_floor":[111,129,144,164,182,182,208,208,208,223,249,274,274,286,286,391,391,407,417,417,427,438,468,428,428,428],"floor_reached":25,"playtime":2523,"items_purged":[],"score":262,"play_id":"3a0d2ac0-4666-4bfc-8426-409de85e2c78","local_time":"20201216163745","is_ascension_mode":false,"campfire_choices":[{"data":"TheRailgun:Thundervolt","floor":6,"key":"SMITH"},{"data":"TheRailgun:Pull","floor":8,"key":"SMITH"},{"floor":15,"key":"DIG"}],"circlet_count":0,"master_deck":["TheRailgun:Strike","TheRailgun:Strike","TheRailgun:Strike","TheRailgun:Strike","TheRailgun:Defend+1","TheRailgun:Defend","TheRailgun:Defend","TheRailgun:Defend","TheRailgun:Discharge","TheRailgun:Static","TheRailgun:Zip","TheRailgun:Thunderbolt","TheRailgun:Pull+1","TheRailgun:Electric_Fence","TheRailgun:Thundervolt+1","TheRailgun:Iron_Dust_Sword","TheRailgun:Heroinism","TheRailgun:Sister_Noise+1","TheRailgun:Supercharge","TheRailgun:Mental_Out","ReplayTheSpireMod:Brewmster","TheRailgun:Zap","TheRailgun:Magnetic_Flight","CurseOfTheBell","TheRailgun:Oneesama","TheRailgun:Magnetic_Movement+1","TheRailgun:Heroinism","TheRailgun:Discharge","TheRailgun:Railgun"],"relics":["TheRailgun:CoinRelic","aspiration:Nostalgia","alterego_mod:MasochisticConstitution","LetterFromLob","Mango","theForsaken:ScaryMask","aspiration:TomeofQuesting","Odd Mushroom","infinitespire:Lucky Rock","Calling Bell","Lantern","Kunai","infinitespire:Magic Flask","infinitespire:Satchel","ReplayTheSpireMod:TigerMarble","Girya"],"acts_visited":["Exordium","TheCity"],"potions_floor_usage":[12,14,16,16,16,18,18,19,19,19,19,21,22,23,23,23,23,23,25],"damage_taken":[{"damage":0,"enemies":"Cultist","floor":1,"turns":3},{"damage":8,"enemies":"Small Slimes","floor":2,"turns":2},{"damage":0,"enemies":"Jaw Worm","floor":3,"turns":2},{"damage":0,"enemies":"2 Fungi Beasts","floor":4,"turns":3},{"damage":4,"enemies":"Looter","floor":5,"turns":3},{"damage":6,"enemies":"Gremlin Nob","floor":7,"turns":3},{"damage":0,"enemies":"Blue Slaver","floor":10,"turns":3},{"damage":18,"enemies":"Lagavulin","floor":11,"turns":3},{"damage":12,"enemies":"The Mushroom Lair","floor":12,"turns":4},{"damage":10,"enemies":"Exordium Thugs","floor":14,"turns":3},{"damage":10,"enemies":"The Guardian","floor":16,"turns":8},{"damage":4,"enemies":"3 Byrds","floor":18,"turns":5},{"damage":12,"enemies":"Shell Parasite","floor":19,"turns":5},{"damage":6,"enemies":"Snecko","floor":21,"turns":6},{"damage":7,"enemies":"Centurion and Healer","floor":22,"turns":6},{"damage":2,"enemies":"Gremlin Leader","floor":23,"turns":7},{"damage":22,"enemies":"Slavers","floor":25,"turns":4}],"seed_played":"1665116907229818280","potions_obtained":[{"floor":3,"key":"Doom Potion"},{"floor":5,"key":"Explosive Potion"},{"floor":11,"key":"SkillPotion"},{"floor":12,"key":"AttackPotion"},{"floor":16,"key":"LifebloodPotion"},{"floor":18,"key":"Elixir"},{"floor":21,"key":"Energy Potion"},{"floor":23,"key":"Reflective Coating"}],"is_trial":false,"path_per_floor":["M","M","M","M","M","R","E","R","T","M","E","?","?","M","R","B",null,"M","M","?","M","M","E","?","E"],"character_chosen":"THE_DEFAULT","items_purchased":[],"campfire_rested":0,"item_purchase_floors":[],"current_hp_per_floor":[70,63,63,63,60,60,69,69,69,69,52,41,41,32,32,23,91,88,77,34,29,23,22,22,0,0],"gold":428,"neow_bonus":"NOSTALGIA","is_daily":false,"chose_seed":false,"campfire_upgraded":2,"win_rate":0.0,"timestamp":1608154665,"path_taken":["M","M","M","M","M","R","E","R","T","M","E","?","?","M","R","BOSS","M","M","?","M","M","E","?","E"],"items_purchased_type":[],"build_version":"2020-12-13","purchased_purges":0,"victory":false,"max_hp_per_floor":[70,71,71,71,72,72,87,87,87,87,88,89,89,90,90,91,91,92,93,93,94,95,96,96,96,96],"card_choices":[{"not_picked":["TheRailgun:Spark","TheRailgun:Thundershock"],"picked":"TheRailgun:Thunderbolt","floor":1},{"not_picked":["TheRailgun:Hypercharge","TheRailgun:Iron_Dust_Vial"],"picked":"TheRailgun:Pull","floor":2},{"not_picked":["TheRailgun:Coin_Flip","TheRailgun:Push"],"picked":"TheRailgun:Electric_Fence","floor":3},{"not_picked":["TheRailgun:Electric_Fence","TheRailgun:Electrical_Storm"],"picked":"TheRailgun:Thundervolt","floor":4},{"not_picked":["TheRailgun:Taser","TheRailgun:Electrical_Fire"],"picked":"TheRailgun:Iron_Dust_Sword","floor":5},{"not_picked":["TheRailgun:Iron_Dust_Sword","TheRailgun:Zip"],"picked":"TheRailgun:Heroinism","floor":7},{"not_picked":["TheRailgun:Aerial_Shot","TheRailgun:Teleporter"],"picked":"TheRailgun:Sister_Noise","floor":10},{"not_picked":["TheRailgun:Charge","TheRailgun:Discharge"],"picked":"TheRailgun:Supercharge","floor":11},{"not_picked":["TheRailgun:Electrical_Fire","TheRailgun:Hypercharge"],"picked":"TheRailgun:Mental_Out","floor":12},{"not_picked":["HandOfGreed","Crow Ritual"],"picked":"ReplayTheSpireMod:Brewmster","floor":13},{"not_picked":["TheRailgun:Thunderbolt","TheRailgun:Crack"],"picked":"TheRailgun:Zap","floor":14},{"not_picked":["TheRailgun:Thunder","TheRailgun:Railgun"],"picked":"TheRailgun:Magnetic_Flight","floor":16},{"not_picked":["TheRailgun:Thunderbolt","TheRailgun:Positive_Field+1"],"picked":"TheRailgun:Oneesama","floor":18},{"not_picked":["TheRailgun:Positive_Field","TheRailgun:Teleporter"],"picked":"TheRailgun:Magnetic_Movement+1","floor":19},{"not_picked":["TheRailgun:Iron_Dust_Sword","TheRailgun:Hypercharge"],"picked":"TheRailgun:Heroinism","floor":21},{"not_picked":["TheRailgun:Gekota_Phone","TheRailgun:Electrical_Fire"],"picked":"TheRailgun:Discharge","floor":22},{"not_picked":["TheRailgun:Static","TheRailgun:Discharge"],"picked":"TheRailgun:Railgun","floor":23}],"player_experience":457262,"relics_obtained":[{"floor":1,"key":"LetterFromLob"},{"floor":7,"key":"Mango"},{"floor":9,"key":"theForsaken:ScaryMask"},{"floor":11,"key":"aspiration:TomeofQuesting"},{"floor":12,"key":"Odd Mushroom"},{"floor":15,"key":"infinitespire:Lucky Rock"},{"floor":17,"key":"Lantern"},{"floor":17,"key":"Kunai"},{"floor":17,"key":"infinitespire:Magic Flask"},{"floor":23,"key":"Girya"}],"event_choices":[{"damage_healed":0,"gold_gain":0,"player_choice":"Fought Mushrooms","damage_taken":0,"max_hp_gain":0,"max_hp_loss":0,"event_name":"Mushrooms","floor":12,"gold_loss":0},{"damage_healed":0,"gold_gain":1,"player_choice":"1","damage_taken":0,"max_hp_gain":0,"max_hp_loss":0,"event_name":"betterStone:BetterStone","floor":13,"gold_loss":0},{"damage_healed":0,"gold_gain":0,"player_choice":"RE RE ","damage_taken":47,"relics_obtained":["infinitespire:Satchel","ReplayTheSpireMod:TigerMarble"],"max_hp_gain":0,"max_hp_loss":0,"event_name":"betterSkull:BetterSkull","floor":20,"gold_loss":0,"cards_upgraded":[]},{"damage_healed":0,"gold_gain":0,"player_choice":"Upgraded Two","damage_taken":0,"max_hp_gain":0,"max_hp_loss":0,"event_name":"Designer","floor":24,"gold_loss":40,"cards_upgraded":["TheRailgun:Sister_Noise","TheRailgun:Defend"]}],"is_beta":false,"boss_relics":[{"not_picked":["aspiration:FutureDiary","energizedSpire:HugeHouse"],"picked":"Calling Bell"}],"items_purged_floors":[],"is_endless":false,"potions_floor_spawned":[3,5,11,12,16,18,21,22,23],"killed_by":"Slavers","ascension_level":0}}