{"host":"55yei7x27djrlaep","time":1608113816,"event":{"mods":["Act Like it!","BaseMod","BetterRewards","Colored Map","Conspire","Ekko","Friendly Minions","GifTheSpireLib","Marisa????????","Minty Spire (QoL Compilation)","Replay The Spire","StSLib","The Mystic"],"gold_per_floor":[109,146,46,59,78,78,108,108,134,150,177,177,205,216,216,216,216],"floor_reached":16,"playtime":1053,"items_purged":["Strike_G"],"score":294,"play_id":"6d1c1916-1503-43dc-9525-3041074a68c9","local_time":"20201216131656","is_ascension_mode":true,"campfire_choices":[{"floor":6,"key":"REST"},{"data":"Cloak And Dagger","floor":8,"key":"SMITH"},{"data":"Hidden Blade","floor":15,"key":"SMITH"}],"circlet_count":0,"master_deck":["Strike_G","Strike_G","Strike_G","Strike_G","Defend_G","Defend_G","Defend_G","Defend_G","Survivor","Neutralize","Accuracy","Madness","Dodge and Roll","PiercingWail","ReplayTheSpireMod:The Works","Ghostly","After Image","Infinite Blades","Cloak And Dagger+1","Hidden Blade+1","Toxin Wave","Distraction","Blade Dance"],"relics":["Ring of the Snake","Vampiric Spirits","Gremlin Horn","Anchor","Ice Cream","TungstenRod","Blue Doll","Bag of Preparation","Pear","Replay:Accelerometer"],"acts_visited":["Exordium"],"potions_floor_usage":[7,16],"damage_taken":[{"damage":2,"enemies":"conspire:RoseBush","floor":1,"turns":3},{"damage":1,"enemies":"Jaw Worm","floor":4,"turns":7},{"damage":5,"enemies":"Cultist","floor":5,"turns":6},{"damage":0,"enemies":"Lagavulin","floor":7,"turns":8},{"damage":0,"enemies":"Large Slime","floor":10,"turns":5},{"damage":0,"enemies":"Replay:BlueRogue","floor":11,"turns":6},{"damage":0,"enemies":"Lagavulin","floor":13,"turns":7},{"damage":0,"enemies":"Gremlin Gang","floor":14,"turns":5},{"damage":64,"enemies":"Fading Forest","floor":16,"turns":9}],"seed_played":"6057942408941253884","potions_obtained":[{"floor":5,"key":"SkillPotion"},{"floor":7,"key":"Milkshake"},{"floor":10,"key":"Milkshake"},{"floor":13,"key":"EssenceOfSteel"},{"floor":14,"key":"Strength Potion"}],"is_trial":false,"path_per_floor":["M","?","?","M","M","R","E","R","T","M","E","?","E","M","R","B"],"character_chosen":"THE_SILENT","items_purchased":["Vampiric Spirits","Gremlin Horn","Accuracy","Madness","Dodge and Roll"],"campfire_rested":1,"item_purchase_floors":[0,0,0,0,0],"current_hp_per_floor":[39,11,11,10,6,27,27,27,27,27,28,38,38,40,40,0,0],"gold":216,"neow_bonus":"","is_daily":false,"chose_seed":false,"campfire_upgraded":2,"win_rate":0.0,"timestamp":1608113816,"path_taken":["M","?","?","M","?","R","E","R","T","M","E","?","E","?","R","BOSS"],"items_purchased_type":["Relic","Relic","Card","Card","Card"],"build_version":"2020-12-13","purchased_purges":1,"victory":false,"max_hp_per_floor":[70,70,70,70,70,70,70,70,70,70,70,80,80,80,80,80,80],"card_choices":[{"not_picked":["Sucker Punch","Outmaneuver"],"picked":"PiercingWail","floor":1},{"not_picked":["Sucker Punch","Hidden Blade"],"picked":"ReplayTheSpireMod:The Works","floor":2},{"not_picked":["ReplayTheSpireMod:Scrap Shanks","Cloak And Dagger"],"picked":"After Image","floor":4},{"not_picked":["Fluid Movement","Bane"],"picked":"Infinite Blades","floor":5},{"not_picked":["Fluid Movement","ReplayTheSpireMod:The Works"],"picked":"Cloak And Dagger","floor":7},{"not_picked":["Masterful Stab","Skewer"],"picked":"Hidden Blade","floor":10},{"not_picked":["Sucker Punch","Catalyst"],"picked":"Toxin Wave","floor":11},{"not_picked":["Dodge and Roll","Caltrops"],"picked":"Distraction","floor":13},{"not_picked":["Dagger Throw","Cloak And Dagger"],"picked":"Blade Dance","floor":14}],"player_experience":350566,"relics_obtained":[{"floor":2,"key":"Ice Cream"},{"floor":7,"key":"TungstenRod"},{"floor":9,"key":"Blue Doll"},{"floor":11,"key":"Bag of Preparation"},{"floor":13,"key":"Replay:Accelerometer"}],"event_choices":[{"damage_healed":0,"gold_gain":0,"player_choice":"Argue","damage_taken":0,"max_hp_gain":0,"max_hp_loss":0,"event_name":"conspire:LoneGhost","floor":3,"gold_loss":0},{"damage_healed":0,"gold_gain":0,"player_choice":"Gave Potion","damage_taken":0,"relics_obtained":["Pear"],"max_hp_gain":0,"max_hp_loss":0,"event_name":"WeMeetAgain","floor":12,"gold_loss":0}],"is_beta":false,"boss_relics":[],"items_purged_floors":[0],"is_endless":false,"potions_floor_spawned":[5,7,10,13,14],"killed_by":"Fading Forest","ascension_level":4}}