{"host":"a7kkotolxcg5vljr","time":1608162764,"event":{"mods":["2.2 Compatiblity","AchievementEnabler","Act Like it!","BaseMod","Better Altar","Better Skull","Better Third Choice","Colored Map","Colored Powertips","Downfall","Hermit","Highlight Path","Marisa????????","Minty Spire (QoL Compilation)","Quick Restart","Rare Cards Sparkle","Replay The Spire","Spicy Shops","StSLib","The Cursed","The Disciple","The Servant 0.9.4"],"gold_per_floor":[110,110,128,128,78,105,105,124,194,208,208,218,243,96,96,195,195,214,232,432,448,93,93,108,108,108],"floor_reached":25,"playtime":956,"items_purged":[],"score":238,"play_id":"a5516e85-6029-4d3b-9c3b-207bca951da9","local_time":"20201216185244","is_ascension_mode":false,"campfire_choices":[{"data":"Poisoned Stab","floor":7,"key":"SMITH"},{"floor":11,"key":"RECALL"},{"floor":23,"key":"REST"}],"circlet_count":0,"master_deck":["Strike_G","Strike_G","Strike_G","Strike_G","Strike_G","Defend_G","Defend_G","Defend_G","Defend_G","Defend_G","Survivor","Neutralize","Poisoned Stab","Poisoned Stab+1","PiercingWail","Underhanded Strike","Bane","Deadly Poison","Acrobatics","After Image","Slice+1","Corpse Explosion","Dagger Spray","Bouncing Flask","Hidden Blade+1"],"relics":["Ring of the Snake","NeowsBlessing","ReplayTheSpireMod:Ring of Collecting","Ring of Fangs","Replay:Mystery Machine","Chameleon Ring","Boot","Philosopher\u0027s Stone","HornCleat","ReplayTheSpireMod:TigerMarble"],"acts_visited":["Exordium","TheCity"],"potions_floor_usage":[13,13,16,16,16,25],"damage_taken":[{"damage":0,"enemies":"Small Slimes","floor":1,"turns":1},{"damage":0,"enemies":"Jaw Worm","floor":3,"turns":1},{"damage":0,"enemies":"Gremlin Nob","floor":6,"turns":1},{"damage":0,"enemies":"2 Louse","floor":8,"turns":3},{"damage":0,"enemies":"Exordium Wildlife","floor":10,"turns":4},{"damage":11,"enemies":"Gremlin Gang","floor":12,"turns":5},{"damage":22,"enemies":"Lagavulin","floor":13,"turns":5},{"damage":19,"enemies":"Hexaghost","floor":16,"turns":8},{"damage":34,"enemies":"3 Byrds","floor":18,"turns":6},{"damage":13,"enemies":"Shell Parasite","floor":19,"turns":8},{"damage":2,"enemies":"Snecko","floor":21,"turns":4},{"damage":13,"enemies":"Snake Plant","floor":24,"turns":3},{"damage":33,"enemies":"Gremlin Leader","floor":25,"turns":5}],"seed_played":"409863216262670621","potions_obtained":[{"floor":6,"key":"sneckomod:MuddlingPotion"},{"floor":8,"key":"SpeedPotion"},{"floor":10,"key":"Energy Potion"},{"floor":12,"key":"Regen Potion"},{"floor":15,"key":"Swift Potion"},{"floor":15,"key":"FearPotion"},{"floor":24,"key":"SteroidPotion"}],"is_trial":false,"path_per_floor":["M","?","M","?","?","E","R","M","T","M","R","M","E","$","R","B",null,"M","M","?","M","$","R","M","E"],"character_chosen":"THE_SILENT","items_purchased":["Boot","HornCleat","ReplayTheSpireMod:TigerMarble","Bouncing Flask"],"campfire_rested":1,"item_purchase_floors":[14,22,22,22],"current_hp_per_floor":[70,70,70,63,63,63,63,63,63,63,63,52,48,48,48,29,70,36,23,23,21,21,42,29,0,0],"gold":108,"neow_bonus":"THREE_ENEMY_KILL","is_daily":false,"chose_seed":false,"campfire_upgraded":1,"win_rate":0.0,"timestamp":1608162764,"path_taken":["M","?","M","?","?","E","R","M","T","M","R","M","E","$","R","BOSS","M","M","?","M","$","R","M","E"],"items_purchased_type":["Relic","Relic","Relic","Card"],"build_version":"2020-12-13","purchased_purges":0,"victory":false,"max_hp_per_floor":[70,70,70,70,70,70,70,70,70,70,70,70,70,70,70,70,70,70,70,70,70,70,70,70,70,70],"card_choices":[{"not_picked":["Bane","Acrobatics"],"picked":"Poisoned Stab","floor":1},{"not_picked":["Setup","Outmaneuver"],"picked":"Poisoned Stab","floor":3},{"not_picked":["Wraith Form v2","Reflex"],"picked":"PiercingWail","floor":6},{"not_picked":["ReplayTheSpireMod:Speed Training","Sneak Up"],"picked":"Underhanded Strike","floor":8},{"not_picked":["Backflip","Hidden Blade"],"picked":"Bane","floor":10},{"not_picked":["Terror","Blade Dance"],"picked":"Deadly Poison","floor":12},{"not_picked":["Tools of the Trade","Hidden Blade"],"picked":"Acrobatics","floor":13},{"not_picked":["Atom Bomb","Night Terror"],"picked":"After Image","floor":16},{"not_picked":["Dodge and Roll","Sneak Up","Calculated Gamble"],"picked":"SKIP","floor":18},{"not_picked":["Choke+1","Dagger Spray"],"picked":"Slice+1","floor":19},{"not_picked":["Die Die Die","Phantasmal Killer"],"picked":"Corpse Explosion","floor":20},{"not_picked":["Accuracy","Eviscerate"],"picked":"Dagger Spray","floor":21},{"not_picked":["Quick Slash","Sucker Punch"],"picked":"Hidden Blade+1","floor":24}],"player_experience":338404,"relics_obtained":[{"floor":2,"key":"ReplayTheSpireMod:Ring of Collecting"},{"floor":2,"key":"Ring of Fangs"},{"floor":6,"key":"Chameleon Ring"},{"floor":13,"key":"Pet Ghost"}],"event_choices":[{"damage_healed":0,"gold_gain":0,"player_choice":"Relic ","damage_taken":7,"max_hp_gain":0,"max_hp_loss":0,"event_name":"betterThird:BetterScrap","floor":4,"gold_loss":0,"cards_obtained":["Thunder Strike"]},{"cards_removed":["ReplayTheSpireMod:Restless Dread"],"damage_healed":0,"gold_gain":0,"player_choice":"Card Removal","damage_taken":0,"max_hp_gain":0,"max_hp_loss":0,"event_name":"The Cleric","floor":5,"gold_loss":50}],"is_beta":false,"boss_relics":[{"not_picked":["Abe\u0027s Treasure","SlaversCollar"],"picked":"Philosopher\u0027s Stone"}],"items_purged_floors":[],"is_endless":false,"potions_floor_spawned":[6,8,10,12,24],"killed_by":"Gremlin Leader","ascension_level":0}}