{"host":"l2dnabsh5e0fsksb","time":1608098786,"event":{"mods":["2.2 Compatiblity","BaseMod","Downfall","Minty Spire (QoL Compilation)","Quick Restart","StSLib"],"gold_per_floor":[99,111,139,139,169,180,180,195,34,45,30,47,64,83,95,190,190,190,205,235,255,255,255],"floor_reached":22,"playtime":1150,"items_purged":[],"score":231,"play_id":"4fdcf990-b9aa-4d11-a28a-adc08062cd25","local_time":"20201216163626","is_ascension_mode":true,"campfire_choices":[{"data":"hexamod:Sear","floor":1.0,"key":"SMITH"},{"data":"hexamod:TimeOfNeed","floor":18,"key":"SMITH"}],"circlet_count":0,"master_deck":["hexamod:Sear+1","hexamod:Float","Doubt","hexamod:WildfireWeapon","hexamod:RainOfEmbers","hexamod:ThermalTransfer","hexamod:VolcanoVisage","hexamod:SoulSteal","hexamod:ExtraCrispy","hexamod:RadiantFlame","hexamod:TimeOfNeed+1","hexamod:RainOfEmbers","hexamod:AdvancingGuard","hexamod:SpectersWail","hexamod:TimeWarp","hexamod:HexaLevel","hexamod:FirstSeal","hexamod:UnleashSpirits","hexamod:FourthSeal","hexamod:GhostflameBarrier","hexamod:AdvancingGuard","hexamod:Firestarter","hexamod:EmpoweringStance","hexamod:BurningTouch+1","hexamod:RainOfEmbers+1","hexamod:ShieldOfDarkness"],"relics":["hexamod:SpiritBrand","Pear","White Beast Statue","Meat on the Bone","Bag of Marbles","Pandora\u0027s Box","Orichalcum"],"acts_visited":["Exordium","TheCity"],"potions_floor_usage":[5,10,11,12,14,16,16,16,20,21,22,22,22],"damage_taken":[{"damage":1.0,"enemies":"2 Louse","floor":2.0,"turns":5.0},{"damage":12,"enemies":"3 Sentries","floor":3,"turns":10},{"damage":6,"enemies":"Lagavulin","floor":5,"turns":6},{"damage":0,"enemies":"Cultist","floor":6,"turns":3},{"damage":0,"enemies":"Jaw Worm","floor":8,"turns":3},{"damage":0,"enemies":"downfall:FleeingMerchant","floor":9,"turns":4},{"damage":15,"enemies":"Lots of Slimes","floor":10,"turns":3},{"damage":10,"enemies":"downfall:FleeingMerchant","floor":11,"turns":4},{"damage":0,"enemies":"3 Louse","floor":12,"turns":1},{"damage":21,"enemies":"Exordium Thugs","floor":13,"turns":4},{"damage":2,"enemies":"Red Slaver","floor":14,"turns":3},{"damage":13,"enemies":"Large Slime","floor":15,"turns":6},{"damage":42,"enemies":"downfall:Silent","floor":16,"turns":7},{"damage":2,"enemies":"Chosen","floor":19,"turns":4},{"damage":29,"enemies":"Book of Stabbing","floor":20,"turns":6},{"damage":18,"enemies":"Centurion and Healer","floor":21,"turns":6},{"damage":48,"enemies":"Gremlin Leader","floor":22,"turns":3}],"seed_played":"-7130611474526170094","potions_obtained":[{"floor":4,"key":"downfall:CursedFountainPotion"},{"floor":5,"key":"Block Potion"},{"floor":6,"key":"Strength Potion"},{"floor":8,"key":"Strength Potion"},{"floor":10,"key":"champ:CounterPotion"},{"floor":11,"key":"hexamod:EctoCoolerPotion"},{"floor":12,"key":"CultistPotion"},{"floor":14,"key":"SteroidPotion"},{"floor":15,"key":"Fire Potion"},{"floor":16,"key":"DuplicationPotion"},{"floor":19,"key":"Strength Potion"},{"floor":19,"key":"Regen Potion"},{"floor":20,"key":"BlessingOfTheForge"},{"floor":21,"key":"CultistPotion"},{"floor":21,"key":"hexamod:EctoCoolerPotion"}],"is_trial":false,"path_per_floor":["R","M","E","?","E","M","T","M","$","M","$","M","M","M","M","B",null,"R","M","E","M","E"],"character_chosen":"THE_SPIRIT","items_purchased":["Bag of Marbles"],"campfire_rested":0,"item_purchase_floors":[9],"current_hp_per_floor":[70,69,67,67,61,61,61,61,61,46,48,48,39,49,48,18,80,80,78,56,47,0,0],"gold":255,"neow_bonus":"THREE_RARE_CARDS","is_daily":false,"chose_seed":false,"campfire_upgraded":2,"win_rate":0.0,"timestamp":1608098786,"path_taken":["R","M","E","?","E","M","T","M","$","M","?","M","M","M","M","BOSS","R","M","E","M","E"],"items_purchased_type":["Relic"],"build_version":"2020-12-13","purchased_purges":0,"victory":false,"max_hp_per_floor":[70,70,80,80,80,80,80,80,80,80,80,80,80,80,80,80,80,80,80,80,80,80,80],"card_choices":[{"not_picked":["hexamod:SearingWound","hexamod:FifthSeal"],"picked":"hexamod:WildfireWeapon","floor":0.0},{"not_picked":["hexamod:ThermalTransfer","hexamod:NightmareGuise"],"picked":"hexamod:RainOfEmbers","floor":2.0},{"not_picked":["hexamod:InspiringFlames","hexamod:SwordOfDarkness"],"picked":"hexamod:ThermalTransfer","floor":3},{"not_picked":["hexamod:RadiantFlame","hexamod:FirstSeal"],"picked":"hexamod:VolcanoVisage","floor":5},{"not_picked":["hexamod:SwordOfDarkness","hexamod:Firestarter"],"picked":"hexamod:SoulSteal","floor":6},{"not_picked":["hexamod:BurningTouch","hexamod:SwordOfDarkness"],"picked":"hexamod:ExtraCrispy","floor":8},{"not_picked":["hexamod:SpectralAdrenaline","hexamod:PowerFromBeyond","hexamod:Rewind"],"picked":"SKIP","floor":9},{"not_picked":["hexamod:GhostOfSpireFuture","hexamod:SwordOfDarkness"],"picked":"hexamod:RadiantFlame","floor":10},{"not_picked":["hexamod:FlamesFromBeyond","hexamod:RecurringNightmare"],"picked":"hexamod:TimeOfNeed","floor":11},{"not_picked":["hexamod:HauntingEcho","hexamod:NightmareGuise"],"picked":"hexamod:RainOfEmbers","floor":12},{"not_picked":["hexamod:BurningTouch","hexamod:HauntingEcho","hexamod:FastForward"],"picked":"SKIP","floor":13},{"not_picked":["hexamod:HeatMetal","hexamod:EtherealExpedition"],"picked":"hexamod:AdvancingGuard","floor":14},{"not_picked":["hexamod:CatchUp","hexamod:NightmareGuise"],"picked":"hexamod:SpectersWail","floor":15},{"not_picked":["hexamod:GiftsFromTheDead","hexamod:WildfireWeapon"],"picked":"hexamod:TimeWarp","floor":16},{"not_picked":["hexamod:NightmareStrike","hexamod:GhostShield"],"picked":"hexamod:BurningTouch+1","floor":19},{"not_picked":["hexamod:Incineration","hexamod:HeatCrush"],"picked":"hexamod:RainOfEmbers+1","floor":20},{"not_picked":["hexamod:UnleashSpirits","hexamod:GhostShield+1"],"picked":"hexamod:ShieldOfDarkness","floor":21}],"player_experience":1689446,"relics_obtained":[{"floor":3,"key":"Pear"},{"floor":5,"key":"White Beast Statue"},{"floor":7,"key":"Meat on the Bone"},{"floor":20,"key":"Orichalcum"}],"event_choices":[],"is_beta":false,"boss_relics":[{"not_picked":["hexamod:IceCube","Astrolabe"],"picked":"Pandora\u0027s Box"}],"items_purged_floors":[],"is_endless":false,"potions_floor_spawned":[5,6,8,9,10,11,12,13,14,15,16,19,20,21],"killed_by":"Gremlin Leader","ascension_level":1}}