{"host":"8aazbu429xvxw5ti","time":1608128730,"event":{"mods":["2.2 Compatiblity","BaseMod","Colored Map","DeckTracker","Highlight Path","Keyboard Shortcuts","Minty Spire (QoL Compilation)","Permanent Neow","Quick Restart","StSLib","SuperFastMode","everything is the same but u backflip on backflip"],"gold_per_floor":[118,130,150,165,165,165,190,190,190,203,20,48,48,62,62,166,166,182,199,199,219,62,62,73,1,1,18,37,53,153,172,172,275,275,293,305,135,150,168,168,179,179,202,234,86,86,103,119,119,119],"floor_reached":51,"playtime":5032,"items_purged":["Strike_R","Anger"],"score":941,"play_id":"f2328eab-b4d6-4f60-a3bd-c806734208af","local_time":"20201216232530","is_ascension_mode":true,"campfire_choices":[{"data":"Whirlwind","floor":6.0,"key":"SMITH"},{"data":"Bash","floor":8.0,"key":"SMITH"},{"data":"Power Through","floor":15.0,"key":"SMITH"},{"data":"Barricade","floor":23.0,"key":"SMITH"},{"data":"Feel No Pain","floor":32.0,"key":"SMITH"},{"data":"Dark Embrace","floor":40.0,"key":"SMITH"},{"data":"Defend_R","floor":46.0,"key":"PURGE"},{"data":"Strike_R","floor":49.0,"key":"PURGE"}],"circlet_count":0,"master_deck":["Strike_R","Defend_R","Defend_R+1","Bash+1","Sever Soul","Whirlwind+1","Flame Barrier+1","Power Through+1","Second Wind","Power Through","Feel No Pain+1","Pummel","Pummel","Barricade+1","Warcry+1","Impervious","CurseOfTheBell","Dark Embrace+1","Seeing Red+1","Feel No Pain+1","Sever Soul+1"],"relics":["Burning Blood","War Paint","Bag of Marbles","Pear","Mark of Pain","Anchor","Peace Pipe","Pantograph","Calling Bell","Oddly Smooth Stone","Sundial","Thread and Needle","MealTicket","Mercury Hourglass","Bronze Scales"],"acts_visited":["Exordium","TheCity","TheBeyond"],"potions_floor_usage":[50,50],"damage_taken":[{"damage":8.0,"enemies":"2 Louse","floor":1.0,"turns":3.0},{"damage":2.0,"enemies":"Jaw Worm","floor":2.0,"turns":3.0},{"damage":0.0,"enemies":"Cultist","floor":3.0,"turns":2.0},{"damage":15.0,"enemies":"Exordium Wildlife","floor":4.0,"turns":5.0},{"damage":13.0,"enemies":"3 Sentries","floor":7.0,"turns":4.0},{"damage":3.0,"enemies":"Large Slime","floor":10.0,"turns":4.0},{"damage":8.0,"enemies":"Gremlin Nob","floor":12.0,"turns":4.0},{"damage":0.0,"enemies":"Exordium Thugs","floor":14.0,"turns":5.0},{"damage":36.0,"enemies":"The Guardian","floor":16.0,"turns":11.0},{"damage":0.0,"enemies":"Chosen","floor":18.0,"turns":4.0},{"damage":5.0,"enemies":"2 Thieves","floor":19.0,"turns":5.0},{"damage":22.0,"enemies":"Shelled Parasite and Fungi","floor":21.0,"turns":6.0},{"damage":8.0,"enemies":"Centurion and Healer","floor":24.0,"turns":7.0},{"damage":0.0,"enemies":"Sentry and Sphere","floor":27.0,"turns":10.0},{"damage":20.0,"enemies":"Shelled Parasite and Fungi","floor":28.0,"turns":8.0},{"damage":1.0,"enemies":"Snake Plant","floor":29.0,"turns":5.0},{"damage":8.0,"enemies":"Colosseum Slavers","floor":30.0,"turns":4.0},{"damage":15.0,"enemies":"Colosseum Nobs","floor":30.0,"turns":3.0},{"damage":16.0,"enemies":"Sentry and Sphere","floor":31.0,"turns":9.0},{"damage":0.0,"enemies":"Automaton","floor":33.0,"turns":23.0},{"damage":26.0,"enemies":"3 Shapes","floor":35.0,"turns":5.0},{"damage":0.0,"enemies":"Orb Walker","floor":36.0,"turns":6.0},{"damage":6.0,"enemies":"Writhing Mass","floor":38.0,"turns":12.0},{"damage":6.0,"enemies":"4 Shapes","floor":39.0,"turns":1.0},{"damage":6.0,"enemies":"Transient","floor":41.0,"turns":5.0},{"damage":5.0,"enemies":"Reptomancer","floor":44.0,"turns":11.0},{"damage":0.0,"enemies":"3 Darklings","floor":47.0,"turns":5.0},{"damage":13.0,"enemies":"Jaw Worm Horde","floor":48.0,"turns":4.0},{"damage":37,"enemies":"Donu and Deca","floor":50,"turns":8}],"seed_played":"6987243717407016210","potions_obtained":[{"floor":1.0,"key":"LiquidBronze"},{"floor":3.0,"key":"Block Potion"},{"floor":7.0,"key":"Fire Potion"},{"floor":10.0,"key":"DuplicationPotion"},{"floor":12.0,"key":"BloodPotion"},{"floor":21.0,"key":"SteroidPotion"},{"floor":33.0,"key":"PowerPotion"},{"floor":35.0,"key":"Weak Potion"},{"floor":44.0,"key":"SpeedPotion"},{"floor":48.0,"key":"PowerPotion"}],"is_trial":false,"path_per_floor":["M","M","M","M","?","R","E","R","T","M","$","E","?","M","R","B",null,"M","M","?","M","$","R","M","$","T","M","M","M","?","M","R","B",null,"M","M","$","M","M","R","M","?","T","E","$","R","M","M","R","B",null],"character_chosen":"IRONCLAD","items_purchased":["Feel No Pain","Pummel","Impervious","Impervious","Dark Embrace","Bronze Scales"],"campfire_rested":0,"item_purchase_floors":[11,11,22,25,37,45],"current_hp_per_floor":[70,74,80,71,64,64,57,57,57,60,60,68,68,74,74,44,79,85,86,86,88,88,88,86,86,86,90,76,81,70,60,60,90,90,70,76,76,76,76,76,76,76,76,77,90,90,90,83,83,59],"gold":119,"neow_bonus":"THREE_CARDS","is_daily":false,"chose_seed":false,"campfire_upgraded":6,"win_rate":0.0,"timestamp":1608128730,"path_taken":["M","M","M","M","?","R","E","R","T","M","$","E","?","M","R","BOSS","M","M","?","?","$","R","M","$","T","M","M","M","?","M","R","BOSS","M","M","$","M","M","R","M","?","T","E","$","R","M","M","R","BOSS"],"items_purchased_type":["Card","Card","Card","Card","Card","Relic"],"build_version":"2020-12-13","purchased_purges":2,"victory":true,"max_hp_per_floor":[80,80,80,80,80,80,80,80,80,80,80,90,90,90,90,90,90,90,90,90,90,90,90,90,90,90,90,90,90,90,90,90,90,90,90,90,90,90,90,90,90,90,90,90,90,90,90,90,90,90],"card_choices":[{"not_picked":["Warcry","Wild Strike"],"picked":"Anger","floor":0.0},{"not_picked":["Wild Strike","Shockwave"],"picked":"Sever Soul","floor":1.0},{"not_picked":["Spot Weakness","Havoc"],"picked":"Whirlwind","floor":2.0},{"not_picked":["Metallicize","True Grit"],"picked":"Flame Barrier","floor":3.0},{"not_picked":["Body Slam","Burning Pact"],"picked":"Power Through","floor":4.0},{"not_picked":["Inflame","Pommel Strike"],"picked":"Second Wind","floor":7.0},{"not_picked":["Rupture","Armaments"],"picked":"Power Through","floor":10.0},{"not_picked":["Fire Breathing","Heavy Blade","Flex"],"picked":"SKIP","floor":12.0},{"not_picked":["Perfected Strike","Heavy Blade"],"picked":"Pummel","floor":14.0},{"not_picked":["Fiend Fire","Corruption"],"picked":"Barricade","floor":16.0},{"not_picked":["Combust","Clothesline","Armaments"],"picked":"SKIP","floor":18.0},{"not_picked":["Fire Breathing","Thunderclap+1"],"picked":"Warcry+1","floor":19.0},{"not_picked":["Rupture","Thunderclap","Clash"],"picked":"SKIP","floor":21.0},{"not_picked":["Heavy Blade+1","Anger","Clash+1"],"picked":"SKIP","floor":24.0},{"not_picked":["Combust+1","Clothesline","Whirlwind+1"],"picked":"SKIP","floor":27.0},{"not_picked":["Havoc+1","Fire Breathing","Bloodletting"],"picked":"SKIP","floor":28.0},{"not_picked":["Second Wind+1","Wild Strike","Armaments"],"picked":"SKIP","floor":29.0},{"not_picked":["Bludgeon","Iron Wave","Wild Strike"],"picked":"SKIP","floor":31.0},{"not_picked":["Clash+1","Twin Strike+1","Wild Strike"],"picked":"SKIP","floor":35.0},{"not_picked":["Reckless Charge","Perfected Strike+1","Clash"],"picked":"SKIP","floor":36.0},{"not_picked":["Headbutt","Cleave","Flame Barrier"],"picked":"SKIP","floor":38.0},{"not_picked":["Shrug It Off+1","Rampage+1"],"picked":"Seeing Red+1","floor":39.0},{"not_picked":["Clash","Combust+1","Havoc+1"],"picked":"SKIP","floor":41.0},{"not_picked":["Anger+1","Perfected Strike+1"],"picked":"Feel No Pain+1","floor":44.0},{"not_picked":["Thunderclap","Flex+1"],"picked":"Sever Soul+1","floor":47.0},{"not_picked":["Berserk","Whirlwind","Cleave+1"],"picked":"SKIP","floor":48.0}],"player_experience":419228,"relics_obtained":[{"floor":7.0,"key":"War Paint"},{"floor":9.0,"key":"Bag of Marbles"},{"floor":12.0,"key":"Pear"},{"floor":26.0,"key":"Anchor"},{"floor":30.0,"key":"Peace Pipe"},{"floor":30.0,"key":"Pantograph"},{"floor":34.0,"key":"Oddly Smooth Stone"},{"floor":34.0,"key":"Sundial"},{"floor":34.0,"key":"Thread and Needle"},{"floor":43.0,"key":"MealTicket"},{"floor":44.0,"key":"Mercury Hourglass"}],"event_choices":[{"cards_removed":["Strike_R"],"damage_healed":0.0,"max_hp_gain":0.0,"max_hp_loss":0.0,"gold_gain":0.0,"event_name":"Golden Wing","player_choice":"Card Removal","floor":5.0,"gold_loss":0.0,"damage_taken":7.0},{"cards_removed":["Defend_R"],"damage_healed":0.0,"max_hp_gain":0.0,"max_hp_loss":0.0,"gold_gain":0.0,"event_name":"Living Wall","player_choice":"Forget","floor":13.0,"gold_loss":0.0,"damage_taken":0.0},{"cards_removed":["Strike_R"],"damage_healed":0.0,"max_hp_gain":0.0,"max_hp_loss":0.0,"gold_gain":0.0,"event_name":"Bonfire Elementals","player_choice":"Offered Basic","floor":20.0,"gold_loss":0.0,"damage_taken":0.0},{"damage_healed":0.0,"max_hp_gain":0.0,"max_hp_loss":0.0,"gold_gain":0.0,"event_name":"Colosseum","player_choice":"Fight","floor":30.0,"gold_loss":0.0,"damage_taken":0.0},{"damage_healed":0.0,"max_hp_gain":0.0,"max_hp_loss":0.0,"gold_gain":0.0,"event_name":"Colosseum","player_choice":"Fought Nobs","floor":30.0,"gold_loss":0.0,"damage_taken":0.0},{"cards_removed":["Impervious"],"damage_healed":0.0,"max_hp_gain":0.0,"max_hp_loss":0.0,"gold_gain":0.0,"event_name":"Falling","player_choice":"Removed Skill","floor":42.0,"gold_loss":0.0,"damage_taken":0.0}],"is_beta":false,"boss_relics":[{"not_picked":["Astrolabe","Runic Cube"],"picked":"Mark of Pain"},{"not_picked":["Black Star","Busted Crown"],"picked":"Calling Bell"}],"items_purged_floors":[11,37],"is_endless":false,"potions_floor_spawned":[1,3,7,10,12,18,21,24,28,33,35,44,48],"ascension_level":7}}