{"host":"1c52r9kaxdyo25eq","time":1608122762,"event":{"mods":["AchievementEnabler","BaseMod","Minty Spire (QoL Compilation)","Rare Cards Sparkle","SuperFastMode","everything is the same but u backflip on backflip"],"gold_per_floor":[115,40,40,54,54,98,98,173,173,84,108,8,8,23,23,23,23],"floor_reached":16,"playtime":235,"items_purged":["Strike_G","Strike_G"],"score":246,"play_id":"e7facf12-23c9-4c02-a715-52e64e7ee7ca","local_time":"20201216214602","is_ascension_mode":true,"campfire_choices":[{"data":"Prepared","floor":7.0,"key":"SMITH"},{"data":"Acrobatics","floor":15.0,"key":"SMITH"}],"circlet_count":0,"master_deck":["AscendersBane","Strike_G","Strike_G","Strike_G","Defend_G","Defend_G","Defend_G","Defend_G","Defend_G","Survivor","Neutralize","Eviscerate","Prepared+1","Acrobatics+1"],"relics":["Ring of the Snake","NeowsBlessing","Golden Idol","Juzu Bracelet","Ancient Tea Set","Happy Flower"],"acts_visited":["Exordium"],"potions_floor_usage":[16],"damage_taken":[{"damage":0.0,"enemies":"Jaw Worm","floor":1.0,"turns":1.0},{"damage":0.0,"enemies":"Small Slimes","floor":4.0,"turns":1.0},{"damage":0.0,"enemies":"3 Sentries","floor":6.0,"turns":2.0},{"damage":0.0,"enemies":"Cultist","floor":11.0,"turns":3.0},{"damage":3.0,"enemies":"Looter","floor":14.0,"turns":3.0},{"damage":57,"enemies":"Hexaghost","floor":16,"turns":12}],"seed_played":"2214994253058881536","potions_obtained":[{"floor":4.0,"key":"FairyPotion"},{"floor":5.0,"key":"Regen Potion"}],"is_trial":false,"path_per_floor":["M","$","?","M","?","E","R","?","T","?","M","$","$","M","R","B"],"character_chosen":"THE_SILENT","items_purchased":[],"campfire_rested":0,"item_purchase_floors":[],"current_hp_per_floor":[59,59,36,36,36,36,36,25,25,25,25,25,25,22,22,1,1],"gold":23,"neow_bonus":"THREE_ENEMY_KILL","is_daily":false,"chose_seed":false,"campfire_upgraded":2,"win_rate":0.0,"timestamp":1608122762,"path_taken":["M","$","?","M","?","E","R","?","T","?","M","?","$","M","R","BOSS"],"items_purchased_type":[],"build_version":"2020-12-13","purchased_purges":2,"victory":false,"max_hp_per_floor":[66,66,66,66,66,66,66,66,66,66,66,66,66,66,66,66,66],"card_choices":[{"not_picked":["Cloak And Dagger","Bane"],"picked":"Eviscerate","floor":1.0},{"not_picked":["Dash","Heel Hook"],"picked":"Prepared","floor":4.0},{"not_picked":["Expertise","Distraction","Night Terror"],"picked":"SKIP","floor":6.0},{"not_picked":["Deflect","Bane","Dodge and Roll"],"picked":"SKIP","floor":11.0},{"not_picked":["Underhanded Strike","Dagger Throw"],"picked":"Acrobatics","floor":14.0}],"player_experience":486379,"relics_obtained":[{"floor":6.0,"key":"Juzu Bracelet"},{"floor":9.0,"key":"Ancient Tea Set"}],"event_choices":[{"damage_healed":0.0,"max_hp_gain":0.0,"max_hp_loss":0.0,"gold_gain":0.0,"event_name":"Golden Idol","player_choice":"Take Damage","floor":3.0,"gold_loss":0.0,"damage_taken":23.0,"relics_obtained":["Golden Idol"]},{"damage_healed":0.0,"max_hp_gain":0.0,"max_hp_loss":0.0,"gold_gain":0.0,"event_name":"Lab","player_choice":"Got Potions","floor":5.0,"gold_loss":0.0,"damage_taken":0.0},{"damage_healed":0.0,"max_hp_gain":0.0,"max_hp_loss":0.0,"gold_gain":75.0,"event_name":"World of Goop","player_choice":"Gather Gold","floor":8.0,"gold_loss":0.0,"damage_taken":11.0},{"damage_healed":0.0,"max_hp_gain":0.0,"max_hp_loss":0.0,"gold_gain":0.0,"event_name":"WeMeetAgain","player_choice":"Paid Gold","floor":10.0,"gold_loss":89.0,"damage_taken":0.0,"relics_obtained":["Happy Flower"]}],"is_beta":false,"boss_relics":[],"items_purged_floors":[2,12],"is_endless":false,"potions_floor_spawned":[4,11],"killed_by":"Hexaghost","ascension_level":20}}