{"host":"i3w38rq1z4slkels","time":1608111739,"event":{"mods":["2.2 Compatiblity","Act Like it!","BaseMod","Better Match","Better Vampires","BetterRewards","Conspire","Downfall","Minty Spire (QoL Compilation)","Rare Cards Sparkle","Replay The Spire","StSLib"],"gold_per_floor":[99,112,112,37,37,37,91,123,48,74,92,112,112,112,22,37,56,156,156,81,100,100,100,100,118,172,182,182,128,138,138,138,138,153,251,251,251,251,251,263,263,263,263,263,163,163,183,35,55,55,68,68,68,97,97,97,97],"floor_reached":58,"playtime":3353,"items_purged":["sneckomod:Bewildered","sneckomod:Strike"],"score":1311,"play_id":"9b39328a-d3cf-4336-9f51-8e888002da5f","local_time":"20201216164219","is_ascension_mode":true,"campfire_choices":[{"floor":1,"key":"RECALL"},{"data":"sneckomod:Restock","floor":4,"key":"SMITH"},{"data":"sneckomod:Unknown","floor":9,"key":"SMITH"},{"data":"sneckomod:MorePower","floor":20,"key":"SMITH"},{"data":"sneckomod:CheapStock","floor":22,"key":"SMITH"},{"data":"sneckomod:Unknown","floor":24,"key":"SMITH"},{"data":"sneckomod:SnekBite","floor":28,"key":"SMITH"},{"data":"sneckomod:PureSnecko","floor":37,"key":"SMITH"},{"data":"sneckomod:TailWhip","floor":39,"key":"SMITH"},{"data":"sneckomod:UnknownClassRED","floor":42,"key":"SMITH"},{"data":"sneckomod:SoulDraw","floor":44,"key":"SMITH"},{"data":"sneckomod:Defend","floor":46,"key":"SMITH"},{"floor":56,"key":"REST"}],"circlet_count":0,"master_deck":["sneckomod:Strike","sneckomod:Defend","sneckomod:Defend+1","sneckomod:TailWhip+1","sneckomod:SnekBite+1","sneckomod:Unknown+1","sneckomod:Unknown+1","sneckomod:Restock+1","sneckomod:ImprovisedAttack+1","sneckomod:MorePower+1","sneckomod:SoulDraw+1","sneckomod:CheapStock+1","sneckomod:UnknownRareAttack+1","sneckomod:UnknownRarePower+1","sneckomod:UnknownRareSkill+1","sneckomod:Unknown3Cost+1","sneckomod:PureSnecko+1","sneckomod:UnknownClassRED+1","sneckomod:UnknownRarePower+1","sneckomod:UnknownRareAttack+1","sneckomod:UnknownRarePower+1","sneckomod:CheapStock"],"relics":["sneckomod:SneckoSoul","downfall:HeartBlessingRed","Ring of Panic","Mummified Hand","downfall:HeartBlessingBlue","ReplayTheSpireMod:TigerMarble","expansioncontent:StudyCardRelic","downfall:HeartBlessingGreen","sneckomod:BabySnecko","Replay:Baseball","Pen Nib","Tiny Chest","Snack Pack","Painkiller Herb","Mercury Hourglass","Shuriken","Anchor","Divine Protection"],"acts_visited":["Exordium","TheCity","TheBeyond","TheEnding"],"potions_floor_usage":[29,29,35,47,57],"damage_taken":[{"damage":5,"enemies":"Small Slimes","floor":2,"turns":5},{"damage":15,"enemies":"Lagavulin","floor":8,"turns":4},{"damage":4,"enemies":"3 Sentries","floor":10,"turns":2},{"damage":2,"enemies":"2 Louse","floor":11,"turns":1},{"damage":0,"enemies":"Cultist","floor":12,"turns":1},{"damage":5,"enemies":"downfall:FleeingMerchant","floor":15,"turns":4},{"damage":2,"enemies":"Exordium Wildlife","floor":16,"turns":3},{"damage":1,"enemies":"2 Fungi Beasts","floor":17,"turns":2},{"damage":0,"enemies":"downfall:Watcher","floor":18,"turns":3},{"damage":0,"enemies":"Chosen","floor":21,"turns":2},{"damage":3,"enemies":"3 Byrds","floor":25,"turns":2},{"damage":0,"enemies":"Snake Plant","floor":27,"turns":2},{"damage":10,"enemies":"downfall:FleeingMerchant","floor":29,"turns":3},{"damage":9,"enemies":"Centurion and Healer","floor":30,"turns":2},{"damage":0,"enemies":"Shelled Parasite and Fungi","floor":34,"turns":1},{"damage":50,"enemies":"downfall:Silent","floor":35,"turns":4},{"damage":0,"enemies":"3 Darklings","floor":40,"turns":1},{"damage":19,"enemies":"3 Shapes","floor":47,"turns":2},{"damage":23,"enemies":"Spire Growth","floor":49,"turns":3},{"damage":3,"enemies":"Maw","floor":51,"turns":4},{"damage":0,"enemies":"downfall:Defect","floor":52,"turns":2},{"damage":49,"enemies":"downfall:CharBossMerchant","floor":54,"turns":5},{"damage":49,"enemies":"downfall:NeowBoss","floor":57,"turns":17}],"seed_played":"9182435021665395869","potions_obtained":[{"floor":10,"key":"SkillPotion"},{"floor":11,"key":"Dexterity Potion"},{"floor":16,"key":"Dexterity Potion"},{"floor":27,"key":"AttackPotion"},{"floor":30,"key":"sneckomod:MuddlingPotion"},{"floor":34,"key":"SpeedPotion"},{"floor":49,"key":"Death Potion"}],"is_trial":false,"path_per_floor":["R","M","?","R","?","?","T","E","R","E","M","M","PTL","PTL","$","M","M","B",null,"R","M","R","?","R","M","T","M","R","$","M","$","T","?","M","B",null,"T","?","T","?","T","T","T","T","?","T","?","T","?","T","?","B",null,"E","T","T","B",null],"character_chosen":"THE_SNECKO","items_purchased":["sneckomod:CheapStock","Pen Nib","Tiny Chest","Anchor"],"campfire_rested":1,"item_purchase_floors":[15,29,29,48],"current_hp_per_floor":[90,85,85,85,85,85,85,70,80,76,76,76,76,76,71,70,69,88,102,102,103,103,103,103,100,100,100,100,91,86,86,86,87,94,51,106,106,106,106,106,106,106,106,106,106,106,89,89,84,84,88,92,108,61,61,93,108],"gold":97,"neow_bonus":"ONE_RANDOM_RARE_CARD","is_daily":false,"chose_seed":false,"campfire_upgraded":11,"win_rate":0.0,"timestamp":1608111739,"path_taken":["R","M","?","R","?","?","T","E","R","E","M","M","PTL","PTL","$","M","M","BOSS","R","M","R","?","R","M","T","M","R","?","M","$","?","?","M","BOSS","T","?","T","?","?","T","T","T","?","T","?","T","?","T","?","BOSS","E","T","T","BOSS"],"items_purchased_type":["Card","Relic","Relic","Relic"],"build_version":"2020-12-13","purchased_purges":2,"victory":true,"max_hp_per_floor":[90,90,90,90,90,90,90,90,100,100,100,100,100,100,100,101,101,102,102,102,103,103,103,103,103,103,103,103,104,104,104,104,105,105,106,106,106,106,106,106,106,106,106,106,106,106,106,106,107,107,108,108,108,108,108,108,108],"card_choices":[{"not_picked":["sneckomod:UnknownClassGREEN","sneckomod:UnknownBlock","sneckomod:UnknownClassPURPLE"],"picked":"SKIP","floor":2},{"not_picked":["sneckomod:Nope","sneckomod:DiceCrush","sneckomod:IronFang"],"picked":"SKIP","floor":8},{"not_picked":["sneckomod:Unknown0Cost","sneckomod:UnknownEthereal"],"picked":"sneckomod:MorePower","floor":10},{"not_picked":["sneckomod:UnknownClassTHE_CHAMP_GRAY+1","sneckomod:UnknownExhaust+1","sneckomod:UnknownBlock+1"],"picked":"SKIP","floor":11},{"not_picked":["sneckomod:UnknownClassSLIMEBOUND","sneckomod:DiceCrush","sneckomod:QuickMove"],"picked":"SKIP","floor":11},{"not_picked":["sneckomod:SoulRoll","sneckomod:UnknownVulnerable"],"picked":"sneckomod:SoulDraw","floor":12},{"not_picked":["sneckomod:UnknownClassPURPLE+1","sneckomod:UnknownEthereal+1","sneckomod:UnknownBlock+1"],"picked":"SKIP","floor":15},{"not_picked":["sneckomod:UnknownBlock","sneckomod:UnknownStrike","sneckomod:Nope"],"picked":"SKIP","floor":15},{"not_picked":["sneckomod:UnknownClassBLUE+1","sneckomod:UnknownX+1"],"picked":"sneckomod:UnknownRareAttack+1","floor":16},{"not_picked":["sneckomod:RainOfDice","sneckomod:DiceBoulder","sneckomod:UnknownVulnerable"],"picked":"SKIP","floor":16},{"not_picked":["sneckomod:UnknownClassTHE_CHAMP_GRAY+1","sneckomod:UnknownUncommonAttack+1","sneckomod:UnknownVulnerable+1"],"picked":"SKIP","floor":17},{"not_picked":["sneckomod:SnakeSap","sneckomod:UnknownX","sneckomod:IronFang"],"picked":"SKIP","floor":17},{"not_picked":["sneckomod:UnknownEthereal+1","sneckomod:UnknownClassBLUE+1"],"picked":"sneckomod:UnknownRarePower+1","floor":18},{"not_picked":["sneckomod:UnknownRareAttack+1","sneckomod:UnknownEthereal+1"],"picked":"sneckomod:UnknownRareSkill+1","floor":21},{"not_picked":["sneckomod:Unknown1Cost","sneckomod:UnknownUncommonPower","sneckomod:RainOfDice"],"picked":"SKIP","floor":21},{"not_picked":["sneckomod:UnknownCommonSkill+1","sneckomod:UnknownCommonAttack+1","sneckomod:UnknownEthereal+1"],"picked":"SKIP","floor":25},{"not_picked":["sneckomod:UnknownClassPURPLE","sneckomod:UnknownBlock","sneckomod:UnknownColorless"],"picked":"SKIP","floor":25},{"not_picked":["sneckomod:UnknownCommonAttack+1","sneckomod:UnknownWeak+1","sneckomod:UnknownClassRED+1"],"picked":"SKIP","floor":27},{"not_picked":["sneckomod:Nope","sneckomod:SoulRoll","sneckomod:DiceCrush"],"picked":"SKIP","floor":27},{"not_picked":["sneckomod:UnknownClassBLUE+1","sneckomod:UnknownClassGUARDIAN+1"],"picked":"sneckomod:Unknown3Cost+1","floor":29},{"not_picked":["sneckomod:Mudshield","sneckomod:UnknownCommonSkill+1"],"picked":"sneckomod:PureSnecko","floor":29},{"not_picked":["sneckomod:UnknownExhaust+1","sneckomod:UnknownClassSLIMEBOUND+1","sneckomod:UnknownStrike+1"],"picked":"SKIP","floor":30},{"not_picked":["sneckomod:DiceBlock+1","sneckomod:CheapStock","sneckomod:UnknownCommonSkill"],"picked":"SKIP","floor":30},{"not_picked":["sneckomod:UnknownWeak+1","sneckomod:WideSting","sneckomod:Unknown2Cost"],"picked":"SKIP","floor":34},{"not_picked":["sneckomod:UnknownBlock+1","sneckomod:UnknownClassGREEN+1"],"picked":"sneckomod:UnknownRarePower+1","floor":35},{"not_picked":["sneckomod:DiceBlock","sneckomod:QuickMove","sneckomod:UnknownStrike+1"],"picked":"SKIP","floor":40},{"not_picked":["sneckomod:TrashToTreasure","sneckomod:QuickBite","sneckomod:RainOfDice+1"],"picked":"SKIP","floor":47},{"not_picked":["sneckomod:UnknownExhaust+1","sneckomod:UnknownUncommonSkill+1"],"picked":"sneckomod:UnknownRareAttack+1","floor":49},{"not_picked":["sneckomod:UnknownVulnerable+1","sneckomod:IronFang","sneckomod:WideSting+1"],"picked":"SKIP","floor":49},{"not_picked":["sneckomod:UnknownCommonAttack+1","sneckomod:UnknownExhaust+1"],"picked":"sneckomod:UnknownRarePower+1","floor":51},{"not_picked":["sneckomod:Nope+1","sneckomod:DiceCrush+1","sneckomod:SoulDraw+1"],"picked":"SKIP","floor":51},{"not_picked":["sneckomod:SnekBeam+1","sneckomod:ImprovisedGuard+1"],"picked":"sneckomod:CheapStock","floor":54},{"not_picked":["sneckomod:UnknownCommonSkill+1","sneckomod:UnknownClassRED+1","sneckomod:UnknownDexterity+1"],"picked":"SKIP","floor":54}],"player_experience":429415,"relics_obtained":[{"floor":6,"key":"Ring of Panic"},{"floor":8,"key":"Mummified Hand"},{"floor":10,"key":"ReplayTheSpireMod:TigerMarble"},{"floor":26,"key":"Replay:Baseball"},{"floor":32,"key":"Snack Pack"},{"floor":41,"key":"Mercury Hourglass"},{"floor":43,"key":"Shuriken"},{"floor":54,"key":"Divine Protection"}],"event_choices":[{"damage_healed":0,"gold_gain":0,"cards_transformed":["sneckomod:Strike"],"player_choice":"Transformed","damage_taken":0,"max_hp_gain":0,"max_hp_loss":0,"event_name":"Transmorgrifier","floor":33,"gold_loss":0,"cards_obtained":["sneckomod:UnknownClassRED"]}],"is_beta":false,"boss_relics":[{"not_picked":["Tiny House","Ectoplasm"],"picked":"expansioncontent:StudyCardRelic"},{"not_picked":["Honey Jar","SacredBark"],"picked":"Painkiller Herb"}],"items_purged_floors":[29,45],"is_endless":false,"potions_floor_spawned":[10,11,16,17,18,27,30,34,49,51],"ascension_level":1}}