{"host":"31q8uht4v38sth7r","time":1608130155,"event":{"mods":["BaseMod","Colored Map","Downfall","Highlight Path","Minty Spire (QoL Compilation)","Permanent Neow","StSLib"],"gold_per_floor":[99,109,137,148,73,58,58,86,86,86,86],"floor_reached":10,"playtime":1359,"items_purged":[],"score":89,"play_id":"80aedbda-5b93-45f6-a668-07a39b2390d5","local_time":"20201216224915","is_ascension_mode":true,"campfire_choices":[{"floor":1,"key":"RECALL"},{"data":"champ:FocusedBerserking","floor":5,"key":"SMITH"},{"data":"champ:Taunt","floor":9,"key":"SMITH"}],"circlet_count":0,"master_deck":["champ:Strike","champ:Strike","champ:Strike","champ:Strike","champ:Defend","champ:Defend","champ:Defend","champ:Defend","champ:Execute","champ:Taunt+1","champ:FocusedBerserking+1","champ:DeathBlow"],"relics":["champ:ChampionCrown","Ice Cream","Ancient Tea Set","downfall:HeartBlessingRed","champ:FightingForDummies","The Courier"],"acts_visited":["Exordium"],"potions_floor_usage":[10],"damage_taken":[{"damage":21,"enemies":"Small Slimes","floor":2,"turns":4},{"damage":52,"enemies":"3 Sentries","floor":3,"turns":10},{"damage":13,"enemies":"Cultist","floor":4,"turns":4},{"damage":13,"enemies":"downfall:FleeingMerchant","floor":6,"turns":4},{"damage":46,"enemies":"Lagavulin","floor":8,"turns":5},{"damage":31,"enemies":"Gremlin Nob","floor":10,"turns":3}],"seed_played":"3541113689340153964","potions_obtained":[{"floor":2,"key":"BlessingOfTheForge"},{"floor":8,"key":"Strength Potion"}],"is_trial":false,"path_per_floor":["R","M","E","M","R","$","T","E","R","E"],"character_chosen":"THE_CHAMP","items_purchased":[],"campfire_rested":0,"item_purchase_floors":[],"current_hp_per_floor":[63,52,20,22,22,24,24,15,15,0,0],"gold":86,"neow_bonus":"ONE_RARE_RELIC","is_daily":false,"chose_seed":false,"campfire_upgraded":2,"win_rate":0.0,"timestamp":1608130155,"path_taken":["R","M","E","M","R","$","T","E","R","E"],"items_purchased_type":[],"build_version":"2020-12-13","purchased_purges":0,"victory":false,"max_hp_per_floor":[90,90,90,90,90,90,90,90,90,90,90],"card_choices":[{"not_picked":["champ:HeartStrike","champ:RageSigil"],"picked":"champ:FocusedBerserking","floor":2},{"not_picked":["champ:FocusedBerserking","champ:FlashCut","champ:BladeFlurry"],"picked":"SKIP","floor":3},{"not_picked":["champ:StanceDance","champ:BladeFlurry","champ:EnGarde"],"picked":"SKIP","floor":4},{"not_picked":["champ:HeartStrike","champ:GutPunch"],"picked":"champ:DeathBlow","floor":6},{"not_picked":["champ:ViciousMockery","champ:RapidStrikes","champ:PerfectedStrike"],"picked":"SKIP","floor":8}],"player_experience":1045808,"relics_obtained":[{"floor":3,"key":"Ancient Tea Set"},{"floor":7,"key":"champ:FightingForDummies"},{"floor":8,"key":"The Courier"}],"event_choices":[],"is_beta":false,"boss_relics":[],"items_purged_floors":[],"is_endless":false,"potions_floor_spawned":[2,8],"killed_by":"Gremlin Nob","ascension_level":4}}