{"host":"6ko66ogg91i6g7xq","time":1608097327,"event":{"mods":["AchievementEnabler","Act Like it!","BaseMod","Colored Map","Colored Powertips","Downfall","Hermit","Minty Spire (QoL Compilation)","Quick Restart","Relic Stats","StSLib","The Jungle","everything is the same but u backflip on backflip"],"gold_per_floor":[111,123,123,123,123,162,162,162,162,14,32,73,35,49,49,172,172,192,192,192],"floor_reached":19,"playtime":336,"items_purged":["Regret"],"score":230,"play_id":"b9b14375-e9f3-4087-a139-8ffff23d36b2","local_time":"20201216004207","is_ascension_mode":true,"campfire_choices":[{"floor":8,"key":"RECALL"},{"data":"Deadly Poison","floor":15,"key":"SMITH"}],"circlet_count":0,"master_deck":["Strike_G","Strike_G+1","Strike_G","Strike_G","Strike_G","Defend_G","Defend_G","Defend_G","Defend_G","Defend_G","Survivor","Neutralize+1","Poisoned Stab","Skewer","Deadly Poison+1","Deadly Poison","Envenom","Poisoned Stab"],"relics":["Ring of the Snake","NeowsBlessing","MealTicket","Golden Idol","Thread and Needle","Juzu Bracelet","Membership Card","Singing Bowl"],"acts_visited":["Exordium","TheCity"],"potions_floor_usage":[18],"damage_taken":[{"damage":0,"enemies":"Cultist","floor":1,"turns":1},{"damage":0,"enemies":"Small Slimes","floor":2,"turns":1},{"damage":0,"enemies":"Gremlin Nob","floor":6,"turns":1},{"damage":0,"enemies":"2 Louse","floor":11,"turns":2},{"damage":30,"enemies":"Lagavulin","floor":12,"turns":6},{"damage":0,"enemies":"Blue Slaver","floor":14,"turns":3},{"damage":21,"enemies":"The Guardian","floor":16,"turns":8},{"damage":0,"enemies":"Chosen","floor":18,"turns":4},{"damage":0,"enemies":"3 Byrds","floor":19,"turns":1}],"seed_played":"-603405738639170950","potions_obtained":[{"floor":12,"key":"Strength Potion"},{"floor":14,"key":"Energy Potion"},{"floor":16,"key":"BlessingOfTheForge"}],"is_trial":false,"path_per_floor":["M","M","?","?","?","E","$","R","T","$","M","E","$","M","R","B",null,"M","M"],"character_chosen":"THE_SILENT","items_purchased":["Membership Card"],"campfire_rested":0,"item_purchase_floors":[10],"current_hp_per_floor":[70,70,70,56,39,39,54,54,54,69,69,41,56,58,58,37,74,74,74,74],"gold":192,"neow_bonus":"THREE_ENEMY_KILL","is_daily":false,"chose_seed":false,"campfire_upgraded":1,"win_rate":0.0,"timestamp":1608097327,"path_taken":["M","M","?","?","?","E","$","R","T","$","M","E","$","M","R","BOSS","M","M"],"items_purchased_type":["Relic"],"build_version":"2020-12-13","purchased_purges":1,"victory":false,"max_hp_per_floor":[70,70,70,70,70,70,70,70,70,70,70,72,72,74,74,74,74,74,74,74],"relic_stats":{"Singing Bowl":4,"counters":[9,27],"Golden Idol":52,"MealTicket":45,"Juzu Bracelet":0,"obtain_stats":[{"NeowsBlessing":0,"Singing Bowl":12,"Golden Idol":5,"MealTicket":3,"Thread and Needle":6,"Juzu Bracelet":9,"Membership Card":10,"Ring of the Snake":0},{"NeowsBlessing":0,"Singing Bowl":5,"Golden Idol":2,"MealTicket":2,"Thread and Needle":3,"Juzu Bracelet":3,"Membership Card":3,"Ring of the Snake":0},{"NeowsBlessing":0,"Singing Bowl":11,"Golden Idol":2,"MealTicket":2,"Thread and Needle":3,"Juzu Bracelet":3,"Membership Card":3,"Ring of the Snake":0}],"Ring of the Snake":[18]},"card_choices":[{"not_picked":["Flying Knee","Prepared"],"picked":"Poisoned Stab","floor":1},{"not_picked":["Choke","Outmaneuver"],"picked":"Skewer","floor":2},{"not_picked":["Night Terror","Flechettes"],"picked":"Deadly Poison","floor":6},{"not_picked":["Leg Sweep","Flying Knee"],"picked":"Deadly Poison","floor":11},{"not_picked":["Acrobatics","Blade Dance","Outmaneuver"],"picked":"Singing Bowl","floor":12},{"not_picked":["Bane","Outmaneuver","Blade Dance"],"picked":"Singing Bowl","floor":14},{"not_picked":["A Thousand Cuts","Glass Knife"],"picked":"Envenom","floor":16},{"not_picked":["Prepared+1","Deflect+1"],"picked":"Poisoned Stab","floor":18}],"player_experience":275797,"relics_obtained":[{"floor":6,"key":"Thread and Needle"},{"floor":9,"key":"Juzu Bracelet"},{"floor":12,"key":"Singing Bowl"}],"event_choices":[{"damage_healed":0,"gold_gain":0,"player_choice":"Box","damage_taken":0,"relics_obtained":["MealTicket"],"max_hp_gain":0,"max_hp_loss":0,"event_name":"Big Fish","floor":3,"gold_loss":0,"cards_obtained":["Regret"]},{"damage_healed":0,"gold_gain":0,"player_choice":"Entered Light","damage_taken":14,"max_hp_gain":0,"max_hp_loss":0,"event_name":"Shining Light","floor":4,"gold_loss":0,"cards_upgraded":["Neutralize","Strike_G"]},{"damage_healed":0,"gold_gain":0,"player_choice":"Take Damage","damage_taken":17,"relics_obtained":["Golden Idol"],"max_hp_gain":0,"max_hp_loss":0,"event_name":"Golden Idol","floor":5,"gold_loss":0}],"is_beta":false,"boss_relics":[{"not_picked":["Fusion Hammer","Philosopher\u0027s Stone","Sozu"]}],"items_purged_floors":[13],"is_endless":false,"potions_floor_spawned":[12,14,16],"killed_by":"3 Byrds","ascension_level":3}}