{"host":"tj6tjcyqgbd0xj5u","time":1608082765,"event":{"mods":["Aspiration","BaseMod","Better Match","BetterRewards","Challenge The Spire","Conspire","Defuse TimeMaze Blight","Energized Spire","GifTheSpireLib","Gremlin Mod","Halation","Hubris","Infinite Spire","Minty Spire (QoL Compilation)","Replay The Spire","Reworked Bosses","Robot Space Explorer","Spikes Relics","StSLib","Stuff the Spire","The Gatherer","The Sage","vexMod"],"gold_per_floor":[215,228,12,27,1,1,1,13,93,93,93,111,125,78,78,173,173,188,208,227,227,227],"floor_reached":21,"playtime":577,"items_purged":[],"score":234,"play_id":"ed845d9e-65a3-4be7-8a70-9cfe164dbb06","local_time":"20201215213925","is_ascension_mode":true,"campfire_choices":[{"data":"Cold Snap","floor":6,"key":"SMITH"},{"data":"Ball Lightning","floor":15,"key":"SMITH"}],"circlet_count":0,"master_deck":["Strike_B+1","Strike_B+1","Strike_B+1","Strike_B+1","Defend_B","Defend_B","Defend_B","Defend_B","Zap","Dualcast","StuffTheSpire:Plugnplay","Capacitor","Barrage+1","Cold Snap+1","FIFO Queue+1","ReplayRNGCard","Gash","Rebound","Ball Lightning+1","Gash+1"],"relics":["Cracked Core","hubris:Metronome","vexMod:CursedCompass"],"acts_visited":["Exordium","TheCity"],"potions_floor_usage":[8,16,21,21],"damage_taken":[{"damage":3,"enemies":"Jaw Worm","floor":1,"turns":4},{"damage":1,"enemies":"2 Louse","floor":2,"turns":2},{"damage":4,"enemies":"Small Slimes","floor":4,"turns":3},{"damage":39,"enemies":"Gremlin Gang","floor":8,"turns":6},{"damage":13,"enemies":"3 Louse","floor":12,"turns":3},{"damage":8,"enemies":"Looter","floor":13,"turns":2},{"damage":0,"enemies":"Slime Boss","floor":16,"turns":5},{"damage":16,"enemies":"2 Thieves","floor":18,"turns":3},{"damage":8,"enemies":"Spheric Guardian","floor":19,"turns":3},{"damage":39,"enemies":"3 Cultists","floor":20,"turns":5},{"damage":12,"enemies":"Shelled Parasite and Fungi","floor":21,"turns":1}],"seed_played":"3233612976997883526","potions_obtained":[{"floor":2,"key":"Venom Potion"},{"floor":4,"key":"PowerPotion"},{"floor":12,"key":"FearPotion"},{"floor":20,"key":"Death Potion"}],"is_trial":false,"path_per_floor":["M","M","$","M","$","R","?","M","T","?","?","M","M","$","R","B",null,"M","M","M","M"],"character_chosen":"DEFECT","items_purchased":["infinitespire:Freezer","Capacitor","Cold Snap","Ball Lightning"],"campfire_rested":0,"item_purchase_floors":[3,3,5,14],"current_hp_per_floor":[72,71,71,67,67,67,67,28,28,53,53,40,32,32,32,32,75,59,51,12,0,0],"gold":227,"neow_bonus":"HUNDRED_GOLD","is_daily":false,"chose_seed":false,"campfire_upgraded":2,"win_rate":0.0,"timestamp":1608082765,"path_taken":["M","M","$","M","$","R","?","M","T","?","?","M","M","?","R","BOSS","M","M","M","?"],"items_purchased_type":["Relic","Card","Card","Card"],"build_version":"2020-12-13","purchased_purges":0,"victory":false,"max_hp_per_floor":[75,75,75,75,75,75,75,75,75,75,75,75,75,75,75,75,75,75,75,75,75,75],"card_choices":[{"not_picked":["Force Field","Turbo"],"picked":"StuffTheSpire:Plugnplay","floor":1},{"not_picked":["Lockon","StuffTheSpire:LoadUp"],"picked":"Beam Cell","floor":2},{"not_picked":["Conserve Battery","Go for the Eyes"],"picked":"Barrage","floor":4},{"not_picked":["Steam Power","Conserve Battery"],"picked":"ReplayRNGCard","floor":8},{"not_picked":["Sweeping Beam","ReplayTheSpireMod:Calculation Training"],"picked":"Gash","floor":12},{"not_picked":["ReplaySolidLightProjector","Stack"],"picked":"Rebound","floor":13},{"not_picked":["Conserve Battery","Recycle","hubris:PowerSurge"],"picked":"SKIP","floor":18},{"not_picked":["Cold Snap+1","Conserve Battery+1"],"picked":"Gash+1","floor":19},{"not_picked":["Compile Driver","Rebound","Redo"],"picked":"SKIP","floor":20}],"player_experience":36926,"relics_obtained":[{"floor":9,"key":"hubris:Metronome"}],"event_choices":[{"damage_healed":25,"gold_gain":0,"player_choice":"Banana","damage_taken":0,"max_hp_gain":0,"max_hp_loss":0,"event_name":"Big Fish","floor":10,"gold_loss":0}],"is_beta":false,"boss_relics":[{"not_picked":["aspiration:FutureDiary","Tiny House"],"picked":"vexMod:CursedCompass"}],"items_purged_floors":[],"is_endless":false,"potions_floor_spawned":[2,4,12,20],"killed_by":"Shelled Parasite and Fungi","ascension_level":1}}