{"host":"4qkvkh7pd9qr2mca","time":1608161661,"event":{"mods":["AchievementEnabler","BaseMod","Colored Map","Colored Powertips","Highlight Path","Minty Spire (QoL Compilation)","Permanent Neow","Quick Restart","StSLib","SuperFastMode"],"gold_per_floor":[112,77,88,10,22,22,57,57,57,70,70,82,108,127,127,200,200,218,218,218,268,284,284,313,326,326,326,337,337,89,107,107,186,186,205,185,203,218,47,80,92,134,146,158,187,19,33,50,50,50,50],"floor_reached":52,"playtime":2624,"items_purged":["Writhe","Parasite"],"score":2063,"play_id":"9559b341-2ca9-4bbc-baf2-913d95871a36","local_time":"20201217003421","is_ascension_mode":true,"campfire_choices":[{"data":"Footwork","floor":6,"key":"SMITH"},{"data":"Neutralize","floor":8,"key":"SMITH"},{"data":"Well Laid Plans","floor":11,"key":"SMITH"},{"floor":15,"key":"REST"},{"floor":23,"key":"REST"},{"floor":29,"key":"REST"},{"floor":32,"key":"REST"},{"data":"Catalyst","floor":41,"key":"SMITH"},{"data":"Concentrate","floor":44,"key":"SMITH"},{"floor":49,"key":"REST"}],"circlet_count":0,"master_deck":["AscendersBane","Strike_G+1","Defend_G+1","Defend_G+1","Defend_G+1","Defend_G+1","Defend_G+1","Survivor","Neutralize+1","Corpse Explosion","Blade Dance","Well Laid Plans+1","Footwork+1","Blade Dance","Deflect","Deadly Poison","Adrenaline","Acrobatics","Envenom","Finisher","Catalyst","Cloak And Dagger","Backflip+1","Backflip","Cloak And Dagger+1","Acrobatics+1","Night Terror","Catalyst+1","Adrenaline","Crippling Poison+1","Masterful Stab+1","Cloak And Dagger+1","Concentrate+1","Calculated Gamble","Footwork","Concentrate+1"],"relics":["Ring of the Snake","InkBottle","HornCleat","Ancient Tea Set","Cursed Key","Bottled Flame","Mercury Hourglass","Astrolabe","Lee\u0027s Waffle","MawBank","MealTicket","Orichalcum"],"acts_visited":["Exordium","TheCity","TheBeyond"],"potions_floor_usage":[7,16,33,50],"damage_taken":[{"damage":12,"enemies":"Small Slimes","floor":1,"turns":4},{"damage":0,"enemies":"Jaw Worm","floor":3,"turns":4},{"damage":0,"enemies":"Cultist","floor":5,"turns":4},{"damage":6,"enemies":"3 Sentries","floor":7,"turns":3},{"damage":2,"enemies":"2 Fungi Beasts","floor":10,"turns":3},{"damage":3,"enemies":"Blue Slaver","floor":12,"turns":4},{"damage":27,"enemies":"Gremlin Nob","floor":13,"turns":4},{"damage":12,"enemies":"Large Slime","floor":14,"turns":7},{"damage":0,"enemies":"The Guardian","floor":16,"turns":10},{"damage":2,"enemies":"Spheric Guardian","floor":18,"turns":7},{"damage":47,"enemies":"Chosen","floor":22,"turns":6},{"damage":18,"enemies":"Book of Stabbing","floor":24,"turns":4},{"damage":0,"enemies":"Centurion and Healer","floor":25,"turns":4},{"damage":0,"enemies":"3 Cultists","floor":28,"turns":3},{"damage":0,"enemies":"Cultist and Chosen","floor":31,"turns":4},{"damage":37,"enemies":"Collector","floor":33,"turns":5},{"damage":0,"enemies":"Orb Walker","floor":35,"turns":3},{"damage":0,"enemies":"3 Darklings","floor":37,"turns":1},{"damage":0,"enemies":"Maw","floor":38,"turns":4},{"damage":1,"enemies":"Nemesis","floor":40,"turns":7},{"damage":0,"enemies":"Giant Head","floor":42,"turns":4},{"damage":0,"enemies":"4 Shapes","floor":45,"turns":2},{"damage":19,"enemies":"Writhing Mass","floor":47,"turns":5},{"damage":0,"enemies":"Maw","floor":48,"turns":4},{"damage":15,"enemies":"Time Eater","floor":50,"turns":6},{"damage":19,"enemies":"Donu and Deca","floor":51,"turns":6}],"seed_played":"1446354386940446719","potions_obtained":[{"floor":5,"key":"ColorlessPotion"},{"floor":7,"key":"Strength Potion"},{"floor":12,"key":"Strength Potion"},{"floor":18,"key":"FearPotion"},{"floor":25,"key":"SkillPotion"},{"floor":31,"key":"PowerPotion"},{"floor":36,"key":"SteroidPotion"},{"floor":38,"key":"Block Potion"},{"floor":42,"key":"FairyPotion"}],"is_trial":false,"path_per_floor":["M","?","M","$","M","R","E","R","T","M","R","M","E","M","R","B",null,"M","?","?","?","M","R","E","M","T","?","M","R","$","M","R","B",null,"M","?","M","M","$","E","R","E","T","R","M","$","M","M","R","B","B",null],"character_chosen":"THE_SILENT","items_purchased":["Footwork","Night Terror","Lee\u0027s Waffle","Footwork"],"campfire_rested":5,"item_purchase_floors":[4,30,39,46],"current_hp_per_floor":[47,60,60,60,60,60,54,54,54,52,52,49,22,10,28,28,52,50,50,50,50,3,21,3,3,3,3,3,21,21,21,39,2,46,46,46,46,46,67,66,66,66,66,66,66,64,45,45,64,49,30],"gold":50,"neow_bonus":"THREE_RARE_CARDS","is_daily":false,"chose_seed":false,"campfire_upgraded":5,"win_rate":0.0,"timestamp":1608161661,"path_taken":["M","?","M","$","M","R","E","R","T","M","R","M","E","M","R","BOSS","M","?","?","?","M","R","E","?","T","?","M","R","$","M","R","BOSS","M","?","M","M","$","E","R","E","T","R","M","$","?","M","R","BOSS","BOSS"],"items_purchased_type":["Card","Card","Relic","Card"],"build_version":"2020-12-13","purchased_purges":2,"victory":true,"max_hp_per_floor":[60,60,60,60,60,60,60,60,60,60,60,60,60,60,60,60,60,60,60,60,60,60,60,60,60,60,60,60,60,60,60,60,60,60,60,60,60,60,67,67,67,67,67,67,67,64,64,64,64,64,64],"card_choices":[{"not_picked":["Grand Finale","Glass Knife"],"picked":"Corpse Explosion","floor":0},{"not_picked":["Dodge and Roll","Sucker Punch"],"picked":"Blade Dance","floor":1},{"not_picked":["Dodge and Roll","Dagger Spray"],"picked":"Well Laid Plans","floor":3},{"not_picked":["Escape Plan","Deflect"],"picked":"Blade Dance","floor":5},{"not_picked":["Well Laid Plans","Dodge and Roll"],"picked":"Deflect","floor":7},{"not_picked":["Riddle With Holes","Outmaneuver"],"picked":"Deadly Poison","floor":10},{"not_picked":["Tactician","Underhanded Strike"],"picked":"Adrenaline","floor":12},{"not_picked":["Prepared","Quick Slash","Slice"],"picked":"SKIP","floor":13},{"not_picked":["Setup","Slice"],"picked":"Acrobatics","floor":14},{"not_picked":["Corpse Explosion","Grand Finale"],"picked":"Envenom","floor":16},{"not_picked":["Prepared+1","Terror"],"picked":"Finisher","floor":18},{"not_picked":["Cloak And Dagger","Bane"],"picked":"Backflip+1","floor":22},{"not_picked":["Endless Agony","Calculated Gamble"],"picked":"Backflip","floor":24},{"not_picked":["Heel Hook","Underhanded Strike+1"],"picked":"Cloak And Dagger+1","floor":25},{"not_picked":["Riddle With Holes","Deadly Poison"],"picked":"Acrobatics+1","floor":28},{"not_picked":["Calculated Gamble+1","Phantasmal Killer"],"picked":"Catalyst","floor":31},{"not_picked":["Doppelganger","Night Terror"],"picked":"Adrenaline","floor":33},{"not_picked":["Expertise","Well Laid Plans+1"],"picked":"Concentrate","floor":35},{"not_picked":["Underhanded Strike+1","Blade Dance","Poisoned Stab"],"picked":"SKIP","floor":37},{"not_picked":["Venomology","Cloak And Dagger+1","Poisoned Stab"],"picked":"SKIP","floor":38},{"not_picked":["Venomology","Cloak And Dagger+1","Poisoned Stab"],"picked":"SKIP","floor":38},{"not_picked":["Heel Hook","Blade Dance+1"],"picked":"Calculated Gamble","floor":40},{"not_picked":["Poisoned Stab","Dodge and Roll","Outmaneuver"],"picked":"SKIP","floor":42},{"not_picked":["Bouncing Flask","Infinite Blades","Dagger Spray"],"picked":"SKIP","floor":45},{"not_picked":["Bouncing Flask","Infinite Blades","Dagger Spray"],"picked":"SKIP","floor":45},{"not_picked":["Quick Slash","Poisoned Stab"],"picked":"Concentrate+1","floor":47},{"not_picked":["Riddle With Holes+1","Bouncing Flask+1","Outmaneuver"],"picked":"SKIP","floor":48}],"player_experience":434872,"relics_obtained":[{"floor":7,"key":"InkBottle"},{"floor":9,"key":"HornCleat"},{"floor":13,"key":"Ancient Tea Set"},{"floor":24,"key":"Bottled Flame"},{"floor":26,"key":"Mercury Hourglass"},{"floor":40,"key":"MawBank"},{"floor":42,"key":"MealTicket"},{"floor":43,"key":"Orichalcum"}],"event_choices":[{"damage_healed":15,"gold_gain":0,"player_choice":"Healed","damage_taken":0,"max_hp_gain":0,"max_hp_loss":0,"event_name":"The Cleric","floor":2,"gold_loss":35},{"damage_healed":0,"gold_gain":0,"player_choice":"Read","damage_taken":0,"max_hp_gain":0,"max_hp_loss":0,"event_name":"The Library","floor":19,"gold_loss":0,"cards_obtained":["Catalyst"]},{"damage_healed":0,"gold_gain":0,"cards_transformed":["Strike_G","Strike_G"],"player_choice":"Became Test Subject","damage_taken":0,"max_hp_gain":0,"max_hp_loss":0,"event_name":"Drug Dealer","floor":20,"gold_loss":0,"cards_obtained":["Masterful Stab","Cloak And Dagger"]},{"damage_healed":0,"gold_gain":50,"player_choice":"Stole From Cult","damage_taken":0,"max_hp_gain":0,"max_hp_loss":0,"event_name":"Nest","floor":21,"gold_loss":0},{"damage_healed":0,"gold_gain":0,"player_choice":"Simplicity","damage_taken":0,"max_hp_gain":0,"max_hp_loss":0,"event_name":"Back to Basics","floor":27,"gold_loss":0,"cards_upgraded":["Strike_G","Strike_G","Strike_G","Defend_G","Defend_G","Defend_G","Defend_G","Defend_G"]},{"damage_healed":0,"gold_gain":0,"player_choice":"Bought 1 Potion","damage_taken":0,"max_hp_gain":0,"max_hp_loss":0,"event_name":"The Woman in Blue","floor":36,"gold_loss":0}],"is_beta":false,"boss_relics":[{"not_picked":["HoveringKite","Coffee Dripper"],"picked":"Cursed Key"},{"not_picked":["Snecko Eye","Black Star"],"picked":"Astrolabe"}],"items_purged_floors":[30,46],"is_endless":false,"potions_floor_spawned":[5,7,12,14,18,25,31,38,42,45],"ascension_level":20}}