{"host":"xrdu44lqyrrw1kvr","time":1608080093,"event":{"mods":["Aspiration","BaseMod","Colored Powertips","Conspire","Jedi Mod","Minty Spire (QoL Compilation)","Potionbrewer","Relic Stats","Replay The Spire","Small Relic Pack","StSLib","The Hayseed","TheBandit"],"gold_per_floor":[116,116,133,11,11,36,36,57,57,91,109,109,122,142,142,238,238,253,270,270,281,281,312,48,48,48,48,65,91,123,123,123,221,221,239,251,57,57,71,71,90,124,172,172,172,205,224,242,242,242,242,242,10,10,10],"floor_reached":54,"playtime":3767,"items_purged":["TheSimpletonMod:Strike_TheSimpleton","TheSimpletonMod:Strike_TheSimpleton"],"score":956,"play_id":"65085504-0d93-4f95-a2f0-478936bc18b1","local_time":"20201216035453","is_ascension_mode":true,"campfire_choices":[{"data":"TheSimpletonMod:ResearchGrant","floor":7,"key":"SMITH"},{"floor":12,"key":"REST"},{"floor":20,"key":"REST"},{"data":"TheSimpletonMod:Ferment","floor":22,"key":"SMITH"},{"floor":25,"key":"REST"},{"floor":27,"key":"REST"},{"floor":31,"key":"REST"},{"floor":40,"key":"RECALL"},{"data":"Apotheosis","floor":45,"key":"SMITH"},{"data":"TheSimpletonMod:LandGrant","floor":49,"key":"SMITH"},{"data":"relicPack:ZaWorld","floor":52,"key":"SMITH"}],"circlet_count":0,"master_deck":["TheSimpletonMod:Strike_TheSimpleton+1","TheSimpletonMod:Strike_TheSimpleton","TheSimpletonMod:Defend_TheSimpleton","TheSimpletonMod:Defend_TheSimpleton","TheSimpletonMod:Defend_TheSimpleton","TheSimpletonMod:Defend_TheSimpleton","TheSimpletonMod:Haymaker","TheSimpletonMod:HitTheSack+1","TheSimpletonMod:Swelter","TheSimpletonMod:ReapAndSquash","TheSimpletonMod:Biorefinement","TheSimpletonMod:Squash","TheSimpletonMod:ResearchGrant+1","TheSimpletonMod:Polyculture","TheSimpletonMod:Germinate","TheSimpletonMod:ToughenUp","TheSimpletonMod:RootDown+1","TheSimpletonMod:SpiceUp","TheSimpletonMod:CropDiversity","relicPack:ZaWorld+1","TheSimpletonMod:Squash","TheSimpletonMod:Rake+1","TheSimpletonMod:Ferment+1","TheSimpletonMod:Ferment+1","Apotheosis+1","TheSimpletonMod:SoilSample+1","TheSimpletonMod:ToughenUp","TheSimpletonMod:DoubleDigging","TheSimpletonMod:Pruning","Panache","TheSimpletonMod:LandGrant+1","TheSimpletonMod:Aerate","TheSimpletonMod:Pruning+1","TheSimpletonMod:VineRipen+1","TheSimpletonMod:ResistantStrain","TheSimpletonMod:VineRipen"],"relics":["TheSimpletonMod:SpudOfTheInnocent","TheSimpletonMod:NightSoil","TheSimpletonMod:TheHarvester","Lantern","Turnip","jedi:arcanewood","Replay:Grab Bag","conspire:SlowCooker","Sozu","relicPack:StarArrow","TheSimpletonMod:GourdCharm","Matryoshka","White Beast Statue","Mercury Hourglass","Anchor","potionbrewer:ToyAutogyro","Whetstone","WristBlade","jedi:bottledfury","jedi:shrinkray","aspiration:FetidBarrel","potionbrewer:Keyblade"],"acts_visited":["Exordium","TheCity","TheBeyond","TheEnding"],"potions_floor_usage":[10,16,21],"damage_taken":[{"damage":2,"enemies":"Jaw Worm","floor":1,"turns":3},{"damage":5,"enemies":"Small Slimes","floor":3,"turns":5},{"damage":14,"enemies":"Replay:BlueRogue","floor":6,"turns":6},{"damage":30,"enemies":"Gremlin Nob","floor":10,"turns":6},{"damage":0,"enemies":"Cultist","floor":11,"turns":4},{"damage":24,"enemies":"Gremlin Gang","floor":13,"turns":6},{"damage":3,"enemies":"Blue Slaver","floor":14,"turns":8},{"damage":7,"enemies":"The Guardian","floor":16,"turns":12},{"damage":27,"enemies":"2 Thieves","floor":18,"turns":5},{"damage":7,"enemies":"Shell Parasite","floor":19,"turns":6},{"damage":18,"enemies":"Shelled Parasite and Fungi","floor":21,"turns":10},{"damage":49,"enemies":"Slavers","floor":23,"turns":10},{"damage":18,"enemies":"Chosen and Byrds","floor":28,"turns":8},{"damage":32,"enemies":"Gremlin Leader","floor":30,"turns":7},{"damage":21,"enemies":"Automaton","floor":33,"turns":10},{"damage":2,"enemies":"Orb Walker","floor":35,"turns":3},{"damage":1,"enemies":"3 Shapes","floor":36,"turns":9},{"damage":3,"enemies":"Transient","floor":39,"turns":6},{"damage":1,"enemies":"4 Shapes","floor":41,"turns":5},{"damage":0,"enemies":"R_Hoarder","floor":42,"turns":8},{"damage":10,"enemies":"Nemesis","floor":46,"turns":11},{"damage":10,"enemies":"Sphere and 2 Shapes","floor":47,"turns":6},{"damage":0,"enemies":"3 Darklings","floor":48,"turns":4},{"damage":52,"enemies":"Donu and Deca","floor":50,"turns":10},{"damage":78,"enemies":"Shield and Spear","floor":54,"turns":5}],"seed_played":"2423263140306045224","potions_obtained":[{"floor":3,"key":"Venom Potion"},{"floor":10,"key":"potionbrewer:CleansingPotion"},{"floor":14,"key":"jedi:StrikingPotion"}],"is_trial":false,"path_per_floor":["M","?","M","$","?","E","R","?","T","E","M","R","M","M","R","B",null,"M","M","R","M","R","E","$","R","T","R","M","T","E","R","R","B",null,"M","M","$","?","M","R","M","E","T","?","R","E","M","M","R","B",null,"R","$","E"],"character_chosen":"THE_SIMPLETON","items_purchased":["TheSimpletonMod:Squash","Apotheosis","Panache","TheSimpletonMod:VineRipen","potionbrewer:Keyblade"],"campfire_rested":5,"item_purchase_floors":[4,24,37,53,53],"current_hp_per_floor":[75,66,65,65,70,60,60,28,28,2,6,30,10,13,37,34,69,46,43,67,53,53,8,8,32,32,56,38,38,10,34,58,41,70,74,80,80,80,80,80,79,80,80,80,80,80,70,74,74,32,68,68,68,0,0],"gold":10,"neow_bonus":"ONE_RANDOM_RARE_CARD","is_daily":false,"chose_seed":false,"campfire_upgraded":5,"win_rate":0.0,"timestamp":1608080093,"path_taken":["M","?","M","?","?","E","R","?","T","E","M","R","M","M","R","BOSS","M","M","?","?","?","E","$","R","T","R","M","?","E","?","R","BOSS","M","M","?","?","M","R","?","E","T","?","R","E","M","M","R","BOSS","R","$","E"],"items_purchased_type":["Card","Card","Card","Card","Relic"],"build_version":"2020-12-13","purchased_purges":2,"victory":false,"max_hp_per_floor":[75,75,75,75,80,80,80,80,80,80,80,80,80,80,80,80,80,80,80,80,80,80,80,80,80,80,80,80,80,80,80,80,80,80,80,80,80,80,80,80,80,80,80,80,80,80,80,80,80,80,80,80,80,80,80],"relic_stats":{"Sozu":13,"counters":[25,169],"Turnip":[9],"Whetstone":["TheSimpletonMod:Strike_TheSimpleton","TheSimpletonMod:RootDown"],"obtain_stats":[{"Lantern":6,"aspiration:FetidBarrel":46,"Replay:Grab Bag":17,"relicPack:StarArrow":17,"conspire:SlowCooker":17,"Whetstone":30,"jedi:bottledfury":42,"potionbrewer:ToyAutogyro":29,"White Beast Statue":26,"Mercury Hourglass":26,"jedi:shrinkray":43,"TheSimpletonMod:TheHarvester":0,"Sozu":17,"TheSimpletonMod:GourdCharm":17,"Anchor":29,"Matryoshka":23,"WristBlade":34,"Turnip":8,"TheSimpletonMod:SpudOfTheInnocent":0,"potionbrewer:Keyblade":53,"TheSimpletonMod:NightSoil":0,"jedi:arcanewood":10},{"Lantern":3,"aspiration:FetidBarrel":21,"Replay:Grab Bag":8,"relicPack:StarArrow":8,"conspire:SlowCooker":8,"Whetstone":14,"jedi:bottledfury":20,"potionbrewer:ToyAutogyro":13,"White Beast Statue":12,"Mercury Hourglass":12,"jedi:shrinkray":20,"TheSimpletonMod:TheHarvester":0,"Sozu":8,"TheSimpletonMod:GourdCharm":8,"Anchor":13,"Matryoshka":12,"WristBlade":15,"Turnip":3,"TheSimpletonMod:SpudOfTheInnocent":0,"potionbrewer:Keyblade":24,"TheSimpletonMod:NightSoil":0,"jedi:arcanewood":4},{"Lantern":13,"aspiration:FetidBarrel":144,"Replay:Grab Bag":48,"relicPack:StarArrow":48,"conspire:SlowCooker":48,"Whetstone":93,"jedi:bottledfury":133,"potionbrewer:ToyAutogyro":86,"White Beast Statue":78,"Mercury Hourglass":78,"jedi:shrinkray":133,"TheSimpletonMod:TheHarvester":0,"Sozu":48,"TheSimpletonMod:GourdCharm":48,"Anchor":86,"Matryoshka":78,"WristBlade":102,"Turnip":13,"TheSimpletonMod:SpudOfTheInnocent":0,"potionbrewer:Keyblade":164,"TheSimpletonMod:NightSoil":0,"jedi:arcanewood":19}],"Mercury Hourglass":[388]},"card_choices":[{"not_picked":["TheSimpletonMod:CullingStrike","TheSimpletonMod:ToughenUp"],"picked":"TheSimpletonMod:Swelter","floor":1},{"not_picked":["TheSimpletonMod:Swelter","TheSimpletonMod:Aerate"],"picked":"TheSimpletonMod:Biorefinement","floor":3},{"not_picked":["TheSimpletonMod:Rake","TheSimpletonMod:CropRotation"],"picked":"TheSimpletonMod:ResearchGrant","floor":6},{"not_picked":["TheSimpletonMod:CloseScrape","TheSimpletonMod:Germinate"],"picked":"TheSimpletonMod:Polyculture","floor":8},{"not_picked":["TheSimpletonMod:SlashAndBurn","TheSimpletonMod:Fertilaser"],"picked":"TheSimpletonMod:Germinate","floor":10},{"not_picked":["TheSimpletonMod:CullingStrike","TheSimpletonMod:Rototilling"],"picked":"TheSimpletonMod:ToughenUp","floor":11},{"not_picked":["TheSimpletonMod:DigIn","TheSimpletonMod:SaladShooter"],"picked":"TheSimpletonMod:RootDown","floor":13},{"not_picked":["TheSimpletonMod:SlashAndBurn","TheSimpletonMod:SoilSample"],"picked":"TheSimpletonMod:SpiceUp","floor":14},{"not_picked":["TheSimpletonMod:Biorefinement","TheSimpletonMod:CrackOfDawn"],"picked":"TheSimpletonMod:CropDiversity","floor":16},{"not_picked":["TheSimpletonMod:CullingStrike","TheSimpletonMod:SeedCoat"],"picked":"TheSimpletonMod:Squash","floor":18},{"not_picked":["TheSimpletonMod:CloseScrape","TheSimpletonMod:Rototilling"],"picked":"TheSimpletonMod:Rake","floor":19},{"not_picked":["TheSimpletonMod:ControlledBurn","TheSimpletonMod:DigIn"],"picked":"TheSimpletonMod:Ferment","floor":21},{"not_picked":["TheSimpletonMod:Mulch","TheSimpletonMod:CloseScrape"],"picked":"TheSimpletonMod:Ferment+1","floor":23},{"not_picked":["TheSimpletonMod:HitTheSack","TheSimpletonMod:ToughenUp"],"picked":"TheSimpletonMod:SoilSample+1","floor":28},{"not_picked":["TheSimpletonMod:PestManagement","TheSimpletonMod:SeedCoat"],"picked":"TheSimpletonMod:ToughenUp","floor":30},{"not_picked":["TheSimpletonMod:FlashPasteurize","TheSimpletonMod:ErosionControl"],"picked":"TheSimpletonMod:DoubleDigging","floor":33},{"not_picked":["TheSimpletonMod:CloseScrape+1","TheSimpletonMod:RootDown+1"],"picked":"TheSimpletonMod:Pruning","floor":35},{"not_picked":["TheSimpletonMod:SlashAndBurn","TheSimpletonMod:OnionBloom","TheSimpletonMod:CloseScrape"],"picked":"SKIP","floor":36},{"not_picked":["TheSimpletonMod:Mulch+1","TheSimpletonMod:Fertilaser+1"],"picked":"TheSimpletonMod:Aerate","floor":39},{"not_picked":["TheSimpletonMod:Fertilaser+1","TheSimpletonMod:Rototilling"],"picked":"TheSimpletonMod:Pruning+1","floor":41},{"not_picked":["TheSimpletonMod:Rake","TheSimpletonMod:Fertilaser+1","TheSimpletonMod:DigIn"],"picked":"SKIP","floor":42},{"not_picked":["TheSimpletonMod:Fertilaser","TheSimpletonMod:Germinate"],"picked":"TheSimpletonMod:VineRipen+1","floor":46},{"not_picked":["TheSimpletonMod:Sunchoke","TheSimpletonMod:DoubleBarrel"],"picked":"TheSimpletonMod:ResistantStrain","floor":47},{"not_picked":["TheSimpletonMod:ToughenUp+1","TheSimpletonMod:SlashAndBurn","TheSimpletonMod:SaladShooter"],"picked":"SKIP","floor":48}],"player_experience":2069631,"relics_obtained":[{"floor":6,"key":"Lantern"},{"floor":8,"key":"Turnip"},{"floor":10,"key":"jedi:arcanewood"},{"floor":23,"key":"Matryoshka"},{"floor":26,"key":"White Beast Statue"},{"floor":26,"key":"Mercury Hourglass"},{"floor":29,"key":"Anchor"},{"floor":29,"key":"potionbrewer:ToyAutogyro"},{"floor":30,"key":"Whetstone"},{"floor":42,"key":"jedi:bottledfury"},{"floor":43,"key":"jedi:shrinkray"},{"floor":46,"key":"aspiration:FetidBarrel"}],"event_choices":[{"damage_healed":0,"gold_gain":0,"player_choice":"Donut","damage_taken":0,"max_hp_gain":5,"max_hp_loss":0,"event_name":"Big Fish","floor":5,"gold_loss":0},{"damage_healed":0,"gold_gain":0,"player_choice":"1 cards matched","damage_taken":0,"max_hp_gain":0,"max_hp_loss":0,"event_name":"Match and Keep!","floor":38,"gold_loss":0,"cards_obtained":["TheSimpletonMod:LandGrant"]},{"damage_healed":0,"gold_gain":0,"player_choice":"Bought 0 Potions","damage_taken":0,"max_hp_gain":0,"max_hp_loss":0,"event_name":"The Woman in Blue","floor":44,"gold_loss":0}],"is_beta":false,"boss_relics":[{"not_picked":["Runic Dome","TheSimpletonMod:OnionBelt"],"picked":"Replay:Grab Bag"},{"not_picked":["jedi:paperlyon","jedi:battlestandard"],"picked":"conspire:SlowCooker"},{"not_picked":["SlaversCollar","Cursed Key"],"picked":"Sozu"},{"not_picked":["Calling Bell","Astrolabe"],"picked":"relicPack:StarArrow"},{"not_picked":["SacredBark","Replay:Drink Me"],"picked":"TheSimpletonMod:GourdCharm"},{"not_picked":["Runic Pyramid","Kintsugi"],"picked":"WristBlade"}],"items_purged_floors":[4,24],"is_endless":false,"potions_floor_spawned":[3,10,14,18,23,28,30,33,35,36,39,41,42,46,47,48],"killed_by":"Shield and Spear","ascension_level":5}}