{"host":"3h5qf14xt40jhha0","time":1608086534,"event":{"mods":["AlwaysNeverKeys","BaseMod","Colored Powertips","Minty Spire (QoL Compilation)","Permanent Neow","Relic Stats","StSLib"],"gold_per_floor":[116,2,12,12,12,42,42,42,121,121,147,147,147,178,178,256,256,274,289,289,28,43,43,43,43,43],"floor_reached":25,"playtime":1352,"items_purged":["Strike_G","Strike_G"],"score":430,"play_id":"e2b13852-170d-43ec-8c4e-14b5b4b6a841","local_time":"20201215214214","is_ascension_mode":true,"campfire_choices":[{"data":"Leg Sweep","floor":8.0,"key":"SMITH"},{"floor":12.0,"key":"REST"},{"data":"Noxious Fumes","floor":15.0,"key":"SMITH"},{"data":"Bouncing Flask","floor":23.0,"key":"SMITH"}],"circlet_count":0,"master_deck":["AscendersBane","Strike_G","Strike_G","Strike_G","Defend_G","Defend_G","Defend_G","Defend_G","Defend_G","Survivor","Neutralize+1","Poisoned Stab","Predator+1","Leg Sweep+1","Well Laid Plans","Noxious Fumes+1","Bane","Bullet Time","Footwork+1","Night Terror","Bouncing Flask+1","Terror"],"relics":["Ring of the Snake","Tiny Chest","Question Card","Mercury Hourglass","Ninja Scroll","Letter Opener","Lantern","Nunchaku","Snecko Eye"],"acts_visited":["Exordium","TheCity"],"potions_floor_usage":[25],"damage_taken":[{"damage":13.0,"enemies":"Jaw Worm","floor":1.0,"turns":8.0},{"damage":0.0,"enemies":"Small Slimes","floor":3.0,"turns":3.0},{"damage":46.0,"enemies":"Lagavulin","floor":6.0,"turns":10.0},{"damage":5.0,"enemies":"3 Sentries","floor":11.0,"turns":8.0},{"damage":8.0,"enemies":"Lagavulin","floor":14.0,"turns":6.0},{"damage":9.0,"enemies":"Hexaghost","floor":16.0,"turns":9.0},{"damage":7.0,"enemies":"Shell Parasite","floor":18.0,"turns":3.0},{"damage":0.0,"enemies":"2 Thieves","floor":19.0,"turns":4.0},{"damage":0.0,"enemies":"Centurion and Healer","floor":22.0,"turns":6.0},{"damage":43,"enemies":"Cultist and Chosen","floor":25,"turns":3}],"seed_played":"-2720056031902851375","potions_obtained":[{"floor":11.0,"key":"EssenceOfSteel"},{"floor":14.0,"key":"AttackPotion"},{"floor":16.0,"key":"Swift Potion"}],"is_trial":false,"path_per_floor":["M","$","M","?","?","E","?","R","T","T","E","R","?","E","R","B",null,"M","M","?","$","M","R","?","M"],"character_chosen":"THE_SILENT","items_purchased":["Predator","Night Terror","Bouncing Flask"],"campfire_rested":1,"item_purchase_floors":[2,21,21],"current_hp_per_floor":[46,46,46,66,55,9,9,9,9,9,4,23,23,15,15,6,51,44,44,26,26,26,26,26,0,0],"gold":43,"neow_bonus":"RANDOM_COMMON_RELIC","is_daily":false,"chose_seed":false,"campfire_upgraded":3,"win_rate":0.0,"timestamp":1608086534,"path_taken":["M","$","M","?","?","E","?","R","T","?","E","R","?","E","R","BOSS","M","M","?","$","M","R","?","M"],"items_purchased_type":["Card","Card","Card"],"build_version":"2020-12-13","purchased_purges":2,"victory":false,"max_hp_per_floor":[66,66,66,66,66,66,66,66,66,66,66,66,66,66,66,66,66,66,66,71,71,71,71,71,71,71],"relic_stats":{"Nunchaku":[6],"counters":[10,59],"Snecko Eye":[28,32,27,31],"Tiny Chest":1,"Letter Opener":[57],"Question Card":7,"obtain_stats":[{"Lantern":11,"Nunchaku":14,"Ninja Scroll":9,"Snecko Eye":17,"Tiny Chest":0,"Letter Opener":10,"Question Card":5,"Ring of the Snake":0,"Mercury Hourglass":6},{"Lantern":4,"Nunchaku":5,"Ninja Scroll":3,"Snecko Eye":6,"Tiny Chest":0,"Letter Opener":3,"Question Card":2,"Ring of the Snake":0,"Mercury Hourglass":3},{"Lantern":28,"Nunchaku":34,"Ninja Scroll":21,"Snecko Eye":43,"Tiny Chest":0,"Letter Opener":21,"Question Card":11,"Ring of the Snake":0,"Mercury Hourglass":21}],"Ring of the Snake":[12],"Mercury Hourglass":[138]},"card_choices":[{"not_picked":["Deadly Poison","Setup"],"picked":"Poisoned Stab","floor":1.0},{"not_picked":["Prepared","Acrobatics"],"picked":"Leg Sweep","floor":3.0},{"not_picked":["Outmaneuver","Blur","Cloak And Dagger"],"picked":"Well Laid Plans","floor":6.0},{"not_picked":["Calculated Gamble","Corpse Explosion","Masterful Stab"],"picked":"Noxious Fumes","floor":11.0},{"not_picked":["Skewer","Backflip","Crippling Poison"],"picked":"Bane","floor":14.0},{"not_picked":["Venomology","Phantasmal Killer","Night Terror"],"picked":"Bullet Time","floor":16.0},{"not_picked":["Well Laid Plans","Acrobatics","Heel Hook"],"picked":"Footwork+1","floor":18.0},{"not_picked":["Prepared","Slice","Cloak And Dagger","Unload"],"picked":"SKIP","floor":19.0},{"not_picked":["Dagger Throw","Prepared","Deadly Poison"],"picked":"Terror","floor":22.0}],"player_experience":1247379,"relics_obtained":[{"floor":6.0,"key":"Mercury Hourglass"},{"floor":9.0,"key":"Ninja Scroll"},{"floor":10.0,"key":"Letter Opener"},{"floor":11.0,"key":"Lantern"},{"floor":14.0,"key":"Nunchaku"}],"event_choices":[{"damage_healed":22.0,"max_hp_gain":0.0,"max_hp_loss":0.0,"gold_gain":0.0,"event_name":"Big Fish","player_choice":"Banana","floor":4.0,"gold_loss":0.0,"damage_taken":0.0},{"damage_healed":0.0,"max_hp_gain":0.0,"max_hp_loss":0.0,"gold_gain":0.0,"event_name":"Scrap Ooze","player_choice":"Success","floor":5.0,"gold_loss":0.0,"damage_taken":11.0,"relics_obtained":["Question Card"]},{"damage_healed":0.0,"max_hp_gain":0.0,"max_hp_loss":0.0,"gold_gain":0.0,"event_name":"Upgrade Shrine","player_choice":"Upgraded","floor":7.0,"gold_loss":0.0,"damage_taken":0.0,"cards_upgraded":["Predator"]},{"damage_healed":0.0,"max_hp_gain":0.0,"max_hp_loss":0.0,"gold_gain":0.0,"event_name":"Living Wall","player_choice":"Grow","floor":13.0,"gold_loss":0.0,"damage_taken":0.0,"cards_upgraded":["Neutralize"]},{"damage_healed":0.0,"max_hp_gain":5.0,"max_hp_loss":0.0,"gold_gain":0.0,"event_name":"Forgotten Altar","player_choice":"Shed Blood","floor":20.0,"gold_loss":0.0,"damage_taken":23.0},{"damage_healed":0.0,"max_hp_gain":0.0,"max_hp_loss":0.0,"gold_gain":0.0,"event_name":"Ghosts","player_choice":"Ignored","floor":24.0,"gold_loss":0.0,"damage_taken":0.0}],"is_beta":false,"boss_relics":[{"not_picked":["Ring of the Serpent","Calling Bell"],"picked":"Snecko Eye"}],"items_purged_floors":[2,21],"is_endless":false,"potions_floor_spawned":[11,14,16],"killed_by":"Cultist and Chosen","ascension_level":20}}