{"host":"b94931fzay7ri6da","time":1608117599,"event":{"mods":["AchievementEnabler","BaseMod","Colored Map","Colored Powertips","Downfall","Minty Spire (QoL Compilation)","Quick Restart","StSLib","SuperFastMode"],"gold_per_floor":[112,66,66,78,93,124,54,81,81,81,93,40,40,59,59,159,209,228,228,209,56,56,56,81,81,127,127,127,127],"floor_reached":28,"playtime":1081,"items_purged":[],"score":281,"play_id":"f4044f5b-1d98-4fd8-9c93-161e74deb633","local_time":"20201216111959","is_ascension_mode":true,"campfire_choices":[{"floor":10,"key":"REST"},{"floor":15,"key":"REST"},{"floor":23,"key":"DIG"},{"floor":25,"key":"REST"}],"circlet_count":0,"master_deck":["Defend_G","Defend_G","Defend_G","Defend_G+1","Defend_G","Survivor","Neutralize+1","Calculated Gamble","Outmaneuver","Flying Knee+1","Reflex","Phantasmal Killer","Noxious Fumes","Dagger Throw","Poisoned Stab","PiercingWail","Parasite","Acrobatics","Tools of the Trade","Blur","Backflip","Bite","Bite","Bite","Bite","Bite","Dodge and Roll+1","Writhe","Noxious Fumes","expansioncontent:CaCaw"],"relics":["Ring of the Snake","Happy Flower","Shovel","Dead Branch","Whetstone","Tiny House","Tiny Chest","Lantern","The Courier","Nunchaku","Regal Pillow"],"acts_visited":["Exordium","TheCity"],"potions_floor_usage":[8,8,16,24,28],"damage_taken":[{"damage":5,"enemies":"Cultist","floor":1,"turns":4},{"damage":1,"enemies":"Small Slimes","floor":4,"turns":5},{"damage":0,"enemies":"2 Louse","floor":5,"turns":2},{"damage":37,"enemies":"3 Sentries","floor":6,"turns":15},{"damage":30,"enemies":"Gremlin Nob","floor":8,"turns":5},{"damage":21,"enemies":"Exordium Thugs","floor":11,"turns":4},{"damage":0,"enemies":"Looter","floor":14,"turns":4},{"damage":43,"enemies":"Slime Boss","floor":16,"turns":11},{"damage":27,"enemies":"Chosen","floor":18,"turns":6},{"damage":13,"enemies":"2 Thieves","floor":20,"turns":4},{"damage":50,"enemies":"Book of Stabbing","floor":24,"turns":7},{"damage":44,"enemies":"Chosen and Byrds","floor":28,"turns":6}],"seed_played":"-1339227871783983713","potions_obtained":[{"floor":1,"key":"Swift Potion"},{"floor":6,"key":"ColorlessPotion"},{"floor":11,"key":"SkillPotion"},{"floor":14,"key":"Explosive Potion"},{"floor":17,"key":"sneckomod:MuddlingPotion"},{"floor":24,"key":"EssenceOfSteel"}],"is_trial":false,"path_per_floor":["M","$","T","M","M","E","$","E","T","R","M","$","?","M","R","B",null,"M","?","M","$","?","R","E","R","T","?","M"],"character_chosen":"THE_SILENT","items_purchased":["Outmaneuver","Noxious Fumes","PiercingWail","Tiny Chest"],"campfire_rested":3,"item_purchase_floors":[2,7,12,21],"current_hp_per_floor":[72,72,72,71,71,34,34,4,4,27,6,6,25,25,48,5,82,55,55,46,46,46,46,10,27,27,27,0,0],"gold":127,"neow_bonus":"TEN_PERCENT_HP_BONUS","is_daily":false,"chose_seed":false,"campfire_upgraded":0,"win_rate":0.0,"timestamp":1608117599,"path_taken":["M","?","?","?","M","E","?","E","T","R","M","?","?","M","R","BOSS","M","?","M","?","?","R","E","R","T","?","M"],"items_purchased_type":["Card","Card","Card","Relic"],"build_version":"2020-12-13","purchased_purges":0,"victory":false,"max_hp_per_floor":[77,77,77,77,77,77,77,77,77,77,77,77,77,77,77,77,82,82,57,57,57,57,57,57,57,57,57,57,57],"card_choices":[{"not_picked":["Sucker Punch","Backflip"],"picked":"Calculated Gamble","floor":1},{"not_picked":["Slice","Dagger Spray"],"picked":"Flying Knee","floor":4},{"not_picked":["Backflip","Catalyst"],"picked":"Reflex","floor":5},{"not_picked":["Flying Knee","Predator"],"picked":"Phantasmal Killer","floor":6},{"not_picked":["Bouncing Flask","Escape Plan"],"picked":"Dagger Throw","floor":8},{"not_picked":["Outmaneuver","Blade Dance"],"picked":"Poisoned Stab","floor":11},{"not_picked":["Concentrate","Sucker Punch"],"picked":"Acrobatics","floor":14},{"not_picked":["Bullet Time","After Image"],"picked":"Tools of the Trade","floor":16},{"not_picked":["Heel Hook","Dodge and Roll"],"picked":"Blur","floor":17},{"not_picked":["Bane","Dash"],"picked":"Backflip","floor":18},{"not_picked":["Setup","Slice+1"],"picked":"Dodge and Roll+1","floor":20},{"not_picked":["PiercingWail","Poisoned Stab+1"],"picked":"Noxious Fumes","floor":24}],"player_experience":304882,"relics_obtained":[{"floor":3,"key":"Happy Flower"},{"floor":6,"key":"Shovel"},{"floor":8,"key":"Dead Branch"},{"floor":9,"key":"Whetstone"},{"floor":23,"key":"The Courier"},{"floor":24,"key":"Nunchaku"},{"floor":26,"key":"Regal Pillow"}],"event_choices":[{"damage_healed":19,"gold_gain":0,"player_choice":"Healed and dodged fight","damage_taken":0,"max_hp_gain":0,"max_hp_loss":0,"event_name":"Mushrooms","floor":13,"gold_loss":0,"cards_obtained":["Parasite"]},{"damage_healed":0,"gold_gain":0,"player_choice":"Became a vampire","damage_taken":0,"max_hp_gain":0,"max_hp_loss":25,"event_name":"Vampires","floor":19,"gold_loss":0,"cards_obtained":["Bite","Bite","Bite","Bite","Bite"]},{"damage_healed":0,"gold_gain":0,"player_choice":"Opened","damage_taken":0,"relics_obtained":["Lantern"],"max_hp_gain":0,"max_hp_loss":0,"event_name":"The Mausoleum","floor":22,"gold_loss":0,"cards_obtained":["Writhe"]},{"damage_healed":0,"gold_gain":0,"player_choice":"1 cards matched","damage_taken":0,"max_hp_gain":0,"max_hp_loss":0,"event_name":"Match and Keep!","floor":27,"gold_loss":0,"cards_obtained":["expansioncontent:CaCaw"]}],"is_beta":false,"boss_relics":[{"not_picked":["SacredBark","Fusion Hammer"],"picked":"Tiny House"}],"items_purged_floors":[],"is_endless":false,"potions_floor_spawned":[1,6,11,14,24],"killed_by":"Chosen and Byrds","ascension_level":1}}