{"host":"4nqeo0vu1vuav7gg","time":1608126065,"event":{"mods":["AchievementEnabler","BaseMod","Block Reminder","Colored Map","Colored Powertips","Highlight Path","Minty Spire (QoL Compilation)","Quick Restart","Rare Cards Sparkle","Relic Relevance Reorder","StSLib"],"gold_per_floor":[111,186,202,218,183,63,81,81,81,111,111,76,76,107,107,212,212,228,228,228],"floor_reached":19,"playtime":589,"items_purged":["Writhe"],"score":280,"play_id":"323642bc-3761-4f11-9bbf-9f10174b74ff","local_time":"20201216144105","is_ascension_mode":true,"campfire_choices":[{"data":"Zap","floor":11,"key":"SMITH"},{"data":"White Noise","floor":13,"key":"SMITH"},{"floor":15,"key":"REST"}],"circlet_count":0,"master_deck":["AscendersBane","Strike_B","Strike_B","Strike_B","Strike_B","Defend_B","Defend_B","Defend_B","Defend_B","Zap+1","Dualcast","Electrodynamics","Genetic Algorithm","Loop","White Noise+1","Ball Lightning","Capacitor","Regret","Lockon","Loop","Echo Form","Force Field"],"relics":["Cracked Core","Mummified Hand","Bottled Tornado","Bronze Scales","Philosopher\u0027s Stone","Question Card"],"acts_visited":["Exordium","TheCity"],"potions_floor_usage":[10,14,14],"damage_taken":[{"damage":5,"enemies":"Small Slimes","floor":1,"turns":3},{"damage":5,"enemies":"Cultist","floor":3,"turns":3},{"damage":3,"enemies":"2 Louse","floor":4,"turns":4},{"damage":7,"enemies":"Large Slime","floor":7,"turns":4},{"damage":12,"enemies":"Gremlin Nob","floor":10,"turns":3},{"damage":11,"enemies":"Lagavulin","floor":14,"turns":4},{"damage":34,"enemies":"Slime Boss","floor":16,"turns":5},{"damage":40,"enemies":"2 Thieves","floor":18,"turns":4},{"damage":22,"enemies":"Spheric Guardian","floor":19,"turns":3}],"seed_played":"8611822476849581443","potions_obtained":[{"floor":1,"key":"SpeedPotion"},{"floor":3,"key":"LiquidMemories"},{"floor":4,"key":"Fire Potion"},{"floor":10,"key":"DuplicationPotion"}],"is_trial":false,"path_per_floor":["M","?","M","M","?","$","M","?","T","E","R","$","R","E","R","B",null,"M","M"],"character_chosen":"DEFECT","items_purchased":["Ball Lightning","Loop"],"campfire_rested":1,"item_purchase_floors":[6,12],"current_hp_per_floor":[63,56,51,48,66,66,59,59,59,47,47,47,47,36,58,24,62,22,0,0],"gold":228,"neow_bonus":"THREE_RARE_CARDS","is_daily":false,"chose_seed":false,"campfire_upgraded":2,"win_rate":0.0,"timestamp":1608126065,"path_taken":["M","?","M","?","?","$","M","?","T","E","R","$","R","E","R","BOSS","M","M"],"items_purchased_type":["Card","Card"],"build_version":"2020-12-13","purchased_purges":1,"victory":false,"max_hp_per_floor":[75,75,75,75,75,75,75,75,75,75,75,75,75,75,75,75,75,75,75,75],"card_choices":[{"not_picked":["Seek","Echo Form"],"picked":"Electrodynamics","floor":0},{"not_picked":["Steam Power","Beam Cell"],"picked":"Genetic Algorithm","floor":1},{"not_picked":["Coolheaded","Stack"],"picked":"Loop","floor":3},{"not_picked":["Self Repair","Hologram"],"picked":"White Noise","floor":4},{"not_picked":["Aggregate","Streamline"],"picked":"Capacitor","floor":7},{"not_picked":["Steam","Auto Shields"],"picked":"Lockon","floor":10},{"not_picked":["Leap","Recycle","Aggregate"],"picked":"SKIP","floor":14},{"not_picked":["Hyperbeam","Core Surge","Amplify"],"picked":"Echo Form","floor":16},{"not_picked":["Stack","Reinforced Body+1","Beam Cell"],"picked":"Force Field","floor":18}],"player_experience":947607,"relics_obtained":[{"floor":9,"key":"Bottled Tornado"},{"floor":10,"key":"Bronze Scales"},{"floor":14,"key":"Question Card"}],"event_choices":[{"damage_healed":0,"gold_gain":75,"player_choice":"Touch","damage_taken":7,"max_hp_gain":0,"max_hp_loss":0,"event_name":"FaceTrader","floor":2,"gold_loss":0},{"damage_healed":18,"gold_gain":0,"player_choice":"Healed","damage_taken":0,"max_hp_gain":0,"max_hp_loss":0,"event_name":"The Cleric","floor":5,"gold_loss":35},{"damage_healed":0,"gold_gain":0,"player_choice":"Box","damage_taken":0,"relics_obtained":["Mummified Hand"],"max_hp_gain":0,"max_hp_loss":0,"event_name":"Big Fish","floor":8,"gold_loss":0,"cards_obtained":["Regret"]}],"is_beta":false,"boss_relics":[{"not_picked":["Fusion Hammer","Coffee Dripper"],"picked":"Philosopher\u0027s Stone"}],"items_purged_floors":[6],"is_endless":false,"potions_floor_spawned":[1,3,4,10],"killed_by":"Spheric Guardian","ascension_level":12}}