{"host":"gzk4gkgy3zij1c51","time":1608140934,"event":{"mods":["BaseMod","Colored Map","Downfall","Highlight Path","Minty Spire (QoL Compilation)","Relic Stats","StSLib","everything is the same but u backflip on backflip"],"gold_per_floor":[99,127,140,140,157,191,218,143,47,81,105,292,322,334,365,477,489,426,54,54,68,88,105,128,163,88,123,143,79,90,109,129,234,234,234,234,234,234,311,311,334,334,359,359,137,156,176,192,207,207,207,235,1,1,1],"floor_reached":56,"playtime":8944,"items_purged":[],"score":1309,"play_id":"9cbcee05-6b06-4016-8275-b1c1bf7a0468","local_time":"20201216174854","is_ascension_mode":true,"campfire_choices":[{"floor":1.0,"key":"RECALL"},{"floor":8.0,"key":"REST"},{"data":"champ:AdrenalArmor","floor":18.0,"key":"SMITH"},{"data":"Discovery","floor":26.0,"key":"SMITH"},{"data":"Transmutation","floor":35,"key":"SMITH"},{"data":"champ:CalledShot","floor":37,"key":"SMITH"},{"data":"champ:Duel","floor":42,"key":"SMITH"},{"data":"champ:TornadoPunch","floor":44,"key":"SMITH"},{"floor":54,"key":"REST"}],"circlet_count":0,"master_deck":["champ:Strike","champ:Strike","champ:Strike","champ:Strike","champ:Defend","champ:Defend","champ:Defend","champ:Defend","champ:Execute","champ:Taunt+1","champ:AdrenalArmor+1","champ:GutPunch","champ:RisingSlash","champ:BringItOn","champ:Haymaker","champ:EndlessRage","champ:PerfectedStrike","champ:Encircle","champ:Aggression+1","champ:ShieldSigil","champ:DefensiveShout","champ:SteelEdge","champ:BladeFlurry+1","champ:Duel+1","champ:StanceDance","Discovery+1","champ:GladiatorsShout+1","champ:DefensiveStyle","champ:TornadoPunch+1","champ:Circumvent","champ:DeathBlow+1","champ:RapidStrikes+1","champ:GladiatorStyle","champ:CalledShot+1","Transmutation+1","champ:GutPunch","champ:Lariat","champ:Shatter","champ:ShieldSlam","expansioncontent:AwakenDeath","champ:Haymaker+1","champ:CalledShot","champ:ShieldWall","champ:Improvising","champ:ArenaPreparation","champ:MurderStrike","Panache","champ:GladiatorStyle","champ:CrookedStrike"],"relics":["champ:ChampionCrown","Potion Belt","Eternal Feather","Omamori","Guardian:PocketSentry","downfall:HeartBlessingRed","SlaversCollar","downfall:HeartBlessingGreen","champ:BerserkersGuideToSlaughter","Letter Opener","downfall:HeartBlessingBlue","Shuriken","Vajra","expansioncontent:StudyCardRelic","Singing Bowl","Pantograph","Nunchaku","The Courier","Kunai"],"acts_visited":["Exordium","TheCity","TheBeyond","TheEnding"],"potions_floor_usage":[46,50,50,52,55,55],"damage_taken":[{"damage":39.0,"enemies":"Gremlin Nob","floor":2.0,"turns":5.0},{"damage":27.0,"enemies":"Cultist","floor":3.0,"turns":5.0},{"damage":9.0,"enemies":"Small Slimes","floor":5.0,"turns":3.0},{"damage":30.0,"enemies":"Lagavulin","floor":6.0,"turns":4.0},{"damage":18.0,"enemies":"downfall:FleeingMerchant","floor":9.0,"turns":4.0},{"damage":33.0,"enemies":"3 Sentries","floor":10.0,"turns":6.0},{"damage":8.0,"enemies":"Jaw Worm","floor":11.0,"turns":2.0},{"damage":0.0,"enemies":"3 Louse","floor":13.0,"turns":2.0},{"damage":17.0,"enemies":"Blue Slaver","floor":15.0,"turns":2.0},{"damage":30.0,"enemies":"downfall:Watcher","floor":16.0,"turns":7.0},{"damage":18.0,"enemies":"downfall:FleeingMerchant","floor":19.0,"turns":4.0},{"damage":13.0,"enemies":"Chosen","floor":21.0,"turns":3.0},{"damage":10.0,"enemies":"3 Byrds","floor":22.0,"turns":5.0},{"damage":0.0,"enemies":"Snake Plant","floor":23.0,"turns":3.0},{"damage":22.0,"enemies":"Book of Stabbing","floor":25.0,"turns":4.0},{"damage":0.0,"enemies":"Gremlin Leader","floor":27.0,"turns":4.0},{"damage":37.0,"enemies":"Chosen and Byrds","floor":28.0,"turns":4.0},{"damage":15.0,"enemies":"downfall:FleeingMerchant","floor":29.0,"turns":4.0},{"damage":8.0,"enemies":"Centurion and Healer","floor":30.0,"turns":3.0},{"damage":23.0,"enemies":"Snake Plant","floor":31.0,"turns":4.0},{"damage":8.0,"enemies":"Chosen and Byrds","floor":32.0,"turns":4.0},{"damage":64.0,"enemies":"downfall:Defect","floor":33.0,"turns":5.0},{"damage":77,"enemies":"Reptomancer","floor":43,"turns":4},{"damage":36,"enemies":"3 Darklings","floor":46,"turns":3},{"damage":13,"enemies":"Orb Walker","floor":47,"turns":3},{"damage":24,"enemies":"Transient","floor":48,"turns":5},{"damage":15,"enemies":"Writhing Mass","floor":49,"turns":3},{"damage":111,"enemies":"downfall:Silent","floor":50,"turns":4},{"damage":197,"enemies":"downfall:CharBossMerchant","floor":52,"turns":9},{"damage":153,"enemies":"downfall:NeowBoss","floor":55,"turns":23}],"seed_played":"3935608472600436581","potions_obtained":[{"floor":3.0,"key":"FearPotion"},{"floor":5.0,"key":"PowerPotion"},{"floor":11.0,"key":"Dexterity Potion"},{"floor":13.0,"key":"EssenceOfSteel"},{"floor":20.0,"key":"PowerPotion"},{"floor":20.0,"key":"champ:UltimateStancePotion"},{"floor":20.0,"key":"GamblersBrew"},{"floor":25.0,"key":"sneckomod:MuddlingPotion"},{"floor":27.0,"key":"AttackPotion"},{"floor":30.0,"key":"PowerPotion"},{"floor":32.0,"key":"EssenceOfSteel"},{"floor":49,"key":"BlessingOfTheForge"},{"floor":52,"key":"Slimebound:ThreeZeroPotion"}],"is_trial":false,"path_per_floor":["R","E","M","?","M","E","T","R","$","E","M","?","M","?","M","B",null,"R","$","?","M","M","M","T","E","R","E","M","$","M","M","M","B",null,"R","?","R","?","T","$","T","R","E","R","$","M","M","M","M","B",null,"E","$","R","B",null],"character_chosen":"THE_CHAMP","items_purchased":["champ:EndlessRage","champ:PerfectedStrike","champ:BerserkersGuideToSlaughter","champ:Duel","champ:StanceDance","Discovery","champ:CalledShot","Vajra","Transmutation","champ:CalledShot","champ:ShieldWall","champ:Improvising","Panache","champ:GladiatorStyle","champ:CrookedStrike"],"campfire_rested":2,"item_purchase_floors":[9,9,19,19,19,19,29,29,29,45,45,45,53,53,53],"current_hp_per_floor":[90,61,48,30,32,12,12,45,45,33,25,25,25,25,17,11,90,90,90,90,90,90,90,90,79,100,100,100,100,92,84,94,86,100,100,100,100,100,100,100,100,100,65,89,89,85,79,86,79,96,104,27,27,85,99],"gold":1,"neow_bonus":"UPGRADE_CARD","is_daily":false,"chose_seed":false,"campfire_upgraded":6,"win_rate":0.0,"timestamp":1608140934,"path_taken":["R","E","M","?","M","E","T","R","$","E","M","?","M","?","M","BOSS","R","$","?","M","?","M","T","E","R","E","M","$","M","M","M","BOSS","R","?","R","?","?","$","T","R","E","R","?","M","?","M","M","BOSS","E","$","R","BOSS"],"items_purchased_type":["Card","Card","Relic","Card","Card","Card","Card","Relic","Card","Card","Card","Card","Card","Card","Card"],"build_version":"2020-12-13","purchased_purges":0,"victory":true,"max_hp_per_floor":[90,90,90,90,90,90,90,90,90,90,90,90,90,90,90,90,90,90,90,90,90,90,90,90,90,100,100,100,100,100,100,100,100,100,100,100,100,100,100,100,100,100,100,100,100,100,102,104,104,104,104,106,106,106,106],"relic_stats":{"Nunchaku":[12],"Singing Bowl":6,"counters":[30,140],"Shuriken":[26],"Pantograph":46,"Eternal Feather":68,"Letter Opener":[136],"Kunai":[9],"obtain_stats":[{"Potion Belt":2,"downfall:HeartBlessingRed":8,"Singing Bowl":36,"Vajra":29,"champ:ChampionCrown":0,"Eternal Feather":4,"downfall:HeartBlessingGreen":18,"The Courier":43,"Omamori":6,"Guardian:PocketSentry":7,"expansioncontent:StudyCardRelic":34,"Letter Opener":25,"MawBank":10,"SlaversCollar":17,"Nunchaku":41,"downfall:HeartBlessingBlue":26,"Shuriken":27,"Pantograph":39,"champ:BerserkersGuideToSlaughter":19,"Kunai":52},{"Potion Belt":1,"downfall:HeartBlessingRed":4,"Singing Bowl":22,"Vajra":18,"champ:ChampionCrown":0,"Eternal Feather":2,"downfall:HeartBlessingGreen":10,"The Courier":23,"Omamori":4,"Guardian:PocketSentry":4,"expansioncontent:StudyCardRelic":22,"Letter Opener":15,"MawBank":6,"SlaversCollar":10,"Nunchaku":22,"downfall:HeartBlessingBlue":15,"Shuriken":16,"Pantograph":22,"champ:BerserkersGuideToSlaughter":11,"Kunai":29},{"Potion Belt":5,"downfall:HeartBlessingRed":17,"Singing Bowl":86,"Vajra":71,"champ:ChampionCrown":0,"Eternal Feather":10,"downfall:HeartBlessingGreen":40,"The Courier":90,"Omamori":17,"Guardian:PocketSentry":17,"expansioncontent:StudyCardRelic":86,"Letter Opener":59,"MawBank":27,"SlaversCollar":40,"Nunchaku":86,"downfall:HeartBlessingBlue":59,"Shuriken":63,"Pantograph":86,"champ:BerserkersGuideToSlaughter":44,"Kunai":117}]},"card_choices":[{"not_picked":["champ:GladiatorsShout","champ:SkillfulDodge"],"picked":"champ:AdrenalArmor","floor":2.0},{"not_picked":["champ:FocusedGladiator","champ:TornadoPunch"],"picked":"champ:GutPunch","floor":3.0},{"not_picked":["champ:RageSigil","champ:DefensiveShout"],"picked":"champ:RisingSlash","floor":5.0},{"not_picked":["champ:LastStand","champ:FocusedGladiator"],"picked":"champ:BringItOn","floor":6.0},{"not_picked":["champ:FightOn","champ:Lariat"],"picked":"champ:Haymaker","floor":9.0},{"not_picked":["champ:Haymaker","champ:CrookedStrike"],"picked":"champ:Encircle","floor":10.0},{"not_picked":["champ:Control","champ:FocusedGladiator"],"picked":"champ:Aggression","floor":11.0},{"not_picked":["champ:AdrenalArmor","champ:Haymaker"],"picked":"champ:ShieldSigil","floor":13.0},{"not_picked":["champ:EnGarde","champ:FocusedGladiator"],"picked":"champ:DefensiveShout","floor":15.0},{"not_picked":["champ:CheapShot","champ:ShieldSlam"],"picked":"champ:SteelEdge","floor":16.0},{"not_picked":["champ:RageSigil","champ:CrookedStrike+1"],"picked":"champ:BladeFlurry+1","floor":19.0},{"not_picked":["champ:StanceDance","champ:EndlessRage"],"picked":"champ:GladiatorsShout+1","floor":21.0},{"not_picked":["champ:FightOn","champ:Backstep"],"picked":"champ:DefensiveStyle","floor":22.0},{"not_picked":["champ:Shatter","champ:Haymaker"],"picked":"champ:TornadoPunch","floor":23.0},{"not_picked":["champ:DefensiveStyle","champ:CheapShot"],"picked":"champ:Circumvent","floor":25.0},{"not_picked":["champ:CrookedStrike","champ:StanceDance"],"picked":"champ:DeathBlow+1","floor":27.0},{"not_picked":["champ:Control","champ:Aggression"],"picked":"champ:RapidStrikes+1","floor":28.0},{"not_picked":["champ:IronFortress","champ:Duel"],"picked":"champ:GladiatorStyle","floor":29.0},{"not_picked":["champ:EnGarde","champ:BringItOn"],"picked":"champ:GutPunch","floor":30.0},{"not_picked":["champ:AdrenalArmor+1","champ:RageSigil"],"picked":"champ:Lariat","floor":31.0},{"not_picked":["champ:PerfectedStrike+1","champ:DefensiveShout"],"picked":"champ:Shatter","floor":32.0},{"not_picked":["champ:SteelEdge","champ:DancingMaster"],"picked":"champ:ShieldSlam","floor":33.0},{"not_picked":["expansioncontent:SuperHexaguard","expansioncontent:ManipulateTime"],"picked":"expansioncontent:AwakenDeath","floor":38},{"not_picked":["champ:GladiatorsShout+1","champ:SwordSigil+1"],"picked":"champ:Haymaker+1","floor":43},{"not_picked":["champ:DefensiveShout","champ:FightOn"],"picked":"champ:ArenaPreparation","floor":46},{"not_picked":["champ:BringItOn","champ:Encircle+1","champ:GladiatorStyle"],"picked":"Singing Bowl","floor":47},{"not_picked":["champ:RecklessLeap","champ:DefensiveShout+1","champ:GutPunch"],"picked":"Singing Bowl","floor":48},{"not_picked":["champ:Backstep","champ:Haymaker+1"],"picked":"champ:MurderStrike","floor":49},{"not_picked":["champ:RecklessLeap","champ:BladeFlurry","champ:StanceDance+1"],"picked":"Singing Bowl","floor":52}],"player_experience":923160,"relics_obtained":[{"floor":2.0,"key":"Potion Belt"},{"floor":6.0,"key":"Omamori"},{"floor":7.0,"key":"Guardian:PocketSentry"},{"floor":10.0,"key":"MawBank"},{"floor":25.0,"key":"Letter Opener"},{"floor":27.0,"key":"Shuriken"},{"floor":36,"key":"Singing Bowl"},{"floor":39,"key":"Pantograph"},{"floor":41,"key":"Nunchaku"},{"floor":43,"key":"The Courier"},{"floor":52,"key":"Kunai"}],"event_choices":[{"damage_healed":0.0,"max_hp_gain":0.0,"max_hp_loss":0.0,"gold_gain":0.0,"event_name":"Scrap Ooze","player_choice":"Success","floor":4.0,"gold_loss":0.0,"damage_taken":18.0,"relics_obtained":["Eternal Feather"]},{"damage_healed":0.0,"max_hp_gain":0.0,"max_hp_loss":0.0,"gold_gain":0.0,"event_name":"Living Wall","player_choice":"Grow","floor":14.0,"gold_loss":0.0,"damage_taken":0.0,"cards_upgraded":["champ:Aggression"]}],"is_beta":false,"boss_relics":[{"not_picked":["Empty Cage","Philosopher\u0027s Stone"],"picked":"SlaversCollar"},{"not_picked":["Velvet Choker","Pandora\u0027s Box"],"picked":"expansioncontent:StudyCardRelic"}],"items_purged_floors":[],"is_endless":false,"potions_floor_spawned":[3,5,11,13,25,27,30,32,33,43,49,52],"ascension_level":1}}