{"host":"6xsbn6ynqlzwllfm","time":1608126078,"event":{"mods":["2.2 Compatiblity","BaseMod","Bestiary","Colored Map","Colored Powertips","Downfall","Googly Eyes","Highlight Path","Minty Spire (QoL Compilation)","Relic Stats","Slay the Relics Exporter","StSLib"],"gold_per_floor":[165,175,100,50,60,60,71,100,180,180,180,200,200,214,214,214,214],"floor_reached":16,"playtime":804,"items_purged":["Guardian:Strike_Guardian"],"score":163,"play_id":"1efdd1b0-723a-4573-bbdb-8e1315d12166","local_time":"20201216084118","is_ascension_mode":true,"campfire_choices":[{"data":"Guardian:SpikerProtocol","floor":6,"key":"SMITH"},{"data":"Guardian:SpikerProtocol","floor":10,"key":"SMITH"},{"data":"Guardian:RevengeProtocol","floor":13,"key":"SMITH"},{"data":"Guardian:TwinSlam","floor":15,"key":"SMITH"}],"circlet_count":0,"master_deck":["AscendersBane","Guardian:Strike_Guardian","Guardian:Strike_Guardian","Guardian:Strike_Guardian","Guardian:Defend_Guardian+1","Guardian:Defend_Guardian+1","Guardian:Defend_Guardian","Guardian:CurlUp","Guardian:TwinSlam+1","Guardian:SpikerProtocol+1","Guardian:SpikerProtocol+1","Guardian:PrismaticBarrier+1","Guardian:ShieldCharger","Guardian:RevengeProtocol+1","Guardian:PolyBeam"],"relics":["Tiny House","Unceasing Top","Matryoshka","War Paint"],"acts_visited":["Exordium"],"potions_floor_usage":[8,16],"damage_taken":[{"damage":0,"enemies":"Cultist","floor":1,"turns":4},{"damage":4,"enemies":"Jaw Worm","floor":2,"turns":4},{"damage":0,"enemies":"2 Louse","floor":5,"turns":2},{"damage":5,"enemies":"2 Fungi Beasts","floor":7,"turns":4},{"damage":18,"enemies":"Gremlin Nob","floor":8,"turns":4},{"damage":2,"enemies":"Exordium Thugs","floor":12,"turns":5},{"damage":10,"enemies":"3 Louse","floor":14,"turns":3},{"damage":43,"enemies":"The Guardian","floor":16,"turns":14}],"seed_played":"3263670885292910595","potions_obtained":[{"floor":0,"key":"SkillPotion"},{"floor":5,"key":"ColorlessPotion"},{"floor":7,"key":"DuplicationPotion"},{"floor":8,"key":"SneckoOil"},{"floor":14,"key":"GamblersBrew"}],"is_trial":false,"path_per_floor":["M","M","$","?","M","R","M","E","T","R","?","M","R","M","R","B"],"character_chosen":"GUARDIAN","items_purchased":[],"campfire_rested":0,"item_purchase_floors":[],"current_hp_per_floor":[77,73,73,73,73,73,68,50,50,50,47,45,45,35,35,0,0],"gold":214,"neow_bonus":"BOSS_RELIC","is_daily":false,"chose_seed":false,"campfire_upgraded":4,"win_rate":0.0,"timestamp":1608126078,"path_taken":["M","M","?","?","M","R","?","E","T","R","?","M","R","M","R","BOSS"],"items_purchased_type":[],"build_version":"2020-12-13","purchased_purges":1,"victory":false,"max_hp_per_floor":[85,85,85,85,85,85,85,85,85,85,85,85,85,85,85,85,85],"relic_stats":{"counters":[8,40],"War Paint":["Guardian:Defend_Guardian","Guardian:PrismaticBarrier"],"obtain_stats":[{"Tiny House":0,"Matryoshka":9,"Guardian:ModeShifter":0,"War Paint":11,"Unceasing Top":8},{"Tiny House":0,"Matryoshka":5,"Guardian:ModeShifter":0,"War Paint":5,"Unceasing Top":5},{"Tiny House":0,"Matryoshka":18,"Guardian:ModeShifter":0,"War Paint":18,"Unceasing Top":18}],"Unceasing Top":[3]},"card_choices":[{"not_picked":["Guardian:RollAttack","Guardian:WalkerClaw"],"picked":"Guardian:SpikerProtocol","floor":0},{"not_picked":["Guardian:DonusPower","Guardian:WalkerClaw"],"picked":"Guardian:SpikerProtocol","floor":1},{"not_picked":["Guardian:TemporalShield","Guardian:CrystalBeam"],"picked":"Guardian:PrismaticBarrier","floor":2},{"not_picked":["Guardian:TemporalStrike","Guardian:ChargeCore"],"picked":"Guardian:ShieldCharger","floor":5},{"not_picked":["Guardian:Incinerate","Guardian:Gem_Green"],"picked":"Guardian:RevengeProtocol","floor":7},{"not_picked":["Guardian:Incinerate","Guardian:VentSteam"],"picked":"Guardian:Gem_Cyan","floor":8},{"not_picked":["Guardian:PrismaticBeam","Guardian:TemporalShield"],"picked":"Guardian:PolyBeam","floor":12},{"not_picked":["Guardian:Gem_White","Guardian:RollAttack"],"picked":"Guardian:Gem_Blue","floor":14}],"player_experience":1212593,"relics_obtained":[{"floor":8,"key":"Unceasing Top"},{"floor":9,"key":"Matryoshka"}],"event_choices":[{"cards_removed":["Guardian:Defend_Guardian"],"damage_healed":0,"gold_gain":0,"player_choice":"Card Removal","damage_taken":0,"max_hp_gain":0,"max_hp_loss":0,"event_name":"The Cleric","floor":4,"gold_loss":50},{"damage_healed":0,"gold_gain":0,"player_choice":"Success","damage_taken":3,"relics_obtained":["War Paint"],"max_hp_gain":0,"max_hp_loss":0,"event_name":"Scrap Ooze","floor":11,"gold_loss":0}],"is_beta":false,"boss_relics":[],"items_purged_floors":[3],"is_endless":false,"potions_floor_spawned":[5,7,8,14],"killed_by":"The Guardian","ascension_level":12}}