{"host":"2qv44oxt58ptq59r","time":1608149716,"event":{"mods":["AchievementEnabler","BaseMod","Colored Powertips","Highlight Path","Minty Spire (QoL Compilation)","Permanent Neow","StSLib"],"gold_per_floor":[117,21,34,34,34,34,34,50,77,108,108,131,154,175,175,300,300,325,341,28,53,53,53,77,101,101,101,120,120,120,140,140,140,140],"floor_reached":33,"playtime":3900,"items_purged":[],"score":249,"play_id":"3fcc2379-a2c6-4bb7-adf8-1b93f0ddd4a5","local_time":"20201216201516","is_ascension_mode":false,"campfire_choices":[{"floor":6.0,"key":"REST"},{"floor":11.0,"key":"REST"},{"data":"Bash","floor":15.0,"key":"SMITH"},{"data":"Barricade","floor":23.0,"key":"SMITH"},{"floor":27,"key":"REST"},{"data":"Juggernaut","floor":32,"key":"SMITH"}],"circlet_count":0,"master_deck":["Strike_R","Strike_R","Strike_R","Strike_R","Strike_R+1","Defend_R","Defend_R+1","Defend_R","Defend_R","Bash+1","Metallicize","Clothesline","Feed","Body Slam","Sword Boomerang","Barricade+1","Warcry+1","Armaments+1","Perfected Strike+1","Juggernaut+1","Shrug It Off"],"relics":["Black Blood","Bloody Idol","Vajra","Pantograph","Blood Vial","StrikeDummy","MutagenicStrength"],"acts_visited":["Exordium","TheCity"],"potions_floor_usage":[],"damage_taken":[{"damage":1.0,"enemies":"Jaw Worm","floor":1.0,"turns":2.0},{"damage":0.0,"enemies":"Small Slimes","floor":3.0,"turns":3.0},{"damage":0.0,"enemies":"Cultist","floor":8.0,"turns":3.0},{"damage":27.0,"enemies":"Lagavulin","floor":10.0,"turns":6.0},{"damage":6.0,"enemies":"Exordium Thugs","floor":13.0,"turns":4.0},{"damage":9.0,"enemies":"Red Slaver","floor":14.0,"turns":5.0},{"damage":25.0,"enemies":"The Guardian","floor":16.0,"turns":13.0},{"damage":24.0,"enemies":"3 Byrds","floor":18.0,"turns":7.0},{"damage":28.0,"enemies":"Shell Parasite","floor":19.0,"turns":9.0},{"damage":27.0,"enemies":"Shelled Parasite and Fungi","floor":21.0,"turns":8.0},{"damage":30.0,"enemies":"Snake Plant","floor":24.0,"turns":6.0},{"damage":32.0,"enemies":"3 Cultists","floor":25.0,"turns":7.0},{"damage":19,"enemies":"Centurion and Healer","floor":28,"turns":8},{"damage":14,"enemies":"Snecko","floor":31,"turns":5},{"damage":97,"enemies":"Automaton","floor":33,"turns":12}],"seed_played":"-5346552791740768110","potions_obtained":[{"floor":0.0,"key":"Strength Potion"},{"floor":0.0,"key":"Block Potion"},{"floor":0.0,"key":"DistilledChaos"},{"floor":1.0,"key":"Weak Potion"},{"floor":10.0,"key":"Swift Potion"},{"floor":16.0,"key":"DistilledChaos"},{"floor":18.0,"key":"Regen Potion"},{"floor":19.0,"key":"LiquidBronze"},{"floor":24.0,"key":"BlessingOfTheForge"}],"is_trial":false,"path_per_floor":["M","$","M","?","$","R","?","M","T","E","R","T","M","M","R","B",null,"M","M","$","M","?","R","M","M","T","R","M","?","?","M","R","B"],"character_chosen":"IRONCLAD","items_purchased":["EntropicBrew","StrikeDummy","Block Potion"],"campfire_rested":3,"item_purchase_floors":[2,20,20],"current_hp_per_floor":[80,80,80,60,60,80,64,70,70,49,73,73,78,77,77,83,86,77,78,78,84,84,84,68,50,50,77,72,72,72,77,77,0,0],"gold":140,"neow_bonus":"THREE_SMALL_POTIONS","is_daily":false,"chose_seed":false,"campfire_upgraded":3,"win_rate":0.0,"timestamp":1608149716,"path_taken":["M","$","M","?","$","R","?","M","T","E","R","?","M","M","R","BOSS","M","M","$","M","?","R","M","M","T","R","M","?","?","M","R","BOSS"],"items_purchased_type":["Potion","Relic","Potion"],"build_version":"2020-12-13","purchased_purges":0,"victory":false,"max_hp_per_floor":[80,80,80,80,80,80,80,80,80,80,80,80,83,83,83,86,86,89,89,89,93,93,93,93,93,93,93,93,93,93,93,93,93,93],"card_choices":[{"not_picked":["Wild Strike","True Grit"],"picked":"Metallicize","floor":1.0},{"not_picked":["Clash","Infernal Blade","Ghostly Armor"],"picked":"SKIP","floor":3.0},{"not_picked":["Spot Weakness","Clash"],"picked":"Clothesline","floor":8.0},{"not_picked":["Impervious","Rupture"],"picked":"Feed","floor":10.0},{"not_picked":["Hemokinesis","Fire Breathing"],"picked":"Body Slam","floor":13.0},{"not_picked":["Blood for Blood","Twin Strike"],"picked":"Sword Boomerang","floor":14.0},{"not_picked":["Corruption","Offering"],"picked":"Barricade","floor":16.0},{"not_picked":["Dual Wield","Iron Wave+1"],"picked":"Warcry+1","floor":18.0},{"not_picked":["Body Slam","Pommel Strike"],"picked":"Armaments+1","floor":19.0},{"not_picked":["Second Wind+1","Flex"],"picked":"Perfected Strike+1","floor":21.0},{"not_picked":["Iron Wave","Clash","Searing Blow"],"picked":"SKIP","floor":24.0},{"not_picked":["Cleave","Warcry"],"picked":"Juggernaut","floor":25.0},{"not_picked":["Combust","Evolve+1"],"picked":"Shrug It Off","floor":28},{"not_picked":["Rampage","Warcry","Armaments"],"picked":"SKIP","floor":31}],"player_experience":4920887,"relics_obtained":[{"floor":9.0,"key":"Vajra"},{"floor":10.0,"key":"Pantograph"},{"floor":12.0,"key":"Blood Vial"}],"event_choices":[{"damage_healed":0.0,"max_hp_gain":0.0,"max_hp_loss":0.0,"gold_gain":0.0,"event_name":"Golden Idol","player_choice":"Take Damage","floor":4.0,"gold_loss":0.0,"damage_taken":20.0,"relics_obtained":["Golden Idol"]},{"damage_healed":0.0,"max_hp_gain":0.0,"max_hp_loss":0.0,"gold_gain":0.0,"event_name":"Shining Light","player_choice":"Entered Light","floor":7.0,"gold_loss":0.0,"damage_taken":16.0,"cards_upgraded":["Defend_R","Strike_R"]},{"damage_healed":0.0,"max_hp_gain":0.0,"max_hp_loss":0.0,"gold_gain":0.0,"event_name":"Vampires","player_choice":"Ignored","floor":22.0,"gold_loss":0.0,"damage_taken":0.0},{"damage_healed":0,"gold_gain":0,"player_choice":"Gave Idol","damage_taken":0,"relics_obtained":["Bloody Idol"],"max_hp_gain":0,"max_hp_loss":0,"event_name":"Forgotten Altar","floor":29,"relics_lost":["Golden Idol"],"gold_loss":0},{"damage_healed":0,"gold_gain":0,"player_choice":"Inject Mutagens","damage_taken":0,"relics_obtained":["MutagenicStrength"],"max_hp_gain":0,"max_hp_loss":0,"event_name":"Drug Dealer","floor":30,"gold_loss":0}],"is_beta":false,"boss_relics":[{"not_picked":["Cursed Key","Mark of Pain"],"picked":"Black Blood"}],"items_purged_floors":[],"is_endless":false,"potions_floor_spawned":[1,3,10,16,18,19,24],"killed_by":"Automaton","ascension_level":0}}