{"host":"xcuflocadasoaqda","time":1608145154,"event":{"mods":["BaseMod","Bestiary","Filter the Spire","Minty Spire (QoL Compilation)","Relic Stats"],"gold_per_floor":[116,116,26,44,63,92,92,118,118,118,58,72,107,120,120,194,194,210,225,225,11,11,11],"floor_reached":22,"playtime":985,"items_purged":["Beam Cell","Steam Power"],"score":408,"play_id":"86e59c92-bd49-4f2e-8e4f-a64579052a0d","local_time":"20201216125914","is_ascension_mode":true,"campfire_choices":[{"data":"Biased Cognition","floor":7,"key":"SMITH"},{"data":"Defragment","floor":10,"key":"SMITH"},{"data":"Capacitor","floor":15,"key":"SMITH"}],"circlet_count":0,"master_deck":["AscendersBane","Zap","Dualcast","Rebound","All For One","Self Repair","White Noise","Biased Cognition+1","Ball Lightning","Seek","Cold Snap","Reinforced Body","Coolheaded","Defragment+1","Capacitor+1","Core Surge","Compile Driver+1","Reinforced Body+1"],"relics":["Pandora\u0027s Box","Omamori","StoneCalendar","The Courier","Anchor","Snecko Eye","PreservedInsect"],"acts_visited":["Exordium","TheCity"],"potions_floor_usage":[14,18,19],"damage_taken":[{"damage":6,"enemies":"2 Louse","floor":1,"turns":2},{"damage":10,"enemies":"Small Slimes","floor":4,"turns":3},{"damage":0,"enemies":"Cultist","floor":5,"turns":4},{"damage":15,"enemies":"Gremlin Nob","floor":6,"turns":4},{"damage":9,"enemies":"Lagavulin","floor":8,"turns":6},{"damage":6,"enemies":"2 Fungi Beasts","floor":12,"turns":3},{"damage":8,"enemies":"Gremlin Nob","floor":13,"turns":4},{"damage":7,"enemies":"3 Louse","floor":14,"turns":5},{"damage":32,"enemies":"The Guardian","floor":16,"turns":8},{"damage":20,"enemies":"3 Byrds","floor":18,"turns":4},{"damage":43,"enemies":"Chosen","floor":19,"turns":4},{"damage":21,"enemies":"Centurion and Healer","floor":22,"turns":6}],"seed_played":"-6479836850487371214","potions_obtained":[{"floor":4,"key":"SneckoOil"},{"floor":8,"key":"BlessingOfTheForge"},{"floor":14,"key":"CultistPotion"},{"floor":18,"key":"PowerPotion"},{"floor":20,"key":"Explosive Potion"}],"is_trial":false,"path_per_floor":["M","?","$","M","M","E","R","E","T","R","$","M","E","M","R","B",null,"M","M","?","$","M"],"character_chosen":"DEFECT","items_purchased":["Seek","PreservedInsect"],"campfire_rested":0,"item_purchase_floors":[3,21],"current_hp_per_floor":[58,58,58,55,62,47,47,45,45,45,45,46,45,48,48,23,59,46,10,10,10,0,0],"gold":11,"neow_bonus":"BOSS_RELIC","is_daily":false,"chose_seed":false,"campfire_upgraded":3,"win_rate":0.0,"timestamp":1608145154,"path_taken":["M","?","$","M","M","E","R","E","T","R","$","M","E","M","R","BOSS","M","M","?","$","M"],"items_purchased_type":["Card","Relic"],"build_version":"2020-12-13","purchased_purges":2,"victory":false,"max_hp_per_floor":[71,71,71,71,71,71,71,71,71,71,71,71,71,71,71,71,71,71,71,71,71,71,71],"relic_stats":{"counters":[12,53],"Snecko Eye":[20,26,21,29],"Pandora\u0027s Box":["Rebound","All For One","Self Repair","White Noise","Biased Cognition","Rebound","Beam Cell","Steam Power"],"StoneCalendar":[52],"PreservedInsect":0,"obtain_stats":[{"Anchor":13,"Snecko Eye":17,"Pandora\u0027s Box":0,"StoneCalendar":8,"The Courier":9,"PreservedInsect":21,"Omamori":6,"Cracked Core":0},{"Anchor":7,"Snecko Eye":9,"Pandora\u0027s Box":0,"StoneCalendar":5,"The Courier":5,"PreservedInsect":11,"Omamori":4,"Cracked Core":0},{"Anchor":26,"Snecko Eye":39,"Pandora\u0027s Box":0,"StoneCalendar":19,"The Courier":19,"PreservedInsect":47,"Omamori":13,"Cracked Core":0}]},"card_choices":[{"not_picked":["Sweeping Beam","Lockon"],"picked":"Ball Lightning","floor":1},{"not_picked":["Go for the Eyes","Rebound"],"picked":"Cold Snap","floor":4},{"not_picked":["Steam","Seek"],"picked":"Reinforced Body","floor":5},{"not_picked":["Steam","Static Discharge"],"picked":"Coolheaded","floor":6},{"not_picked":["Self Repair","Undo"],"picked":"Defragment","floor":8},{"not_picked":["Streamline","Skim","Coolheaded"],"picked":"SKIP","floor":12},{"not_picked":["Beam Cell","Gash"],"picked":"Capacitor","floor":13},{"not_picked":["Steam","Coolheaded","Turbo"],"picked":"SKIP","floor":14},{"not_picked":["Fission","Machine Learning"],"picked":"Core Surge","floor":16},{"not_picked":["Cold Snap","Redo+1"],"picked":"Compile Driver+1","floor":18},{"not_picked":["Go for the Eyes","Compile Driver+1"],"picked":"Reinforced Body+1","floor":19}],"player_experience":1730391,"relics_obtained":[{"floor":6,"key":"Omamori"},{"floor":8,"key":"StoneCalendar"},{"floor":9,"key":"The Courier"},{"floor":13,"key":"Anchor"}],"event_choices":[{"cards_removed":["Rebound"],"damage_healed":0,"gold_gain":0,"player_choice":"Forget","damage_taken":0,"max_hp_gain":0,"max_hp_loss":0,"event_name":"Living Wall","floor":2,"gold_loss":0},{"damage_healed":0,"gold_gain":0,"player_choice":"Got Potions","damage_taken":0,"max_hp_gain":0,"max_hp_loss":0,"event_name":"Lab","floor":20,"gold_loss":0}],"is_beta":false,"boss_relics":[{"not_picked":["Nuclear Battery","Cursed Key"],"picked":"Snecko Eye"}],"items_purged_floors":[11,21],"is_endless":false,"potions_floor_spawned":[4,8,13,14,18],"killed_by":"Centurion and Healer","ascension_level":20}}