{"host":"lqtll83nun4jn4k7","time":1608123184,"event":{"mods":["BaseMod","Challenge The Spire","Colored Map","Colored Powertips","Downfall","Highlight Path","KinomotoSakuraMod(Ä¾Ö®±¾Ó£)","Minty Spire (QoL Compilation)","Prisma Mod","Quick Restart","StSLib","SuperFastMode","The Bug Knight","Waifu the Spire"],"gold_per_floor":[99,99,130,230,230,155,155,155,176,208,383,400,419,138,152,152,152],"floor_reached":16,"playtime":794,"items_purged":["Doubt"],"score":131,"play_id":"ba922d23-bc55-46b1-803e-06f8591d851f","local_time":"20201216205304","is_ascension_mode":false,"campfire_choices":[{"floor":1,"key":"RECALL"},{"data":"champ:Taunt","floor":6,"key":"SMITH"},{"data":"champ:Shatter","floor":8,"key":"SMITH"}],"circlet_count":0,"master_deck":["champ:Strike","champ:Strike","champ:Strike","champ:Strike","champ:Defend","champ:Defend","champ:Defend","champ:Defend","champ:Execute","champ:Taunt+1","champ:Shatter+1","champ:PreciseThrust","champ:RapidStrikes","champ:StrikeOfGenius","champ:GladiatorStyle","Apotheosis","champ:HeartStrike"],"relics":["champ:ChampionCrown","downfall:HeartsMalice","WingedGreaves","Matryoshka","Champion Belt","champ:LiftRelic","downfall:HeartBlessingRed","Letter Opener","Shuriken","Odd Mushroom","Sundial"],"acts_visited":["Exordium"],"potions_floor_usage":[12,16,16],"damage_taken":[{"damage":0,"enemies":"Lagavulin","floor":3,"turns":1},{"damage":0,"enemies":"Lagavulin","floor":4,"turns":1},{"damage":0,"enemies":"The Mushroom Lair","floor":9,"turns":1},{"damage":29,"enemies":"Gremlin Nob","floor":10,"turns":4},{"damage":11,"enemies":"Jaw Worm","floor":12,"turns":2},{"damage":0,"enemies":"2 Louse","floor":13,"turns":2},{"damage":13,"enemies":"downfall:FleeingMerchant","floor":14,"turns":4},{"damage":5,"enemies":"Small Slimes","floor":15,"turns":2},{"damage":45,"enemies":"downfall:Ironclad","floor":16,"turns":7}],"seed_played":"-6446355483662812198","potions_obtained":[{"floor":9,"key":"Explosive Potion"},{"floor":12,"key":"SkillPotion"},{"floor":13,"key":"Weak Potion"},{"floor":15,"key":"Swift Potion"}],"is_trial":false,"path_per_floor":["R","?","E","?","?","R","T","R","?","E","?","M","M","$","M","B"],"character_chosen":"THE_CHAMP","items_purchased":["Apotheosis"],"campfire_rested":0,"item_purchase_floors":[14],"current_hp_per_floor":[90,78,78,78,78,78,78,78,78,54,54,43,43,43,43,0,0],"gold":152,"neow_bonus":"THREE_ENEMY_KILL","is_daily":false,"chose_seed":false,"campfire_upgraded":2,"win_rate":0.0,"timestamp":1608123184,"path_taken":["R","?","E","?","?","R","T","R","?","E","?","?","M","$","M","BOSS"],"items_purchased_type":["Card"],"build_version":"2020-12-13","purchased_purges":1,"victory":false,"max_hp_per_floor":[90,90,90,90,90,90,90,90,90,90,90,90,90,90,90,90,90],"card_choices":[{"not_picked":["champ:ShieldWall","champ:Riposte"],"picked":"champ:Shatter","floor":3},{"not_picked":["champ:FocusedGladiator","champ:GladiatorsShout"],"picked":"champ:PreciseThrust","floor":4},{"not_picked":["champ:Riposte","champ:FanOfKnives"],"picked":"champ:RapidStrikes","floor":9},{"not_picked":["champ:Haymaker","champ:BringItOn"],"picked":"champ:StrikeOfGenius","floor":10},{"not_picked":["champ:BladeFlurry","champ:ShieldWall"],"picked":"champ:GladiatorStyle","floor":12},{"not_picked":["champ:DefensiveShout","champ:FanOfKnives","champ:Encircle"],"picked":"SKIP","floor":13},{"not_picked":["champ:Circumvent","champ:Encircle","champ:TornadoPunch"],"picked":"SKIP","floor":14},{"not_picked":["champ:StanceDance","champ:BerserkersShout"],"picked":"champ:HeartStrike","floor":15}],"player_experience":644655,"relics_obtained":[{"floor":3,"key":"Matryoshka"},{"floor":4,"key":"Champion Belt"},{"floor":7,"key":"Letter Opener"},{"floor":7,"key":"Shuriken"},{"floor":9,"key":"Odd Mushroom"},{"floor":10,"key":"Sundial"}],"event_choices":[{"damage_healed":0,"gold_gain":0,"player_choice":"Success","damage_taken":12,"relics_obtained":["WingedGreaves"],"max_hp_gain":0,"max_hp_loss":0,"event_name":"Scrap Ooze","floor":2,"gold_loss":0},{"damage_healed":0,"gold_gain":0,"player_choice":"Fought Mushrooms","damage_taken":0,"max_hp_gain":0,"max_hp_loss":0,"event_name":"Mushrooms","floor":9,"gold_loss":0}],"is_beta":false,"boss_relics":[],"items_purged_floors":[14],"is_endless":false,"potions_floor_spawned":[9,12,13,15],"killed_by":"downfall:Ironclad","ascension_level":0}}