{"host":"c2vrdknshfutmcsq","time":1608121059,"event":{"mods":["BaseMod","Minty Spire (QoL Compilation)"],"gold_per_floor":[110,130,144,162,112,141,141,166,244,258,274,308,308,308,308,412,412,434,359,383,383,438,438,447,447,500,542,542,565,593,68,68,178,187,200,227,227,246,255,255,6,6,6,6,27,27,53,84,84,84,84],"floor_reached":50,"playtime":3501,"items_purged":["Strike_B","Writhe"],"score":952,"play_id":"9327c0f8-162d-48ae-ae3f-48a82c4e5e6e","local_time":"20201216131739","is_ascension_mode":true,"campfire_choices":[{"floor":7.0,"key":"REST"},{"floor":13.0,"key":"REST"},{"floor":15.0,"key":"REST"},{"data":"Dualcast","floor":23.0,"key":"SMITH"},{"floor":25.0,"key":"DIG"},{"floor":32.0,"key":"DIG"},{"floor":40.0,"key":"DIG"},{"floor":42.0,"key":"DIG"},{"floor":44.0,"key":"DIG"},{"floor":46.0,"key":"DIG"},{"data":"Darkness","floor":49.0,"key":"SMITH"}],"circlet_count":0,"master_deck":["AscendersBane","Strike_B+1","Defend_B","Defend_B","Defend_B","Defend_B+1","Zap","Dualcast+1","Lockon","Rip and Tear","Genetic Algorithm+1","Doom and Gloom+1","Ball Lightning","Conserve Battery","Darkness+1","Aggregate","All For One+1","Thunder Strike+1","Ball Lightning+1","Gash+1","Leap","Hologram","Beam Cell+1","Core Surge+1","Multi-Cast","CurseOfTheBell","Reinforced Body+1","Barrage+1","Writhe","Stack+1","Parasite","Tempest"],"relics":["Cracked Core","FossilizedHelix","Shovel","Thread and Needle","Molten Egg 2","Anchor","CeramicFish","Busted Crown","Red Mask","War Paint","Vajra","Darkstone Periapt","Whetstone","Dream Catcher","Tiny Chest","Bottled Flame","Lee\u0027s Waffle","Bag of Preparation","Potion Belt","Calling Bell","Regal Pillow","Sundial","Turnip","MealTicket","Akabeko","Juzu Bracelet","The Courier","Blood Vial","Mercury Hourglass","Centennial Puzzle"],"acts_visited":["Exordium","TheCity","TheBeyond"],"potions_floor_usage":[50,50,50],"damage_taken":[{"damage":0.0,"enemies":"Cultist","floor":1.0,"turns":3.0},{"damage":0.0,"enemies":"2 Louse","floor":2.0,"turns":2.0},{"damage":0.0,"enemies":"Small Slimes","floor":3.0,"turns":3.0},{"damage":12.0,"enemies":"Exordium Wildlife","floor":4.0,"turns":4.0},{"damage":35.0,"enemies":"3 Sentries","floor":6.0,"turns":7.0},{"damage":11.0,"enemies":"Gremlin Nob","floor":8.0,"turns":4.0},{"damage":0.0,"enemies":"3 Louse","floor":10.0,"turns":2.0},{"damage":0.0,"enemies":"Large Slime","floor":11.0,"turns":2.0},{"damage":3.0,"enemies":"3 Sentries","floor":12.0,"turns":5.0},{"damage":0.0,"enemies":"Hexaghost","floor":16.0,"turns":7.0},{"damage":0.0,"enemies":"Shell Parasite","floor":18.0,"turns":4.0},{"damage":0.0,"enemies":"Chosen","floor":20.0,"turns":4.0},{"damage":0.0,"enemies":"Masked Bandits","floor":22.0,"turns":3.0},{"damage":20.0,"enemies":"Gremlin Leader","floor":27.0,"turns":7.0},{"damage":0.0,"enemies":"Centurion and Healer","floor":29.0,"turns":5.0},{"damage":12.0,"enemies":"Book of Stabbing","floor":30.0,"turns":5.0},{"damage":47.0,"enemies":"Champ","floor":33.0,"turns":8.0},{"damage":0.0,"enemies":"Orb Walker","floor":35.0,"turns":2.0},{"damage":0.0,"enemies":"3 Darklings","floor":36.0,"turns":3.0},{"damage":0.0,"enemies":"Sphere and 2 Shapes","floor":38.0,"turns":5.0},{"damage":15.0,"enemies":"Transient","floor":45.0,"turns":5.0},{"damage":0.0,"enemies":"Writhing Mass","floor":48.0,"turns":5.0},{"damage":121,"enemies":"Awakened One","floor":50,"turns":13}],"seed_played":"5861198531288225746","potions_obtained":[{"floor":2.0,"key":"Dexterity Potion"},{"floor":6.0,"key":"Dexterity Potion"},{"floor":10.0,"key":"Weak Potion"},{"floor":11.0,"key":"Weak Potion"},{"floor":12.0,"key":"DistilledChaos"},{"floor":18.0,"key":"Strength Potion"},{"floor":29.0,"key":"Strength Potion"},{"floor":30.0,"key":"Swift Potion"},{"floor":33.0,"key":"Regen Potion"},{"floor":35.0,"key":"GamblersBrew"},{"floor":48.0,"key":"Weak Potion"}],"is_trial":false,"path_per_floor":["M","M","M","M","?","E","R","E","T","M","M","E","R","?","R","B",null,"M","?","M","?","?","R","?","R","T","E","T","M","E","$","R","B",null,"M","M","?","M","?","R","$","R","T","R","M","R","T","M","R","B"],"character_chosen":"DEFECT","items_purchased":["Lee\u0027s Waffle","Beam Cell+1","Core Surge+1","Bag of Preparation","Akabeko"],"campfire_rested":3,"item_purchase_floors":[31,31,31,31,41],"current_hp_per_floor":[50,50,50,38,38,3,25,14,14,14,14,11,33,30,52,52,69,69,69,69,69,69,69,69,69,69,49,49,49,37,82,82,35,76,76,76,76,76,94,94,94,94,94,94,79,79,79,87,87,0,0],"gold":84,"neow_bonus":"ONE_RARE_RELIC","is_daily":false,"chose_seed":false,"campfire_upgraded":2,"win_rate":0.0,"timestamp":1608121059,"path_taken":["M","?","M","M","?","E","R","E","T","M","M","E","R","?","R","BOSS","M","?","M","?","?","R","?","R","T","E","?","M","E","$","R","BOSS","M","?","?","M","?","R","$","R","T","R","M","R","?","M","R","BOSS"],"items_purchased_type":["Relic","Card","Card","Relic","Relic"],"build_version":"2020-12-13","purchased_purges":2,"victory":false,"max_hp_per_floor":[75,75,75,75,75,75,75,75,75,75,75,75,75,75,75,75,75,75,75,75,75,75,75,75,75,75,75,75,75,75,82,82,82,88,88,88,88,88,94,94,94,94,94,94,94,94,94,100,100,100,100],"card_choices":[{"not_picked":["Beam Cell","Streamline"],"picked":"Lockon","floor":1.0},{"not_picked":["Steam Power","Hologram"],"picked":"Rip and Tear","floor":2.0},{"not_picked":["Rebound","Go for the Eyes"],"picked":"Genetic Algorithm","floor":3.0},{"not_picked":["Streamline","Steam"],"picked":"Doom and Gloom","floor":4.0},{"not_picked":["Redo","Glacier"],"picked":"Ball Lightning","floor":6.0},{"not_picked":["Gash","Fusion"],"picked":"Conserve Battery","floor":8.0},{"not_picked":["Reprogram","Loop"],"picked":"Darkness","floor":10.0},{"not_picked":["Hello World","Compile Driver+1"],"picked":"Aggregate","floor":11.0},{"not_picked":["Recycle","Chaos"],"picked":"All For One+1","floor":12.0},{"not_picked":["Buffer","Biased Cognition"],"picked":"Thunder Strike+1","floor":16.0},{"not_picked":[],"picked":"Ball Lightning+1","floor":18.0},{"not_picked":[],"picked":"Gash+1","floor":20.0},{"not_picked":[],"picked":"Leap","floor":27.0},{"not_picked":[],"picked":"Hologram","floor":29.0},{"not_picked":["Turbo"],"picked":"SKIP","floor":30.0},{"not_picked":[],"picked":"Multi-Cast","floor":33.0},{"not_picked":["Storm"],"picked":"SKIP","floor":35.0},{"not_picked":[],"picked":"Reinforced Body+1","floor":36.0},{"not_picked":[],"picked":"Barrage+1","floor":38.0},{"not_picked":[],"picked":"Stack+1","floor":45.0},{"not_picked":[],"picked":"Tempest","floor":48.0}],"player_experience":1137589,"relics_obtained":[{"floor":6.0,"key":"Shovel"},{"floor":8.0,"key":"Thread and Needle"},{"floor":9.0,"key":"Molten Egg 2"},{"floor":12.0,"key":"Anchor"},{"floor":22.0,"key":"Red Mask"},{"floor":22.0,"key":"War Paint"},{"floor":25.0,"key":"Darkstone Periapt"},{"floor":26.0,"key":"Whetstone"},{"floor":27.0,"key":"Dream Catcher"},{"floor":28.0,"key":"Tiny Chest"},{"floor":30.0,"key":"Bottled Flame"},{"floor":32.0,"key":"Potion Belt"},{"floor":34.0,"key":"Regal Pillow"},{"floor":34.0,"key":"Sundial"},{"floor":34.0,"key":"Turnip"},{"floor":40.0,"key":"MealTicket"},{"floor":42.0,"key":"Juzu Bracelet"},{"floor":43.0,"key":"The Courier"},{"floor":44.0,"key":"Blood Vial"},{"floor":46.0,"key":"Mercury Hourglass"},{"floor":47.0,"key":"Centennial Puzzle"}],"event_choices":[{"cards_removed":["Strike_B"],"damage_healed":0.0,"max_hp_gain":0.0,"max_hp_loss":0.0,"gold_gain":0.0,"event_name":"The Cleric","player_choice":"Card Removal","floor":5.0,"gold_loss":50.0,"damage_taken":0.0},{"damage_healed":0.0,"max_hp_gain":0.0,"max_hp_loss":0.0,"gold_gain":0.0,"event_name":"Scrap Ooze","player_choice":"Success","floor":14.0,"gold_loss":0.0,"damage_taken":3.0,"relics_obtained":["CeramicFish"]},{"cards_removed":["Strike_B"],"damage_healed":0.0,"max_hp_gain":0.0,"max_hp_loss":0.0,"gold_gain":0.0,"event_name":"Beggar","player_choice":"Gave Gold","floor":19.0,"gold_loss":75.0,"damage_taken":0.0},{"damage_healed":0.0,"max_hp_gain":0.0,"max_hp_loss":0.0,"gold_gain":0.0,"event_name":"Ghosts","player_choice":"Ignored","floor":21.0,"gold_loss":0.0,"damage_taken":0.0},{"damage_healed":0.0,"max_hp_gain":0.0,"max_hp_loss":0.0,"gold_gain":0.0,"event_name":"Masked Bandits","player_choice":"Fought Bandits","floor":22.0,"gold_loss":0.0,"damage_taken":0.0},{"damage_healed":0.0,"max_hp_gain":0.0,"max_hp_loss":0.0,"gold_gain":0.0,"event_name":"The Mausoleum","player_choice":"Opened","floor":24.0,"gold_loss":0.0,"damage_taken":0.0,"relics_obtained":["Vajra"],"cards_obtained":["Writhe"]},{"damage_healed":0.0,"max_hp_gain":0.0,"max_hp_loss":0.0,"gold_gain":0.0,"event_name":"Tomb of Lord Red Mask","player_choice":"Ignored","floor":37.0,"gold_loss":0.0,"damage_taken":0.0},{"damage_healed":22.0,"max_hp_gain":0.0,"max_hp_loss":0.0,"gold_gain":0.0,"event_name":"Winding Halls","player_choice":"Writhe","floor":39.0,"gold_loss":0.0,"damage_taken":0.0,"cards_obtained":["Writhe"]}],"is_beta":false,"boss_relics":[{"not_picked":["Tiny House","Snecko Eye"],"picked":"Busted Crown"},{"not_picked":["Runic Pyramid","Philosopher\u0027s Stone"],"picked":"Calling Bell"}],"items_purged_floors":[31,41],"is_endless":false,"potions_floor_spawned":[2,6,10,11,12,18,29,30,33,35,48],"killed_by":"Awakened One","ascension_level":12}}