{"host":"63yhhrjweyj22b0v","time":1608097096,"event":{"mods":["BaseMod","Minty Spire (QoL Compilation)","Quick Restart"],"gold_per_floor":[119,294,244,519,533,533,558,574,574,574,574,589,13,32,32,128,128,144,144,144,164,183,183,211,211,211,230,230,240,240,155,155,155,155],"floor_reached":33,"playtime":996,"items_purged":["Regret"],"score":307,"play_id":"f6dba889-df32-4ee3-84cd-ab72981250a4","local_time":"20201215233815","is_ascension_mode":true,"campfire_choices":[{"data":"Zap","floor":6,"key":"SMITH"},{"data":"Redo","floor":11,"key":"SMITH"},{"data":"Sweeping Beam","floor":15,"key":"SMITH"},{"floor":23,"key":"REST"},{"floor":28,"key":"REST"},{"floor":30,"key":"REST"},{"data":"Defragment","floor":32,"key":"SMITH"}],"circlet_count":0,"master_deck":["Strike_B","Strike_B","Strike_B","Defend_B","Defend_B","Defend_B","Defend_B","Zap+1","Dualcast","FTL","Sweeping Beam+1","Auto Shields","Redo+1","Barrage","Redo+1","Beam Cell","Conserve Battery+1","Amplify+1","Sweeping Beam","Electrodynamics","Gash+1","Conserve Battery+1","Defragment+1","Redo+1"],"relics":["Cracked Core","NeowsBlessing","Meat on the Bone","Blood Vial","Happy Flower","Toxic Egg 2","Chemical X","Nuclear Battery","Singing Bowl","MealTicket","Boot"],"acts_visited":["Exordium","TheCity"],"potions_floor_usage":[18,24,25,25,29],"damage_taken":[{"damage":0,"enemies":"2 Louse","floor":1,"turns":1},{"damage":0,"enemies":"Jaw Worm","floor":5,"turns":1},{"damage":0,"enemies":"Lagavulin","floor":7,"turns":1},{"damage":3,"enemies":"Cultist","floor":8,"turns":3},{"damage":5,"enemies":"Looter","floor":12,"turns":2},{"damage":0,"enemies":"Exordium Wildlife","floor":14,"turns":2},{"damage":36,"enemies":"Hexaghost","floor":16,"turns":10},{"damage":15,"enemies":"3 Byrds","floor":18,"turns":4},{"damage":20,"enemies":"2 Thieves","floor":21,"turns":3},{"damage":1,"enemies":"3 Cultists","floor":22,"turns":4},{"damage":42,"enemies":"Book of Stabbing","floor":24,"turns":6},{"damage":11,"enemies":"Snake Plant","floor":25,"turns":3},{"damage":18,"enemies":"Snecko","floor":27,"turns":6},{"damage":17,"enemies":"Sentry and Sphere","floor":29,"turns":5},{"damage":81,"enemies":"Collector","floor":33,"turns":8}],"seed_played":"-8189535570882031905","potions_obtained":[{"floor":1,"key":"FearPotion"},{"floor":7,"key":"SteroidPotion"},{"floor":14,"key":"SmokeBomb"},{"floor":22,"key":"Ancient Potion"},{"floor":27,"key":"AttackPotion"}],"is_trial":false,"path_per_floor":["M","?","?","?","M","R","E","M","T","?","R","M","$","M","R","B",null,"M","?","?","M","M","R","E","M","T","M","R","M","R","?","R","B"],"character_chosen":"DEFECT","items_purchased":["Toxic Egg 2","Chemical X","Redo+1","Beam Cell"],"campfire_rested":3,"item_purchase_floors":[13,13,13,13],"current_hp_per_floor":[75,75,75,75,75,75,75,72,72,65,65,62,62,64,64,42,75,60,60,60,42,43,65,39,42,42,38,61,46,69,69,69,0,0],"gold":155,"neow_bonus":"THREE_ENEMY_KILL","is_daily":false,"chose_seed":false,"campfire_upgraded":4,"win_rate":0.0,"timestamp":1608097095,"path_taken":["M","?","?","?","M","R","E","?","T","?","R","M","$","M","R","BOSS","M","?","?","?","M","R","E","M","T","M","R","M","R","?","R","BOSS"],"items_purchased_type":["Relic","Relic","Card","Card"],"build_version":"2020-12-13","purchased_purges":1,"victory":false,"max_hp_per_floor":[75,75,75,75,75,75,75,75,75,75,75,75,75,75,75,75,75,75,75,75,75,75,75,77,77,77,77,77,77,77,77,77,77,77],"card_choices":[{"not_picked":["Streamline","Hologram"],"picked":"FTL","floor":1},{"not_picked":["Storm","Hologram"],"picked":"Sweeping Beam","floor":5},{"not_picked":["Stack","Reprogram"],"picked":"Auto Shields","floor":7},{"not_picked":["Chaos","Sweeping Beam"],"picked":"Redo","floor":8},{"not_picked":["Conserve Battery","White Noise"],"picked":"Barrage","floor":12},{"not_picked":["Hyperbeam","Barrage"],"picked":"Conserve Battery+1","floor":14},{"not_picked":["Thunder Strike","Hyperbeam"],"picked":"Amplify+1","floor":16},{"not_picked":["Barrage","Steam+1"],"picked":"Sweeping Beam","floor":18},{"not_picked":["Hologram+1","Aggregate+1"],"picked":"Gash+1","floor":21},{"not_picked":["Rebound","Heatsinks"],"picked":"Conserve Battery+1","floor":22},{"not_picked":["Doom and Gloom","Darkness+1","Recycle+1"],"picked":"Singing Bowl","floor":24},{"not_picked":["Recycle+1","Stack+1"],"picked":"Defragment","floor":27},{"not_picked":["Compile Driver","Turbo+1"],"picked":"Redo+1","floor":29}],"player_experience":604297,"relics_obtained":[{"floor":7,"key":"Meat on the Bone"},{"floor":9,"key":"Blood Vial"},{"floor":24,"key":"MealTicket"}],"event_choices":[{"damage_healed":0,"gold_gain":175,"player_choice":"AGREE","damage_taken":0,"max_hp_gain":0,"max_hp_loss":0,"event_name":"Liars Game","floor":2,"gold_loss":0,"cards_obtained":["Doubt"]},{"cards_removed":["Doubt"],"damage_healed":0,"gold_gain":0,"player_choice":"Card Removal","damage_taken":0,"max_hp_gain":0,"max_hp_loss":0,"event_name":"The Cleric","floor":3,"gold_loss":50},{"damage_healed":0,"gold_gain":275,"player_choice":"Desecrate","damage_taken":0,"max_hp_gain":0,"max_hp_loss":0,"event_name":"Golden Shrine","floor":4,"gold_loss":0,"cards_obtained":["Regret"]},{"damage_healed":0,"gold_gain":0,"player_choice":"Success","damage_taken":7,"relics_obtained":["Happy Flower"],"max_hp_gain":0,"max_hp_loss":0,"event_name":"Scrap Ooze","floor":10,"gold_loss":0},{"damage_healed":0,"gold_gain":0,"player_choice":"Opened","damage_taken":0,"relics_obtained":["Singing Bowl"],"max_hp_gain":0,"max_hp_loss":0,"event_name":"The Mausoleum","floor":19,"gold_loss":0},{"damage_healed":0,"gold_gain":0,"cards_transformed":["Strike_B"],"player_choice":"Transformed","damage_taken":0,"max_hp_gain":0,"max_hp_loss":0,"event_name":"Transmorgrifier","floor":20,"gold_loss":0,"cards_obtained":["Electrodynamics"]},{"damage_healed":0,"gold_gain":0,"player_choice":"Obtained Relic","damage_taken":0,"relics_obtained":["Boot"],"max_hp_gain":0,"max_hp_loss":0,"event_name":"Addict","floor":31,"gold_loss":85}],"is_beta":false,"boss_relics":[{"not_picked":["Philosopher\u0027s Stone","Astrolabe"],"picked":"Nuclear Battery"}],"items_purged_floors":[13],"is_endless":false,"potions_floor_spawned":[1,7,14,16,22,25,27],"killed_by":"Collector","ascension_level":1}}