{"host":"newqdrzxfhh2im9e","time":1608084524,"event":{"mods":["AchievementEnabler","BaseMod","BetterRewards","Block Reminder","Colored Map","Jorbs\u0027s Wanderer Trilogy","Minty Spire (QoL Compilation)","Rare Cards Sparkle","Shop Mod","StSLib"],"gold_per_floor":[114,127,137,149,163,163,6,37,37,37,69,69,87,110,110,212,212,222,236,3,3,3,3],"floor_reached":22,"playtime":1283,"items_purged":[],"score":245,"play_id":"534349d6-de70-4a1e-9476-17baf740e8e1","local_time":"20201215180844","is_ascension_mode":true,"campfire_choices":[{"data":"Crippling Poison","floor":6.0,"key":"SMITH"},{"floor":10.0,"key":"REST"},{"floor":15.0,"key":"REST"}],"circlet_count":0,"master_deck":["Strike_G","Strike_G","Strike_G","Strike_G","Strike_G","Defend_G","Defend_G","Defend_G","Defend_G","Defend_G","Survivor","Neutralize","Flying Knee","Deflect","Expertise","Crippling Poison+1","Flying Knee","Infinite Blades","Unload","Corpse Explosion+1","Footwork","Reflex+1","Caltrops"],"relics":["Ring of the Snake","Orichalcum","Toy Ornithopter","Toxic Egg 2","Boot","PreservedInsect","Odd Mushroom","SlaversCollar","Vajra"],"acts_visited":["Exordium","TheCity"],"potions_floor_usage":[18,22],"damage_taken":[{"damage":3.0,"enemies":"2 Louse","floor":1.0,"turns":5.0},{"damage":4.0,"enemies":"Small Slimes","floor":2.0,"turns":3.0},{"damage":3.0,"enemies":"Jaw Worm","floor":3.0,"turns":4.0},{"damage":12.0,"enemies":"Large Slime","floor":4.0,"turns":8.0},{"damage":5.0,"enemies":"3 Louse","floor":5.0,"turns":3.0},{"damage":31.0,"enemies":"Gremlin Nob","floor":8.0,"turns":6.0},{"damage":21.0,"enemies":"3 Sentries","floor":11.0,"turns":9.0},{"damage":1.0,"enemies":"2 Fungi Beasts","floor":13.0,"turns":3.0},{"damage":14.0,"enemies":"The Mushroom Lair","floor":14.0,"turns":4.0},{"damage":45.0,"enemies":"Hexaghost","floor":16.0,"turns":11.0},{"damage":11,"enemies":"2 Thieves","floor":18,"turns":3},{"damage":22,"enemies":"Spheric Guardian","floor":19,"turns":5},{"damage":24,"enemies":"Snecko","floor":22,"turns":4}],"seed_played":"-8372190386918640191","potions_obtained":[{"floor":3.0,"key":"Dexterity Potion"},{"floor":5.0,"key":"Regen Potion"},{"floor":8.0,"key":"Poison Potion"},{"floor":13.0,"key":"FearPotion"},{"floor":16.0,"key":"ColorlessPotion"},{"floor":19,"key":"LiquidBronze"}],"is_trial":false,"path_per_floor":["M","M","M","M","M","R","$","E","T","R","E","?","M","?","R","B",null,"M","M","$","?","M"],"character_chosen":"THE_SILENT","items_purchased":["Toy Ornithopter","Vajra","Caltrops"],"campfire_rested":2,"item_purchase_floors":[7,20,20],"current_hp_per_floor":[67,63,60,48,43,43,43,37,37,58,42,65,64,50,70,25,59,53,31,31,18,0,0],"gold":3,"neow_bonus":"RANDOM_COMMON_RELIC","is_daily":false,"chose_seed":false,"campfire_upgraded":1,"win_rate":0.0,"timestamp":1608084524,"path_taken":["M","M","M","M","M","R","$","E","T","R","E","?","M","?","R","BOSS","M","M","$","?","M"],"items_purchased_type":["Relic","Relic","Card"],"build_version":"2020-12-13","purchased_purges":0,"victory":false,"max_hp_per_floor":[70,70,70,70,70,70,70,70,70,70,70,70,70,70,70,70,70,70,70,70,75,75,75],"card_choices":[{"not_picked":["Deflect","Dodge and Roll"],"picked":"Flying Knee","floor":1.0},{"not_picked":["Calculated Gamble","Choke"],"picked":"Deflect","floor":2.0},{"not_picked":["Flying Knee","Bane","Acrobatics"],"picked":"SKIP","floor":3.0},{"not_picked":["PiercingWail","Blade Dance"],"picked":"Expertise","floor":4.0},{"not_picked":["Flying Knee","Bouncing Flask"],"picked":"Crippling Poison","floor":5.0},{"not_picked":["Quick Slash","Flechettes"],"picked":"Flying Knee","floor":8.0},{"not_picked":["Dodge and Roll+1","Terror+1"],"picked":"Infinite Blades","floor":11.0},{"not_picked":["Sucker Punch","Eviscerate","Acrobatics+1"],"picked":"SKIP","floor":13.0},{"not_picked":["Flying Knee","Choke"],"picked":"Unload","floor":14.0},{"not_picked":["Glass Knife","Adrenaline+1"],"picked":"Corpse Explosion+1","floor":16.0},{"not_picked":["Slice","PiercingWail+1"],"picked":"Footwork","floor":18},{"not_picked":["Finisher+1","Dagger Spray"],"picked":"Reflex+1","floor":19}],"player_experience":604462,"relics_obtained":[{"floor":8.0,"key":"Toxic Egg 2"},{"floor":9.0,"key":"Boot"},{"floor":11.0,"key":"PreservedInsect"},{"floor":14.0,"key":"Odd Mushroom"}],"event_choices":[{"damage_healed":23.0,"max_hp_gain":0.0,"max_hp_loss":0.0,"gold_gain":0.0,"event_name":"Big Fish","player_choice":"Banana","floor":12.0,"gold_loss":0.0,"damage_taken":0.0},{"damage_healed":0.0,"max_hp_gain":0.0,"max_hp_loss":0.0,"gold_gain":0.0,"event_name":"Mushrooms","player_choice":"Fought Mushrooms","floor":14.0,"gold_loss":0.0,"damage_taken":0.0},{"damage_healed":0,"gold_gain":0,"player_choice":"Shed Blood","damage_taken":18,"max_hp_gain":5,"max_hp_loss":0,"event_name":"Forgotten Altar","floor":21,"gold_loss":0}],"is_beta":false,"boss_relics":[{"not_picked":["Philosopher\u0027s Stone","Coffee Dripper"],"picked":"SlaversCollar"}],"items_purged_floors":[],"is_endless":false,"potions_floor_spawned":[3,5,8,13,16,19],"killed_by":"Snecko","ascension_level":5}}