{"host":"d6jq5n191gimxfx1","time":1608130816,"event":{"mods":["AchievementEnabler","BaseMod","DeckTracker","Hermit","Minty Spire (QoL Compilation)","Random Character Button","Rare Cards Sparkle","StSLib"],"gold_per_floor":[113,124,124,45,45,71,71,84,109,109,119,119,131,156,156,258,258,274,189,206,229,26,61,82,82,109,109,132,132,132,150,150,255,255,276,295,80,100,123,123,143,169,169,169,269,298,319,144,144,151,151],"floor_reached":50,"playtime":2424,"items_purged":["hermit:Defend_Hermit","hermit:Strike_Hermit","hermit:Strike_Hermit"],"score":581,"play_id":"888945b3-0454-4dc3-96b9-72c7567db1a5","local_time":"20201216160016","is_ascension_mode":true,"campfire_choices":[{"data":"hermit:EyeOfTheStorm","floor":7,"key":"SMITH"},{"data":"hermit:Covet","floor":10,"key":"SMITH"},{"floor":15,"key":"REST"},{"floor":25,"key":"REST"},{"data":"hermit:FromBeyond","floor":27,"key":"SMITH"},{"floor":32,"key":"REST"},{"floor":40,"key":"REST"},{"floor":44,"key":"REST"},{"floor":49,"key":"REST"}],"circlet_count":0,"master_deck":["hermit:Strike_Hermit","hermit:Defend_Hermit","hermit:Defend_Hermit","hermit:Defend_Hermit","hermit:Snapshot","hermit:Covet+1","Panache","hermit:Vantage","hermit:GhostlyPresence","hermit:GoldenBullet","hermit:EyeOfTheStorm+1","hermit:Misfire","hermit:SprayPray","hermit:FatalDesire","hermit:Quickdraw+1","hermit:Scavenge+1","hermit:Determination","hermit:Malice","hermit:FromBeyond+1","hermit:ShadowCloak","hermit:Grudge+1","hermit:Reprieve"],"relics":["hermit:Momento","Blood Vial","hermit:CharredGlove","Vajra","FaceOfCleric","Blue Candle","SlaversCollar","Letter Opener","Membership Card","Mummified Hand","Bronze Scales","Shuriken","Fusion Hammer","Singing Bowl","Dream Catcher","Omamori","Regal Pillow"],"acts_visited":["Exordium","TheCity","TheBeyond"],"potions_floor_usage":[6,13,21,23,28,33,46,46,47],"damage_taken":[{"damage":1,"enemies":"Jaw Worm","floor":1,"turns":3},{"damage":3,"enemies":"Small Slimes","floor":2,"turns":3},{"damage":19,"enemies":"3 Sentries","floor":6,"turns":9},{"damage":0,"enemies":"Cultist","floor":8,"turns":4},{"damage":0,"enemies":"2 Fungi Beasts","floor":11,"turns":3},{"damage":1,"enemies":"Gremlin Gang","floor":13,"turns":3},{"damage":18,"enemies":"Lagavulin","floor":14,"turns":5},{"damage":31,"enemies":"Slime Boss","floor":16,"turns":10},{"damage":0,"enemies":"Spheric Guardian","floor":18,"turns":3},{"damage":19,"enemies":"2 Thieves","floor":20,"turns":3},{"damage":0,"enemies":"3 Cultists","floor":21,"turns":3},{"damage":18,"enemies":"Slavers","floor":23,"turns":4},{"damage":16,"enemies":"Shelled Parasite and Fungi","floor":24,"turns":4},{"damage":2,"enemies":"Chosen and Byrds","floor":28,"turns":4},{"damage":15,"enemies":"Centurion and Healer","floor":31,"turns":7},{"damage":40,"enemies":"Automaton","floor":33,"turns":7},{"damage":17,"enemies":"3 Shapes","floor":35,"turns":4},{"damage":6,"enemies":"Orb Walker","floor":36,"turns":4},{"damage":28,"enemies":"Sphere and 2 Shapes","floor":38,"turns":4},{"damage":1,"enemies":"Maw","floor":39,"turns":7},{"damage":57,"enemies":"Transient","floor":41,"turns":5},{"damage":17,"enemies":"Sphere and 2 Shapes","floor":42,"turns":5},{"damage":42,"enemies":"Reptomancer","floor":46,"turns":7},{"damage":29,"enemies":"Writhing Mass","floor":47,"turns":5},{"damage":69,"enemies":"Time Eater","floor":50,"turns":11}],"seed_played":"-5030783228061305354","potions_obtained":[{"floor":1,"key":"Dexterity Potion"},{"floor":6,"key":"Fire Potion"},{"floor":16,"key":"EssenceOfSteel"},{"floor":20,"key":"Explosive Potion"},{"floor":21,"key":"LiquidMemories"},{"floor":24,"key":"hermit:Tonic"},{"floor":38,"key":"SpeedPotion"},{"floor":41,"key":"FairyPotion"},{"floor":42,"key":"Weak Potion"},{"floor":46,"key":"PowerPotion"}],"is_trial":false,"path_per_floor":["M","M","?","$","?","E","R","M","T","R","M","?","M","E","R","B",null,"M","?","M","M","$","E","M","R","T","R","M","?","T","M","R","B",null,"M","M","$","M","M","R","M","M","T","R","?","E","M","$","R","B"],"character_chosen":"HERMIT","items_purchased":["hermit:GoldenBullet","Membership Card","hermit:Malice","hermit:ShadowCloak","Singing Bowl","Regal Pillow","hermit:Reprieve"],"campfire_rested":6,"item_purchase_floors":[4,22,22,37,37,48,48],"current_hp_per_floor":[67,64,61,61,61,44,44,46,46,46,48,48,50,35,56,28,71,72,72,54,57,57,42,29,51,51,51,52,38,38,26,50,13,84,68,65,65,42,46,73,21,9,9,40,40,31,7,7,55,0,0],"gold":151,"neow_bonus":"RANDOM_COLORLESS_2","is_daily":false,"chose_seed":false,"campfire_upgraded":3,"win_rate":0.0,"timestamp":1608130816,"path_taken":["M","M","?","$","?","E","R","M","T","R","?","?","?","E","R","BOSS","M","?","M","M","$","E","M","R","T","R","M","?","?","M","R","BOSS","M","M","$","M","M","R","?","M","T","R","?","E","?","$","R","BOSS"],"items_purchased_type":["Card","Relic","Card","Card","Relic","Relic","Card"],"build_version":"2020-12-13","purchased_purges":3,"victory":false,"max_hp_per_floor":[68,68,68,68,68,68,68,68,68,68,68,68,69,70,70,71,71,72,72,73,74,74,75,76,76,76,76,77,82,82,83,83,84,84,85,86,86,89,92,92,95,98,98,100,100,101,104,104,106,106,106],"card_choices":[{"not_picked":["Magnetism","Transmutation"],"picked":"Panache","floor":0},{"not_picked":["hermit:ItchyTrigger","hermit:Cheat"],"picked":"hermit:Vantage","floor":1},{"not_picked":["hermit:Headshot","hermit:Enervate"],"picked":"hermit:GhostlyPresence","floor":2},{"not_picked":["hermit:Manifest","hermit:TrackingShot"],"picked":"hermit:EyeOfTheStorm","floor":6},{"not_picked":["hermit:OverwhelmingPower","hermit:Vantage"],"picked":"hermit:Misfire","floor":8},{"not_picked":["hermit:Horror","hermit:Roulette","hermit:CalledShot"],"picked":"SKIP","floor":11},{"not_picked":["hermit:Quickdraw","hermit:Glare","hermit:Roughhouse"],"picked":"SKIP","floor":13},{"not_picked":["hermit:ItchyTrigger","hermit:Deadeye"],"picked":"hermit:SprayPray","floor":14},{"not_picked":["hermit:Roughhouse","hermit:HeroicBravado"],"picked":"hermit:FatalDesire","floor":16},{"not_picked":["hermit:TakeAim","hermit:Horror"],"picked":"hermit:Quickdraw+1","floor":18},{"not_picked":["hermit:NoHoldsBarred+1","hermit:Feint"],"picked":"hermit:Scavenge+1","floor":20},{"not_picked":["hermit:Misfire","hermit:CalledShot"],"picked":"hermit:Determination","floor":21},{"not_picked":["hermit:TrackingShot+1","hermit:Spite+1"],"picked":"hermit:FromBeyond","floor":23},{"not_picked":["hermit:Misfire","hermit:Vantage","hermit:PistolWhip"],"picked":"SKIP","floor":24},{"not_picked":["hermit:GoldenBullet+1","hermit:Gestalt+1","hermit:BodyArmor"],"picked":"SKIP","floor":28},{"not_picked":["hermit:Feint","hermit:RoundhouseKick","hermit:PistolWhip"],"picked":"SKIP","floor":31},{"not_picked":["hermit:TrackingShot+1","hermit:Misfire+1","hermit:HighCaliber+1"],"picked":"SKIP","floor":35},{"not_picked":["hermit:Headshot+1","hermit:ItchyTrigger+1","hermit:Quickdraw+1"],"picked":"SKIP","floor":36},{"not_picked":["hermit:WideOpen+1","hermit:Horror+1","hermit:HighCaliber"],"picked":"Singing Bowl","floor":38},{"not_picked":["hermit:Manifest","hermit:Quickdraw","hermit:Snipe"],"picked":"Singing Bowl","floor":39},{"not_picked":["hermit:RoundhouseKick","hermit:EyeOfTheStorm","hermit:Brawl"],"picked":"Singing Bowl","floor":41},{"not_picked":["hermit:Ricochet+1","hermit:ItchyTrigger","hermit:Desperado"],"picked":"Singing Bowl","floor":42},{"not_picked":["hermit:Misfire+1","hermit:Headshot+1","hermit:PistolWhip"],"picked":"Singing Bowl","floor":44},{"not_picked":["hermit:Coalescence+1","hermit:FullyLoaded+1"],"picked":"hermit:Grudge+1","floor":46},{"not_picked":["hermit:BodyArmor","hermit:Glare+1","hermit:Showdown"],"picked":"Singing Bowl","floor":47},{"not_picked":["hermit:Dive","hermit:Cheat+1","hermit:FromBeyond"],"picked":"Singing Bowl","floor":49}],"player_experience":578943,"relics_obtained":[{"floor":6,"key":"hermit:CharredGlove"},{"floor":9,"key":"Vajra"},{"floor":14,"key":"Blue Candle"},{"floor":23,"key":"Mummified Hand"},{"floor":26,"key":"Bronze Scales"},{"floor":30,"key":"Shuriken"},{"floor":43,"key":"Dream Catcher"},{"floor":46,"key":"Omamori"}],"event_choices":[{"damage_healed":0,"gold_gain":0,"player_choice":"Success","damage_taken":3,"relics_obtained":["Blood Vial"],"max_hp_gain":0,"max_hp_loss":0,"event_name":"Scrap Ooze","floor":3,"gold_loss":0},{"cards_removed":["hermit:Strike_Hermit"],"damage_healed":0,"gold_gain":0,"player_choice":"Purged","damage_taken":0,"max_hp_gain":0,"max_hp_loss":0,"event_name":"Purifier","floor":5,"gold_loss":0},{"damage_healed":0,"gold_gain":0,"player_choice":"Trade","damage_taken":0,"relics_obtained":["FaceOfCleric"],"max_hp_gain":0,"max_hp_loss":0,"event_name":"FaceTrader","floor":12,"gold_loss":0},{"damage_healed":0,"gold_gain":0,"player_choice":"Obtained Relic","damage_taken":0,"relics_obtained":["Letter Opener"],"max_hp_gain":0,"max_hp_loss":0,"event_name":"Addict","floor":19,"gold_loss":85},{"damage_healed":0,"gold_gain":0,"player_choice":"Shed Blood","damage_taken":19,"max_hp_gain":5,"max_hp_loss":0,"event_name":"Forgotten Altar","floor":29,"gold_loss":0},{"damage_healed":0,"gold_gain":100,"player_choice":"Pray","damage_taken":0,"max_hp_gain":0,"max_hp_loss":0,"event_name":"Golden Shrine","floor":45,"gold_loss":0}],"is_beta":false,"boss_relics":[{"not_picked":["Black Star","hermit:DentedPlate"],"picked":"SlaversCollar"},{"not_picked":["Runic Pyramid","Snecko Eye"],"picked":"Fusion Hammer"}],"items_purged_floors":[22,37,48],"is_endless":false,"potions_floor_spawned":[1,6,16,20,21,24,38,41,42,46],"killed_by":"Time Eater","ascension_level":1}}