{"host":"79pwvnyrdes6uj7k","time":1608082702,"event":{"mods":["2.2 Compatiblity","Astrologer","BaseMod","Beaked The Cultist","Colored Powertips","Downfall","Exacting","Friendly Minions","HexUI Lib","Highlight Path","Hubris","Mad Scientist","Mimic Mod","Minty Spire (QoL Compilation)","Random Character Button","Replay The Spire","Reworked Bosses","Shop Mod","Somnambulant","StSLib","The Cursed","The Disciple","The Factory","The Judge","The Jungle","The Poker Player","The Runesmith","TheHeartMod"],"gold_per_floor":[99,99,132,132,164,164,164,164,174,174,191,205,221,232,242,360,360,360],"floor_reached":17,"playtime":1841,"items_purged":[],"score":142,"play_id":"167bcaa7-861b-4b1d-aac9-9b8ac9f3bf0d","local_time":"20201215193822","is_ascension_mode":false,"campfire_choices":[{"floor":8,"key":"REST"},{"data":"MadScienceMod:MechanicalSnecko","floor":10,"key":"SMITH"}],"circlet_count":0,"master_deck":["MadScienceMod:Strike_MadScience","MadScienceMod:Strike_MadScience","MadScienceMod:Strike_MadScience","MadScienceMod:Strike_MadScience","MadScienceMod:Defend_MadScience","MadScienceMod:Defend_MadScience","MadScienceMod:Defend_MadScience","MadScienceMod:Defend_MadScience","MadScienceMod:PoweredStrike","MadScienceMod:HideBehindJunk","MadScienceMod:AutoStrike","MadScienceMod:AutoStrike","MadScienceMod:FlexibleSpear","MadScienceMod:MechanicalSnecko+1","MadScienceMod:AssemblyLine","MadScienceMod:FlameCannon","MadScienceMod:ParticleBeam","MadScienceMod:BandageBot","MadScienceMod:RecyclingStation","MadScienceMod:AutoStrike","MadScienceMod:ClockworkAssistant"],"relics":["MadScienceMod:FuelTank","downfall:HeartsMalice","Pet Ghost","Lantern","hubris:TenFootPole","hubris:Backtick","Shovel"],"acts_visited":["TheCity"],"potions_floor_usage":[5,12],"damage_taken":[{"damage":0,"enemies":"downfall:FleeingMerchant","floor":2,"turns":1},{"damage":0,"enemies":"3 Sentries","floor":3,"turns":1},{"damage":34,"enemies":"Lagavulin","floor":5,"turns":6},{"damage":0,"enemies":"Jaw Worm","floor":9,"turns":3},{"damage":0,"enemies":"2 Louse","floor":11,"turns":3},{"damage":6,"enemies":"Small Slimes","floor":12,"turns":2},{"damage":7,"enemies":"Exordium Thugs","floor":13,"turns":3},{"damage":0,"enemies":"Blue Slaver","floor":14,"turns":2},{"damage":7,"enemies":"Exordium Wildlife","floor":15,"turns":3},{"damage":0,"enemies":"downfall:CharBossIronclad","floor":16,"turns":1}],"seed_played":"-4948146093613296408","potions_obtained":[{"floor":3,"key":"Strength Potion"},{"floor":5,"key":"Fire Potion"},{"floor":13,"key":"ColorlessPotion"},{"floor":15,"key":"sneckomod:MuddlingPotion"}],"is_trial":false,"path_per_floor":["R","$","E","?","E","?","T","R","M","R","M","M","M","M","M","B",null],"character_chosen":"MAD_SCIENTIST","items_purchased":[],"campfire_rested":1,"item_purchase_floors":[],"current_hp_per_floor":[75,75,75,75,41,41,41,63,63,63,63,57,50,50,46,46,75,75],"gold":360,"neow_bonus":"THREE_ENEMY_KILL","is_daily":false,"chose_seed":false,"campfire_upgraded":1,"win_rate":0.0,"timestamp":1608082702,"path_taken":["R","$","E","?","E","?","T","R","M","R","M","M","?","M","M","BOSS"],"items_purchased_type":[],"build_version":"2020-12-13","purchased_purges":0,"victory":false,"max_hp_per_floor":[75,75,75,75,75,75,75,75,75,75,75,75,75,75,75,75,75,75],"card_choices":[{"not_picked":["MadScienceMod:OilDrum","MadScienceMod:GattlingGun"],"picked":"MadScienceMod:AutoStrike","floor":2},{"not_picked":["MadScienceMod:Refuel","MadScienceMod:EnergyBarrier"],"picked":"MadScienceMod:AutoStrike","floor":3},{"not_picked":["MadScienceMod:AntimatterBomb","MadScienceMod:RadioactiveSword"],"picked":"MadScienceMod:FlexibleSpear","floor":5},{"not_picked":["MadScienceMod:Probe","MadScienceMod:NowOrNever"],"picked":"MadScienceMod:AssemblyLine","floor":9},{"not_picked":["MadScienceMod:NowOrNever","MadScienceMod:ShrinkRay"],"picked":"MadScienceMod:FlameCannon","floor":11},{"not_picked":["MadScienceMod:RadioactiveSword","MadScienceMod:EnergyBarrier"],"picked":"MadScienceMod:ParticleBeam","floor":12},{"not_picked":["MadScienceMod:MechanicalClaw","MadScienceMod:ExtractOil"],"picked":"MadScienceMod:BandageBot","floor":13},{"not_picked":["MadScienceMod:Poke","MadScienceMod:FumeBlast"],"picked":"MadScienceMod:RecyclingStation","floor":14},{"not_picked":["MadScienceMod:Retarget","MadScienceMod:AntimatterBomb"],"picked":"MadScienceMod:AutoStrike","floor":15},{"not_picked":["MadScienceMod:Jetpack","MadScienceMod:Reconstitute"],"picked":"MadScienceMod:ClockworkAssistant","floor":16}],"player_experience":285367,"relics_obtained":[{"floor":3,"key":"Ornamental Fan"},{"floor":5,"key":"Lantern"},{"floor":7,"key":"hubris:TenFootPole"}],"event_choices":[{"damage_healed":0.0,"max_hp_gain":0.0,"max_hp_loss":0.0,"gold_gain":0.0,"event_name":"Big Fish","player_choice":"Box","floor":1.0,"gold_loss":0.0,"damage_taken":0.0,"relics_obtained":["Pet Ghost"],"cards_obtained":["Regret"]},{"cards_removed":["Regret"],"damage_healed":0,"gold_gain":0,"player_choice":"Card Removal","damage_taken":0,"max_hp_gain":0,"max_hp_loss":0,"event_name":"The Cleric","floor":4,"gold_loss":0}],"is_beta":false,"boss_relics":[{"not_picked":["hubris:GrandSneckoEye","Sozu"],"picked":"hubris:Backtick"}],"items_purged_floors":[],"is_endless":false,"potions_floor_spawned":[3,5,13,15],"ascension_level":0}}