{"host":"cr9rpoy6dx9riis3","time":1608149024,"event":{"mods":["AchievementEnabler","BaseMod","Better Altar","Better Note","Better Sensory Stone","Better Skull","Better Third Choice","Better-Laid Plans","BetterRewards","Block Reminder","Curses Come First","Displayed Cursed Tome","Emptier Cage","Marked Mod","Minty Spire (QoL Compilation)","Permanent Neow","Relic Sorter","StSLib","The Blue Laboratory","Transform Curses"],"gold_per_floor":[110,137,25,39,57,87,87,117,165,165,177,177,191,205,205,305,305,318,166,166,177,9,38,38,56,105,135,135,146,146,146],"floor_reached":30,"playtime":1068,"items_purged":["Bash","Strike_R"],"score":466,"play_id":"7c383d18-b76b-4cc7-88d8-8ba880eedde3","local_time":"20201216210344","is_ascension_mode":true,"campfire_choices":[{"data":"Bandage Up","floor":7,"key":"SMITH"},{"data":"Spot Weakness","floor":10,"key":"SMITH"},{"data":"Uppercut","floor":15,"key":"SMITH"},{"data":"Limit Break","floor":24,"key":"SMITH"},{"data":"Demon Form","floor":28,"key":"SMITH"}],"circlet_count":0,"master_deck":["Strike_R","Strike_R","Strike_R","Strike_R","Defend_R","Defend_R","Defend_R","Defend_R","Rampage","Bandage Up+1","Spot Weakness+1","Carnage","Rampage","Rampage","Uppercut+1","Disarm","Rupture","Reaper","Demon Form+1","Heavy Blade+1","Limit Break+1","Brutality"],"relics":["Burning Blood","Coffee Dripper","HornCleat","Mummified Hand","Self Forming Clay","Nunchaku"],"acts_visited":["Exordium","TheCity"],"potions_floor_usage":[6,6,8,23,23],"damage_taken":[{"damage":1,"enemies":"Cultist","floor":1,"turns":3},{"damage":7,"enemies":"Jaw Worm","floor":4,"turns":3},{"damage":3,"enemies":"Small Slimes","floor":5,"turns":3},{"damage":56,"enemies":"Lagavulin","floor":6,"turns":7},{"damage":18,"enemies":"3 Sentries","floor":8,"turns":6},{"damage":14,"enemies":"Exordium Thugs","floor":11,"turns":3},{"damage":4,"enemies":"2 Fungi Beasts","floor":13,"turns":3},{"damage":3,"enemies":"Blue Slaver","floor":14,"turns":3},{"damage":8,"enemies":"Hexaghost","floor":16,"turns":7},{"damage":25,"enemies":"3 Byrds","floor":18,"turns":6},{"damage":35,"enemies":"Chosen","floor":21,"turns":5},{"damage":51,"enemies":"Slavers","floor":23,"turns":6},{"damage":22,"enemies":"Snecko","floor":25,"turns":5},{"damage":35,"enemies":"Book of Stabbing","floor":27,"turns":5},{"damage":28,"enemies":"Centurion and Healer","floor":29,"turns":5},{"damage":44,"enemies":"Sentry and Sphere","floor":30,"turns":5}],"seed_played":"9216624805608313694","potions_obtained":[{"floor":4,"key":"SteroidPotion"},{"floor":5,"key":"Fruit Juice"},{"floor":6,"key":"Swift Potion"},{"floor":16,"key":"blueLaboratory:Moonshine"},{"floor":21,"key":"blueLaboratory:BottleOfVodka"},{"floor":23,"key":"Strength Potion"},{"floor":27,"key":"Strength Potion"}],"is_trial":false,"path_per_floor":["M","T","$","M","M","E","R","E","T","R","M","T","M","M","R","B",null,"M","$","?","M","$","E","R","M","T","E","R","M","M"],"character_chosen":"IRONCLAD","items_purchased":["Rampage","Self Forming Clay","Bandage Up","Spot Weakness","Carnage","Demon Form","Limit Break"],"campfire_rested":0,"item_purchase_floors":[0,0,0,3,3,19,22],"current_hp_per_floor":[76,76,76,79,80,39,39,33,33,33,31,31,39,48,48,52,85,78,78,78,63,63,46,46,51,51,36,36,34,0,0],"gold":146,"neow_bonus":"","is_daily":false,"chose_seed":false,"campfire_upgraded":5,"win_rate":0.0,"timestamp":1608149024,"path_taken":["M","?","$","M","M","E","R","E","T","R","M","?","M","M","R","BOSS","M","$","?","M","$","E","R","?","T","E","R","M","M"],"items_purchased_type":["Card","Relic","Card","Card","Card","Card","Card"],"build_version":"2020-12-13","purchased_purges":2,"victory":false,"max_hp_per_floor":[80,80,80,80,80,85,85,85,85,85,85,85,85,85,85,85,85,85,85,85,85,85,85,85,85,85,85,85,85,85,85],"card_choices":[{"not_picked":["Heavy Blade","Headbutt","Cleave"],"picked":"SKIP","floor":1},{"not_picked":["Pommel Strike","Carnage","Burning Pact"],"picked":"SKIP","floor":4},{"not_picked":["Anger","Pummel"],"picked":"Rampage","floor":5},{"not_picked":["Perfected Strike","Whirlwind"],"picked":"Rampage","floor":6},{"not_picked":["Fiend Fire","Clothesline"],"picked":"Uppercut","floor":8},{"not_picked":["Clothesline","Anger","Clash"],"picked":"SKIP","floor":11},{"not_picked":["Shrug It Off","Intimidate"],"picked":"Disarm","floor":13},{"not_picked":["Wild Strike","Sentinel"],"picked":"Rupture","floor":14},{"not_picked":["Double Tap","Berserk"],"picked":"Reaper","floor":16},{"not_picked":["Wild Strike","Anger","Headbutt"],"picked":"SKIP","floor":18},{"not_picked":["True Grit+1","Combust"],"picked":"Heavy Blade+1","floor":21},{"not_picked":["Twin Strike+1","Sword Boomerang","Headbutt"],"picked":"SKIP","floor":23},{"not_picked":["Battle Trance","Anger","Dark Embrace"],"picked":"SKIP","floor":25},{"not_picked":["Searing Blow+1","True Grit+1","Clothesline"],"picked":"SKIP","floor":27},{"not_picked":["Wild Strike","Headbutt+1"],"picked":"Brutality","floor":29}],"player_experience":718841,"relics_obtained":[{"floor":6,"key":"HornCleat"},{"floor":9,"key":"Nunchaku"},{"floor":27,"key":"Mummified Hand"}],"event_choices":[{"damage_healed":0,"gold_gain":0,"player_choice":"Ignored","damage_taken":0,"max_hp_gain":0,"max_hp_loss":0,"event_name":"WeMeetAgain","floor":20,"gold_loss":0}],"is_beta":false,"boss_relics":[{"not_picked":["Runic Dome","Pandora\u0027s Box"],"picked":"Coffee Dripper"}],"items_purged_floors":[19,22],"is_endless":false,"potions_floor_spawned":[4,5,6,16,21,23,27],"killed_by":"Sentry and Sphere","ascension_level":3}}