{"host":"pkysykycfg9bua8p","time":1608122316,"event":{"mods":["AchievementEnabler","BaseMod","Better Third Choice","Filter the Spire","Minty Spire (QoL Compilation)","StSLib"],"gold_per_floor":[364,40,52,72,247,247,309,309,309,325,325,341,341,351,351,453,503,521,521,539,454,309,309,309,309],"floor_reached":24,"playtime":1153,"items_purged":["Doubt"],"score":220,"play_id":"e6c3bcbf-d181-4062-a19e-e64f822645e1","local_time":"20201217013836","is_ascension_mode":true,"campfire_choices":[{"data":"Blade Dance","floor":6,"key":"SMITH"},{"floor":11,"key":"REST"},{"floor":13,"key":"REST"},{"floor":15,"key":"REST"},{"data":"Endless Agony","floor":23,"key":"SMITH"}],"circlet_count":0,"master_deck":["Strike_G","Strike_G","Strike_G+1","Strike_G","Strike_G","Defend_G","Defend_G","Defend_G","Defend_G+1","Defend_G","Survivor","Neutralize+1","Blade Dance+1","Accuracy","Burst","Terror","A Thousand Cuts","Slice","Escape Plan+1","Endless Agony+1"],"relics":["Ring of the Snake","Bottled Lightning","Whetstone","Dream Catcher","Meat on the Bone","Tiny House","betterThird:NestCultRelic","Strawberry"],"acts_visited":["Exordium","TheCity"],"potions_floor_usage":[7,10,16,16,20,24,24],"damage_taken":[{"damage":0,"enemies":"2 Louse","floor":1,"turns":2},{"damage":0,"enemies":"Small Slimes","floor":3,"turns":3},{"damage":1,"enemies":"Cultist","floor":4,"turns":4},{"damage":14,"enemies":"Gremlin Nob","floor":7,"turns":3},{"damage":2,"enemies":"Looter","floor":10,"turns":3},{"damage":0,"enemies":"2 Fungi Beasts","floor":12,"turns":2},{"damage":8,"enemies":"Exordium Wildlife","floor":14,"turns":4},{"damage":37,"enemies":"The Guardian","floor":16,"turns":10},{"damage":10,"enemies":"3 Byrds","floor":18,"turns":6},{"damage":31,"enemies":"Spheric Guardian","floor":20,"turns":6},{"damage":60,"enemies":"Book of Stabbing","floor":24,"turns":5}],"seed_played":"-8430929008612630298","potions_obtained":[{"floor":3,"key":"Strength Potion"},{"floor":7,"key":"CultistPotion"},{"floor":10,"key":"Fruit Juice"},{"floor":12,"key":"Strength Potion"},{"floor":14,"key":"SkillPotion"},{"floor":17,"key":"AttackPotion"},{"floor":18,"key":"Dexterity Potion"},{"floor":20,"key":"AttackPotion"}],"is_trial":false,"path_per_floor":["M","$","M","M","?","R","?","?","T","M","R","M","R","M","R","B",null,"M","?","M","?","$","R","E"],"character_chosen":"THE_SILENT","items_purchased":["Accuracy","Bottled Lightning","Endless Agony"],"campfire_rested":3,"item_purchase_floors":[2,2,22],"current_hp_per_floor":[49,49,49,48,48,48,34,34,34,49,71,71,75,67,75,38,80,70,70,51,58,58,58,0,0],"gold":309,"neow_bonus":"TWO_FIFTY_GOLD","is_daily":false,"chose_seed":false,"campfire_upgraded":2,"win_rate":0.0,"timestamp":1608122316,"path_taken":["M","$","M","M","?","R","?","?","T","?","R","M","R","M","R","BOSS","M","?","M","?","$","R","E"],"items_purchased_type":["Card","Relic","Card"],"build_version":"2020-12-13","purchased_purges":1,"victory":false,"max_hp_per_floor":[70,70,70,70,70,70,70,70,70,75,75,75,75,75,75,75,80,80,80,80,87,87,87,87,87],"card_choices":[{"not_picked":["Dagger Throw","Poisoned Stab"],"picked":"Blade Dance","floor":1},{"not_picked":["Slice","Escape Plan"],"picked":"Burst","floor":3},{"not_picked":["Flying Knee","Poisoned Stab"],"picked":"Terror","floor":4},{"not_picked":["Deadly Poison","Bouncing Flask","Prepared"],"picked":"SKIP","floor":10},{"not_picked":["Caltrops","Flechettes","Eviscerate"],"picked":"SKIP","floor":12},{"not_picked":["Dagger Throw","PiercingWail","Deadly Poison"],"picked":"SKIP","floor":14},{"not_picked":["Phantasmal Killer","Doppelganger"],"picked":"A Thousand Cuts","floor":16},{"not_picked":["Deflect","Distraction"],"picked":"Slice","floor":18},{"not_picked":["Crippling Poison","Reflex+1"],"picked":"Escape Plan+1","floor":20}],"player_experience":52250,"relics_obtained":[{"floor":7,"key":"Whetstone"},{"floor":9,"key":"Meat on the Bone"}],"event_choices":[{"damage_healed":0,"gold_gain":175,"player_choice":"AGREE","damage_taken":72,"max_hp_gain":0,"max_hp_loss":0,"event_name":"betterThird:BetterSerpent","floor":5,"gold_loss":0},{"damage_healed":0,"gold_gain":0,"player_choice":"Searched \u00271\u0027 times","damage_taken":0,"max_hp_gain":0,"max_hp_loss":0,"event_name":"Dead Adventurer","floor":7,"gold_loss":0},{"damage_healed":0,"gold_gain":0,"player_choice":"Gave Potion","damage_taken":0,"relics_obtained":["Dream Catcher"],"max_hp_gain":0,"max_hp_loss":0,"event_name":"WeMeetAgain","floor":8,"gold_loss":0},{"damage_healed":0,"gold_gain":0,"player_choice":"Madness","damage_taken":0,"relics_obtained":["betterThird:NestCultRelic"],"max_hp_gain":0,"max_hp_loss":0,"event_name":"betterThird:BetterNest","floor":19,"gold_loss":0},{"damage_healed":0,"gold_gain":0,"player_choice":"Obtained Relic","damage_taken":0,"relics_obtained":["Strawberry"],"max_hp_gain":0,"max_hp_loss":0,"event_name":"Addict","floor":21,"gold_loss":85}],"is_beta":false,"boss_relics":[{"not_picked":["Calling Bell","Snecko Eye"],"picked":"Tiny House"}],"items_purged_floors":[22],"is_endless":false,"potions_floor_spawned":[3,7,10,12,14,18,20],"killed_by":"Book of Stabbing","ascension_level":1}}