{"host":"Teixeira","time":1608157955,"event":{"mods":["2.2 Compatiblity","BaseMod","Colored Map","Colored Powertips","Downfall","Hermit","Hubris","Minty Spire (QoL Compilation)","Permanent Neow","Rare Cards Sparkle","Relic Filter","Replay The Spire","Spicy Shops","StSLib","SuperFastMode"],"gold_per_floor":[99,99,99,115,144,161,161,161,161,173,192,192,212,223,16,16,37,145,145,145,195,195,228,228,228,228,149,149,181,36,64,64,79,92,197,197,122,145,145,172,267,290,290,328,346,346,366,266,266,278,288,288],"floor_reached":53,"playtime":6395,"items_purged":["hubris:Greed","Parasite"],"score":1007,"play_id":"9ac73bd8-645c-4013-ac26-a84f6938c5d5","local_time":"20201216193235","is_ascension_mode":false,"campfire_choices":[{"data":"hexamod:Float","floor":1.0,"key":"SMITH"},{"data":"hexamod:Sear","floor":8.0,"key":"SMITH"},{"data":"Pot Of Greed","floor":12.0,"key":"SMITH"},{"data":"Pot Of Greed","floor":20.0,"key":"SMITH"},{"data":"Pot Of Greed","floor":22.0,"key":"SMITH"},{"data":"hexamod:EmpoweringStance","floor":25.0,"key":"SMITH"},{"data":"hexamod:PhantomCloak","floor":28.0,"key":"SMITH"},{"data":"hexamod:TimeOfNeed","floor":37.0,"key":"SMITH"},{"data":"Master of Strategy","floor":46,"key":"SMITH"}],"circlet_count":0,"master_deck":["hexamod:Strike+1","hexamod:Strike","hexamod:Strike+1","hexamod:Defend+1","hexamod:Defend","hexamod:Defend","hexamod:Sear+1","hexamod:Float+1","hexamod:Hexaguard","hexamod:GhostOfSpireFuture","hexamod:ThermalTransfer+1","Pot Of Greed+1","Pot Of Greed+1","hexamod:ThermalTransfer+1","hexamod:StepThrough","hexamod:WildfireWeapon","hexamod:EmpoweredFlame+1","hexamod:PhantomCloak+1","hexamod:PhantomFireball","hexamod:SecondSeal","hexamod:TimeWarp+1","hexamod:FastForward+1","hexamod:EmpoweringStance+1","Pot Of Greed+1","hexamod:ThirdSeal","hexamod:FourthSeal","hexamod:CrushingStance","Master of Strategy+1","hexamod:SixthSeal","hexamod:TimeOfNeed+1","CurseOfTheBell","hexamod:FastForward+1","hexamod:SkipABeat+1","hexamod:FirstSeal","Pot Of Greed"],"relics":["hexamod:SpiritBrand","Membership Card","hubris:OldNail","Durian","Grinning Jar","Membership Card","FossilizedHelix","ReplayTheSpireMod:Ring of Collecting","Ring of Hypnosis","Sozu","Replay:Wax Seal","Juzu Bracelet","Ring of Misfortune","Strange Spoon","hexamod:InflammatoryLetter","Unceasing Top","Replay:Grab Bag","hubris:TerracottaHorce","Coffee Dripper","Black Star","Calling Bell","hubris:Potato","Blood Vial","White Beast Statue","downfall:HeartBlessingBlue","Potion Belt","ReplayTheSpireMod:Lightbulb","hubris:Zylophone","Sling","ClockworkSouvenir","Whetstone","ReplayTheSpireMod:Ring of Exchange","Kunai","Blue Doll","Anchor"],"acts_visited":["Exordium","TheCity","TheBeyond"],"potions_floor_usage":[52],"damage_taken":[{"damage":0.0,"enemies":"Jaw Worm","floor":4.0,"turns":3.0},{"damage":41.0,"enemies":"Gremlin Nob","floor":5.0,"turns":5.0},{"damage":0.0,"enemies":"Small Slimes","floor":6.0,"turns":4.0},{"damage":0.0,"enemies":"Cultist","floor":10.0,"turns":3.0},{"damage":3.0,"enemies":"Gremlin Gang","floor":11.0,"turns":4.0},{"damage":11.0,"enemies":"Exordium Thugs","floor":13.0,"turns":4.0},{"damage":2.0,"enemies":"Red Slaver","floor":14.0,"turns":3.0},{"damage":0.0,"enemies":"downfall:FleeingMerchant","floor":15.0,"turns":4.0},{"damage":0.0,"enemies":"Blue Slaver","floor":17.0,"turns":3.0},{"damage":0.0,"enemies":"downfall:Watcher","floor":18.0,"turns":10.0},{"damage":3.0,"enemies":"Book of Stabbing","floor":23.0,"turns":5.0},{"damage":0.0,"enemies":"downfall:FleeingMerchant","floor":27.0,"turns":4.0},{"damage":0.0,"enemies":"Replay:Snechameleon","floor":29.0,"turns":5.0},{"damage":0.0,"enemies":"downfall:FleeingMerchant","floor":30.0,"turns":4.0},{"damage":0.0,"enemies":"3 Byrds","floor":31.0,"turns":5.0},{"damage":0.0,"enemies":"Chosen","floor":33.0,"turns":3.0},{"damage":0.0,"enemies":"Snecko","floor":34.0,"turns":5.0},{"damage":10.0,"enemies":"downfall:Defect","floor":35.0,"turns":7.0},{"damage":0.0,"enemies":"3 Shapes","floor":38.0,"turns":5.0},{"damage":0.0,"enemies":"R_Hoarder","floor":40.0,"turns":7.0},{"damage":0.0,"enemies":"downfall:FleeingMerchant","floor":41.0,"turns":4.0},{"damage":9,"enemies":"3 Darklings","floor":42,"turns":4},{"damage":0,"enemies":"Nemesis","floor":44,"turns":5},{"damage":0,"enemies":"Spire Growth","floor":45,"turns":4},{"damage":0,"enemies":"Maw","floor":47,"turns":7},{"damage":0,"enemies":"Writhing Mass","floor":50,"turns":4},{"damage":0,"enemies":"Jaw Worm Horde","floor":51,"turns":3},{"damage":0,"enemies":"downfall:Ironclad","floor":52,"turns":8}],"seed_played":"-1241628203114073585","potions_obtained":[{"floor":6.0,"key":"Fire Potion"},{"floor":14.0,"key":"Swift Potion"},{"floor":17.0,"key":"hexamod:InfernoChargePotion"}],"is_trial":false,"path_per_floor":["R","R_BF","PTL","M","E","M","?","R","T","M","M","R","M","M","$","?","M","B",null,"R","?","R","E","?","R","T","$","R","E","$","M","?","M","M","B",null,"R","M","?","E","$","M","T","E","M","R","M","NS","?","M","M","B",null],"character_chosen":"THE_SPIRIT","items_purchased":["Membership Card","FossilizedHelix","hexamod:PhantomCloak","hexamod:PhantomFireball","Strange Spoon","Unceasing Top","Master of Strategy","hubris:Zylophone","Sling","ClockworkSouvenir","hexamod:FastForward+1","Whetstone"],"campfire_rested":0,"item_purchase_floors":[15,15,15,15,27,30,30,41,41,41,41,41],"current_hp_per_floor":[70,70,70,70,34,34,34,34,34,34,31,31,20,18,18,18,18,18,75,75,45,45,42,42,42,42,42,42,42,42,42,42,42,42,32,64,74,76,76,78,80,73,73,75,77,77,79,79,79,81,82,82],"gold":288,"neow_bonus":"RANDOM_COMMON_RELIC","is_daily":false,"chose_seed":false,"campfire_upgraded":9,"win_rate":0.0,"timestamp":1608157955,"path_taken":["R","R_BF","PTL","M","E","M","?","R","T","M","M","R","M","M","$","?","M","BOSS","R","?","R","E","?","R","T","$","R","E","$","M","?","M","M","BOSS","R","M","?","E","$","M","T","E","M","R","M","NS","?","M","M","BOSS"],"items_purchased_type":["Relic","Relic","Card","Card","Relic","Relic","Card","Relic","Relic","Relic","Card","Relic"],"build_version":"2020-11-17","purchased_purges":2,"victory":true,"max_hp_per_floor":[70,70,70,70,75,75,75,75,75,75,75,75,75,75,75,75,75,75,75,75,75,75,75,75,75,75,75,75,75,75,75,75,75,75,75,75,85,85,85,85,82,82,82,82,82,82,82,82,82,82,82,82],"card_choices":[{"not_picked":["hexamod:GhostShield","hexamod:HeatShield"],"picked":"hexamod:Hexaguard","floor":4.0},{"not_picked":["hexamod:HauntingEcho","hexamod:ThermalTransfer"],"picked":"hexamod:GhostOfSpireFuture","floor":5.0},{"not_picked":["hexamod:Rewind","hexamod:InspiringFlames"],"picked":"hexamod:ThermalTransfer","floor":6.0},{"not_picked":["hexamod:Firestarter","hexamod:NightmareStrike"],"picked":"hexamod:ThermalTransfer","floor":10.0},{"not_picked":["hexamod:PhantomCloak","hexamod:ExtraCrispy"],"picked":"hexamod:StepThrough","floor":11.0},{"not_picked":["hexamod:UnleashSpirits","hexamod:BacktrackSmack","hexamod:Firestarter"],"picked":"SKIP","floor":13.0},{"not_picked":["hexamod:HauntingEcho","hexamod:HeatCrush"],"picked":"hexamod:WildfireWeapon","floor":14.0},{"not_picked":["hexamod:EtherealExpedition","hexamod:Rewind"],"picked":"hexamod:EmpoweredFlame","floor":15.0},{"not_picked":["hexamod:StepThrough","hexamod:ExtraCrispy"],"picked":"hexamod:SecondSeal","floor":17.0},{"not_picked":["hexamod:EmpoweringStance","hexamod:SearingWound"],"picked":"hexamod:TimeWarp","floor":18.0},{"not_picked":["hexamod:Firestarter","hexamod:BurningTouch"],"picked":"hexamod:FastForward","floor":21.0},{"not_picked":["hexamod:NightmareGuise","hexamod:GhostOfSpirePresent"],"picked":"hexamod:EmpoweringStance","floor":21.0},{"not_picked":["hexamod:FastForward+1","hexamod:NightmareStrike+1"],"picked":"hexamod:ThirdSeal","floor":23.0},{"not_picked":["hexamod:FastForward+1","hexamod:BacktrackSmack"],"picked":"hexamod:FourthSeal","floor":27.0},{"not_picked":["hexamod:HauntingEcho","hexamod:NightmareStrike","hexamod:Firestarter"],"picked":"SKIP","floor":27.0},{"not_picked":["hexamod:HauntingEcho","hexamod:EmpoweredFlame"],"picked":"hexamod:CrushingStance","floor":29.0},{"not_picked":["hexamod:SpectersWail","hexamod:PhantomCloak","hexamod:HeatShield"],"picked":"SKIP","floor":29.0},{"not_picked":["hexamod:GhostShield","hexamod:BacktrackSmack","hexamod:SpectralAdrenaline+1"],"picked":"SKIP","floor":30.0},{"not_picked":["hexamod:BurningTouch","hexamod:RadiantFlame","hexamod:Hexaguard"],"picked":"SKIP","floor":30.0},{"not_picked":["hexamod:Again","hexamod:SwordOfDarkness+1","hexamod:PhantomCloak"],"picked":"SKIP","floor":31.0},{"not_picked":["hexamod:SwordOfDarkness","hexamod:BurningTouch","hexamod:GhostShield"],"picked":"SKIP","floor":33.0},{"not_picked":["hexamod:NightmareStrike+1","hexamod:ThermalTransfer","hexamod:SpectersWail"],"picked":"SKIP","floor":33.0},{"not_picked":["hexamod:GhostOfSpireFuture+1","hexamod:InspiringFlames"],"picked":"hexamod:DynamicBlow","floor":34.0},{"not_picked":["hexamod:BacktrackSmack+1","hexamod:NightmareStrike","hexamod:RadiantFlame"],"picked":"SKIP","floor":34.0},{"not_picked":["hexamod:BacktrackSmack+1","hexamod:NightmareStrike","hexamod:RadiantFlame"],"picked":"SKIP","floor":34.0},{"not_picked":["hexamod:GhostflameInferno","hexamod:UnleashSpirits"],"picked":"hexamod:SixthSeal","floor":35.0},{"not_picked":["hexamod:SearingWound","hexamod:CrushingStance"],"picked":"hexamod:TimeOfNeed","floor":35.0},{"not_picked":["hexamod:BurningTouch","hexamod:AdvancingGuard","hexamod:RainOfEmbers+1"],"picked":"SKIP","floor":38.0},{"not_picked":["hexamod:HeatCrush","hexamod:ThermalTransfer","hexamod:GhostflameBarrier+1"],"picked":"SKIP","floor":40.0},{"not_picked":["hexamod:PhantomFireball","hexamod:Rewind","hexamod:BacktrackSmack"],"picked":"SKIP","floor":40.0},{"not_picked":["hexamod:SoulSteal+1","hexamod:Firestarter+1","hexamod:Rewind"],"picked":"SKIP","floor":42},{"not_picked":["hexamod:ShieldOfDarkness+1","hexamod:SpectersWail","hexamod:GhostShield"],"picked":"SKIP","floor":44},{"not_picked":["hexamod:GhostShield","hexamod:BurningTouch"],"picked":"hexamod:SkipABeat+1","floor":45},{"not_picked":["hexamod:HauntingEcho","hexamod:VolcanoVisage","hexamod:SoulSteal+1"],"picked":"SKIP","floor":47},{"not_picked":["hexamod:Rewind","hexamod:Hexaguard","hexamod:SkipABeat+1"],"picked":"SKIP","floor":47},{"not_picked":["hexamod:HauntingEcho","hexamod:SpectersWail+1"],"picked":"hexamod:FirstSeal","floor":50},{"not_picked":["hexamod:ShieldOfDarkness","hexamod:FastForward","hexamod:SoulSteal+1"],"picked":"SKIP","floor":50},{"not_picked":["hexamod:ShieldOfDarkness","hexamod:FastForward","hexamod:SoulSteal+1"],"picked":"SKIP","floor":50},{"not_picked":["hexamod:AdvancingGuard+1","hexamod:BurningTouch+1","hexamod:RainOfEmbers"],"picked":"SKIP","floor":51}],"player_experience":46135,"relics_obtained":[{"floor":5.0,"key":"Durian"},{"floor":9.0,"key":"Grinning Jar"},{"floor":16.0,"key":"ReplayTheSpireMod:Ring of Collecting"},{"floor":16.0,"key":"Ring of Hypnosis"},{"floor":21.0,"key":"Replay:Wax Seal"},{"floor":23.0,"key":"Juzu Bracelet"},{"floor":26.0,"key":"Ring of Misfortune"},{"floor":29.0,"key":"hexamod:InflammatoryLetter"},{"floor":36.0,"key":"hubris:Potato"},{"floor":36.0,"key":"Blood Vial"},{"floor":36.0,"key":"White Beast Statue"},{"floor":40.0,"key":"Potion Belt"},{"floor":40.0,"key":"ReplayTheSpireMod:Lightbulb"},{"floor":43,"key":"ReplayTheSpireMod:Ring of Exchange"},{"floor":43,"key":"Kunai"},{"floor":44,"key":"Blue Doll"},{"floor":44,"key":"Anchor"}],"event_choices":[{"damage_healed":0.0,"max_hp_gain":0.0,"max_hp_loss":0.0,"gold_gain":0.0,"event_name":"Lab","player_choice":"Got Potions","floor":24.0,"gold_loss":0.0,"damage_taken":0.0},{"damage_healed":0.0,"max_hp_gain":0.0,"max_hp_loss":0.0,"gold_gain":0.0,"event_name":"Upgrade Shrine","player_choice":"Upgraded","floor":32.0,"gold_loss":0.0,"damage_taken":0.0,"cards_upgraded":["hexamod:ThermalTransfer"]},{"damage_healed":0.0,"max_hp_gain":0.0,"max_hp_loss":0.0,"gold_gain":0.0,"event_name":"Accursed Blacksmith","player_choice":"Forge","floor":39.0,"gold_loss":0.0,"damage_taken":0.0,"cards_upgraded":["hexamod:FastForward"]},{"cards_removed":["hexamod:Defend"],"damage_healed":0,"gold_gain":0,"player_choice":"Purged","damage_taken":0,"max_hp_gain":0,"max_hp_loss":0,"event_name":"Purifier","floor":49,"gold_loss":0}],"is_beta":true,"boss_relics":[{"not_picked":["hubris:BlackHole","SlaversCollar"],"picked":"Sozu"},{"not_picked":["Runic Dome","ChewingGum"],"picked":"Replay:Grab Bag"},{"not_picked":["ReplayTheSpireMod:Onyx Gauntlets","Fusion Hammer"],"picked":"hubris:TerracottaHorce"},{"not_picked":["hubris:CrackedHourglass","Cursed Key"],"picked":"Coffee Dripper"},{"not_picked":["Runic Pyramid","hubris:ScarierMask"],"picked":"Black Star"},{"not_picked":["SacredBark","Replay:Drink Me"],"picked":"Calling Bell"}],"items_purged_floors":[27,41],"is_endless":false,"potions_floor_spawned":[6,14,17,18,31,35,38,41,44,45,47,50,51],"ascension_level":0}}