{"host":"g53g9qlo34vrqi92","time":1608106463,"event":{"mods":["Aspiration","Bard","BaseMod","Beaked The Cultist","BetterRewards","Colored Map","Conspire","Energized Spire","Fiend Mod","GifTheSpireLib","Googly Eyes","Gremlin Skip","Halation","Hermit","Hubris","Infinite Spire","Jedi Mod","Minty Spire (QoL Compilation)","Permanent Neow","Quick Restart","Relic Filter","Replay The Spire","Spikes Relics","StSLib","Stuff the Spire","Synergy Search","The Bladedancer","The Bug Knight","The Construct","The Cursed","The Factory","The Forsaken","The Jungle","The Necromancer","The Spell Scribe","The Trickster","Trackpad","slay the spire mod where everything is the same but ironclad has a cowboy hat","vexMod"],"gold_per_floor":[116,134,152,165,183,215,215,234,280,294,294,294,394,404,404,500,500,514,514,613,150,170,170,195,195,195,214,214,214],"floor_reached":28,"playtime":7304,"items_purged":["Strike_B","Defend_B"],"score":367,"play_id":"9e0f4748-d0c6-4f35-a6ec-8e64eb691745","local_time":"20201216001423","is_ascension_mode":false,"campfire_choices":[{"floor":7.0,"key":"REST"},{"floor":15.0,"key":"REST"},{"data":"Zap","floor":23,"key":"SMITH"},{"data":"Buffer","floor":25,"key":"SMITH"}],"circlet_count":0,"master_deck":["Strike_B","Strike_B","Strike_B","Defend_B","Defend_B","Defend_B","Zap+1","Dualcast","Redo","Redo","Sweeping Beam","ReplayTheSpireMod:Calculation Training","StuffTheSpire:Plugnplay","Barrage","Ball Lightning","Storm","Storm","Rebound","jedi:blockon","Buffer+1","Compile Driver+1","Streamline","hubris:SpecializedCircuitry","ReplayTheSpireMod:Calculation Training","Thunderclap","Shrug It Off"],"relics":["Cracked Core","ClockworkSouvenir","trackpad:BottledTsunami","MiniBlackHole","Prayer Wheel","aspiration:IroncladSkillbook","hubris:BottledHeart","conspire:GiftBox","Orichalcum","Frozen Egg 2"],"acts_visited":["Exordium","TheCity"],"potions_floor_usage":[18,18,24,27,28,28],"damage_taken":[{"damage":0.0,"enemies":"Small Slimes","floor":1.0,"turns":3.0},{"damage":1.0,"enemies":"2 Louse","floor":2.0,"turns":2.0},{"damage":0.0,"enemies":"Cultist","floor":3.0,"turns":3.0},{"damage":6.0,"enemies":"2 Fungi Beasts","floor":4.0,"turns":2.0},{"damage":9.0,"enemies":"Blue Slaver","floor":5.0,"turns":3.0},{"damage":14.0,"enemies":"HollowMod:MossKnight","floor":6.0,"turns":5.0},{"damage":0.0,"enemies":"Exordium Wildlife","floor":8.0,"turns":2.0},{"damage":13.0,"enemies":"Lots of Slimes","floor":10.0,"turns":2.0},{"damage":5.0,"enemies":"Looter","floor":14.0,"turns":2.0},{"damage":35.0,"enemies":"The Guardian","floor":16.0,"turns":8.0},{"damage":32,"enemies":"3 Byrds","floor":18,"turns":4},{"damage":0,"enemies":"Chosen","floor":22,"turns":5},{"damage":0,"enemies":"Gremlin Leader","floor":24,"turns":6},{"damage":0,"enemies":"Snake Plant","floor":27,"turns":3},{"damage":7,"enemies":"Slavers","floor":28,"turns":2}],"seed_played":"-544014222859416920","potions_obtained":[{"floor":2.0,"key":"jedi:coolantleak"},{"floor":3.0,"key":"Languid Potion"},{"floor":5.0,"key":"Fire Potion"},{"floor":8.0,"key":"Weak Potion"},{"floor":16.0,"key":"AttackPotion"},{"floor":24,"key":"Fire Potion"},{"floor":27,"key":"Fire Potion"}],"is_trial":false,"path_per_floor":["M","M","M","M","M","E","R","M","T","M","?","?","?","M","R","B",null,"M","?","?","$","M","R","E","R","T","M","E"],"character_chosen":"DEFECT","items_purchased":["ClockworkSouvenir","trackpad:BottledTsunami","Redo","conspire:GiftBox","Energy Potion"],"campfire_rested":2,"item_purchase_floors":[0,0,0,21,21],"current_hp_per_floor":[48,47,47,41,32,18,40,40,40,27,27,27,27,22,44,9,75,47,1,1,1,1,1,1,1,1,1,0,0],"gold":214,"neow_bonus":"","is_daily":false,"chose_seed":false,"campfire_upgraded":2,"win_rate":0.0,"timestamp":1608106463,"path_taken":["M","M","M","M","M","E","R","M","T","M","?","?","?","?","R","BOSS","M","?","?","$","M","R","E","R","T","M","E"],"items_purchased_type":["Relic","Relic","Card","Relic","Potion"],"build_version":"2020-12-13","purchased_purges":2,"victory":false,"max_hp_per_floor":[75,75,75,75,75,75,75,75,75,75,75,75,75,75,75,75,75,75,1,1,1,1,1,1,1,1,1,1,1],"card_choices":[{"not_picked":["ReplayTheSpireMod:System Scan","jedi:BurstLightning"],"picked":"ReplayTheSpireMod:Calculation Training","floor":1.0},{"not_picked":["ReplayTheSpireMod:Dual Polarity","ReplayTheSpireMod:Reroute Power"],"picked":"StuffTheSpire:Plugnplay","floor":2.0},{"not_picked":["Coolheaded","Stack"],"picked":"Barrage","floor":3.0},{"not_picked":["Steam","jedi:sharpshooter"],"picked":"Ball Lightning","floor":4.0},{"not_picked":["DiskWipe","Panic Button"],"picked":"Storm","floor":5.0},{"not_picked":["Coolheaded","Steam Power"],"picked":"Storm","floor":6.0},{"not_picked":["Barrage","StuffTheSpire:Coldhearted"],"picked":"ReplayTheSpireMod:Fabricate Wheel","floor":8.0},{"not_picked":["jedi:BurstLightning","Reprogram"],"picked":"Rebound","floor":10.0},{"not_picked":["Beam Cell","hubris:PowerSurge"],"picked":"jedi:blockon","floor":14.0},{"not_picked":["jedi:studyfrost","Amplify"],"picked":"Buffer","floor":16.0},{"not_picked":["ReplayTheSpireMod:Strike From Hell","Steam","Darkness+1"],"picked":"Compile Driver+1","floor":18},{"not_picked":["Streamline","Compile Driver","Havoc","jedi:fear"],"picked":"SKIP","floor":18},{"not_picked":["Compile Driver","Havoc","jedi:fear"],"picked":"Streamline","floor":18},{"not_picked":["Immolate","Juggernaut"],"picked":"hubris:SpecializedCircuitry","floor":21},{"not_picked":["Clash","jedi:controlledanger+1","StuffTheSpire:Plugnplay","Iron Wave"],"picked":"SKIP","floor":22},{"not_picked":["True Grit","Anger","Panic Button","Gash"],"picked":"SKIP","floor":22},{"not_picked":["conspire:Purge","StuffTheSpire:Plugnplay","Perfected Strike"],"picked":"ReplayTheSpireMod:Calculation Training","floor":24},{"not_picked":["Second Wind+1","Streamline","Panic Button"],"picked":"Thunderclap","floor":27},{"not_picked":["StuffTheSpire:Plugnplay","Sunder","ReplayTheSpireMod:Strike From Hell"],"picked":"Shrug It Off","floor":27}],"player_experience":988251,"relics_obtained":[{"floor":6.0,"key":"MiniBlackHole"},{"floor":24,"key":"Orichalcum"},{"floor":26,"key":"Frozen Egg 2"}],"event_choices":[{"damage_healed":0.0,"max_hp_gain":0.0,"max_hp_loss":0.0,"gold_gain":0.0,"event_name":"Shining Light","player_choice":"Ignored","floor":12.0,"gold_loss":0.0,"damage_taken":0.0},{"damage_healed":0.0,"max_hp_gain":0.0,"max_hp_loss":0.0,"gold_gain":100.0,"event_name":"Golden Shrine","player_choice":"Pray","floor":13.0,"gold_loss":0.0,"damage_taken":0.0},{"damage_healed":0,"gold_gain":99,"player_choice":"Stole From Cult","damage_taken":0,"max_hp_gain":0,"max_hp_loss":0,"event_name":"Nest","floor":20,"gold_loss":0}],"is_beta":false,"boss_relics":[{"not_picked":["aspiration:FutureDiary","Sandwich"],"picked":"aspiration:IroncladSkillbook"}],"items_purged_floors":[0,21],"is_endless":false,"potions_floor_spawned":[2,3,5,8,16,24,27],"killed_by":"Slavers","ascension_level":0}}