{"host":"2h34w377mcmn31br","time":1608090280,"event":{"mods":["Act Like it!","AlwaysNeverKeys","BaseMod","Better Third Choice","BetterRewards","Colored Map","Minty Spire (QoL Compilation)","StSLib"],"gold_per_floor":[113,130,4615,4634,4651,4684,4704,4704,4784,4816,3931,3945,3945,3958,3958,4055,4055,4055,4055],"floor_reached":18,"playtime":1234,"items_purged":["CarveReality","Establishment"],"score":280,"play_id":"fe7891d4-24da-4625-9362-63dd63d1d889","local_time":"20201215194440","is_ascension_mode":true,"campfire_choices":[{"floor":15,"key":"REST"}],"circlet_count":0,"master_deck":["Eruption","Vigilance","Devotion","Vengeance","CutThroughFate","FollowUp","DevaForm","Weave","Master of Strategy","Blasphemy","SignatureMove+1","Burn","Wish"],"relics":["Pandora\u0027s Box","Chemical X","Pen Nib","Gambling Chip","HornCleat","Molten Egg 2","GoldenEye","Sundial","PreservedInsect","Sling","Runic Pyramid"],"acts_visited":["Exordium","TheCity"],"potions_floor_usage":[5,5,5,14,14,16,16],"damage_taken":[{"damage":0.0,"enemies":"Cultist","floor":1.0,"turns":3.0},{"damage":0.0,"enemies":"2 Louse","floor":2.0,"turns":2.0},{"damage":10.0,"enemies":"Small Slimes","floor":4.0,"turns":3.0},{"damage":26,"enemies":"3 Louse","floor":5,"turns":3},{"damage":12,"enemies":"Lagavulin","floor":6,"turns":5},{"damage":28,"enemies":"Gremlin Gang","floor":7,"turns":4},{"damage":0,"enemies":"Gremlin Nob","floor":10,"turns":3},{"damage":0,"enemies":"Looter","floor":12,"turns":1},{"damage":0,"enemies":"Red Slaver","floor":14,"turns":2},{"damage":22,"enemies":"The Guardian","floor":16,"turns":5},{"damage":100023,"enemies":"Shell Parasite","floor":18,"turns":3}],"seed_played":"-3629476022218974157","potions_obtained":[{"floor":2.0,"key":"Fire Potion"},{"floor":4.0,"key":"PowerPotion"},{"floor":14,"key":"Strength Potion"}],"is_trial":false,"path_per_floor":["M","M","$","M","M","E","M","?","T","E","$","M","?","M","R","B",null,"M"],"character_chosen":"WATCHER","items_purchased":["Chemical X","Pen Nib","Gambling Chip","Regen Potion","Master of Strategy","PowerPotion","Sundial","PreservedInsect","Sling","SkillPotion","SkillPotion","ColorlessPotion","SignatureMove+1"],"campfire_rested":1,"item_purchase_floors":[3,3,3,3,3,3,11,11,11,11,11,11,11],"current_hp_per_floor":[72,72,72,62,45,33,5,2,2,2,2,2,2,2,23,1,54,0,0],"gold":4055,"neow_bonus":"BOSS_RELIC","is_daily":false,"chose_seed":false,"campfire_upgraded":0,"win_rate":0.0,"timestamp":1608090280,"path_taken":["M","M","$","M","M","E","M","?","T","E","$","M","?","M","R","BOSS","M"],"items_purchased_type":["Relic","Relic","Relic","Potion","Card","Potion","Relic","Relic","Relic","Potion","Potion","Potion","Card"],"build_version":"2020-12-13","purchased_purges":2,"victory":false,"max_hp_per_floor":[72,72,72,72,72,72,72,72,72,72,72,72,72,72,72,72,72,72,72],"card_choices":[{"not_picked":["Halt","CrushJoints","PathToVictory"],"picked":"SKIP","floor":1.0},{"not_picked":["SandsOfTime","ThirdEye","Indignation"],"picked":"SKIP","floor":2.0},{"not_picked":["ClearTheMind","Halt","Conclude"],"picked":"SKIP","floor":4.0},{"not_picked":["Collect","CarveReality"],"picked":"Blasphemy","floor":5},{"not_picked":["Prostrate","Adaptation","BowlingBash"],"picked":"SKIP","floor":6},{"not_picked":["WaveOfTheHand","Fasting2","CrushJoints"],"picked":"SKIP","floor":7},{"not_picked":["CutThroughFate+1","CrushJoints+1","BowlingBash+1"],"picked":"SKIP","floor":10},{"not_picked":["Pray","Indignation","SandsOfTime+1"],"picked":"SKIP","floor":12},{"not_picked":["EmptyFist+1","CrushJoints+1","Judgement"],"picked":"SKIP","floor":14},{"not_picked":["ConjureBlade","Blasphemy"],"picked":"Wish","floor":16}],"player_experience":183133,"relics_obtained":[{"floor":6,"key":"HornCleat"},{"floor":9,"key":"Molten Egg 2"},{"floor":10,"key":"GoldenEye"}],"event_choices":[{"damage_healed":0,"gold_gain":0,"player_choice":"LEAVE","damage_taken":3,"max_hp_gain":0,"max_hp_loss":0,"event_name":"betterThird:BetterScrap","floor":8,"gold_loss":0,"cards_obtained":["Buffer"]},{"damage_healed":2,"gold_gain":0,"player_choice":"Embrace Burn","damage_taken":0,"max_hp_gain":0,"max_hp_loss":72,"event_name":"betterThird:BetterShining","floor":13,"gold_loss":0}],"is_beta":false,"boss_relics":[{"not_picked":["Astrolabe","Tiny House"],"picked":"Runic Pyramid"}],"items_purged_floors":[3,11],"is_endless":false,"potions_floor_spawned":[2,4,14],"killed_by":"Shell Parasite","ascension_level":5}}