{"host":"p7j7o00jacnw7qzt","time":1608099843,"event":{"mods":["BaseMod","Colored Map","Colored Powertips","DeckTracker","Highlight Path","Minty Spire (QoL Compilation)","Relic Stats"],"gold_per_floor":[111,111,211,18,37,66,66,84,139,173,189,189,189,189,189,189,189],"floor_reached":16,"playtime":317,"items_purged":[],"score":266,"play_id":"209c0617-d31a-4581-a9f7-9190068db707","local_time":"20201216012403","is_ascension_mode":true,"campfire_choices":[{"data":"Tactician","floor":7.0,"key":"SMITH"},{"data":"Prepared","floor":13,"key":"SMITH"},{"floor":15,"key":"RECALL"}],"circlet_count":0,"master_deck":["AscendersBane","Strike_G+1","Strike_G+1","Strike_G","Strike_G","Defend_G","Defend_G","Defend_G","Defend_G","Defend_G","Survivor","Neutralize","Backflip","Tactician+1","Die Die Die","Prepared+1","Escape Plan"],"relics":["Ring of the Snake","NeowsBlessing","ClockworkSouvenir","Whetstone","HornCleat","Potion Belt"],"acts_visited":["Exordium"],"potions_floor_usage":[11],"damage_taken":[{"damage":0.0,"enemies":"Small Slimes","floor":1.0,"turns":1.0},{"damage":0.0,"enemies":"2 Louse","floor":5.0,"turns":1.0},{"damage":0.0,"enemies":"Gremlin Nob","floor":6.0,"turns":1.0},{"damage":0.0,"enemies":"Cultist","floor":8.0,"turns":4.0},{"damage":30.0,"enemies":"3 Sentries","floor":10.0,"turns":10.0},{"damage":5,"enemies":"Large Slime","floor":11,"turns":5},{"damage":0,"enemies":"Hexaghost","floor":16,"turns":1}],"seed_played":"-8571944075740391629","potions_obtained":[{"floor":6.0,"key":"GhostInAJar"},{"floor":10.0,"key":"GamblersBrew"},{"floor":11,"key":"Regen Potion"}],"is_trial":false,"path_per_floor":["M","?","?","$","M","E","R","M","T","E","M","?","R","T","R","B"],"character_chosen":"THE_SILENT","items_purchased":["ClockworkSouvenir","Backflip"],"campfire_rested":0,"item_purchase_floors":[4,4],"current_hp_per_floor":[59,59,59,59,59,59,59,59,59,29,24,17,17,17,17,17,17],"gold":189,"neow_bonus":"THREE_ENEMY_KILL","is_daily":false,"chose_seed":false,"campfire_upgraded":2,"win_rate":0.0,"timestamp":1608099843,"path_taken":["M","?","?","$","M","E","R","?","T","E","M","?","R","?","R","BOSS"],"items_purchased_type":["Relic","Card"],"build_version":"2020-12-13","purchased_purges":0,"victory":false,"max_hp_per_floor":[66,66,66,66,66,66,66,66,66,66,66,66,66,66,66,66,66],"relic_stats":{"counters":[7,23],"Whetstone":["Strike_G","Strike_G"],"obtain_stats":[{"Potion Belt":14,"HornCleat":10,"NeowsBlessing":0,"Whetstone":6,"Ring of the Snake":0,"ClockworkSouvenir":4},{"Potion Belt":6,"HornCleat":5,"NeowsBlessing":0,"Whetstone":3,"Ring of the Snake":0,"ClockworkSouvenir":1},{"Potion Belt":22,"HornCleat":17,"NeowsBlessing":0,"Whetstone":3,"Ring of the Snake":0,"ClockworkSouvenir":1}],"Ring of the Snake":[14]},"card_choices":[{"not_picked":["Underhanded Strike","Setup","Deflect"],"picked":"SKIP","floor":1.0},{"not_picked":["Riddle With Holes","Underhanded Strike"],"picked":"Tactician","floor":5.0},{"not_picked":["Dagger Throw","Skewer"],"picked":"Die Die Die","floor":6.0},{"not_picked":["Underhanded Strike","Deadly Poison","Backflip"],"picked":"SKIP","floor":8.0},{"not_picked":["Underhanded Strike","Deadly Poison","Backflip"],"picked":"SKIP","floor":8.0},{"not_picked":["Cloak And Dagger","Flying Knee"],"picked":"Prepared","floor":10.0},{"not_picked":["Riddle With Holes","Bane"],"picked":"Escape Plan","floor":11}],"player_experience":881781,"relics_obtained":[{"floor":6.0,"key":"Whetstone"},{"floor":10.0,"key":"HornCleat"},{"floor":14,"key":"Potion Belt"}],"event_choices":[{"damage_healed":0.0,"max_hp_gain":0.0,"max_hp_loss":0.0,"gold_gain":0.0,"event_name":"Shining Light","player_choice":"Ignored","floor":2.0,"gold_loss":0.0,"damage_taken":0.0},{"damage_healed":0.0,"max_hp_gain":0.0,"max_hp_loss":0.0,"gold_gain":100.0,"event_name":"Wheel of Change","player_choice":"Gold","floor":3.0,"gold_loss":0.0,"damage_taken":0.0},{"cards_removed":["Strike_G"],"damage_healed":0,"gold_gain":0,"player_choice":"Card Removal","damage_taken":7,"max_hp_gain":0,"max_hp_loss":0,"event_name":"Golden Wing","floor":12,"gold_loss":0}],"is_beta":false,"boss_relics":[],"items_purged_floors":[],"is_endless":false,"potions_floor_spawned":[6,10,11],"killed_by":"Hexaghost","ascension_level":20}}