{"host":"qw1m3zcvi888b4j7","time":1608077687,"event":{"mods":["BaseMod","Block Reminder","Colored Map","Colored Powertips","DeckTracker","Highlight Path","Hubris","Minty Spire (QoL Compilation)","Quick Restart","Rare Cards Sparkle","Relic Sorter","Relic Stats","Replay The Spire","StSLib","The Blue Laboratory","The Cursed"],"gold_per_floor":[119,134,149,163,163,163,196,196,196,196,196,212,212,225,225,245,245,245,245],"floor_reached":18,"playtime":700,"items_purged":[],"score":114,"play_id":"ed778dbe-e3cb-4fb7-84d2-260f16ca8489","local_time":"20201216011447","is_ascension_mode":false,"campfire_choices":[{"floor":6,"key":"RECALL"},{"data":"TheCursedMod:RavingStaff","floor":8,"key":"SMITH"},{"floor":13,"key":"REST"},{"data":"TheCursedMod:CursedBlade","floor":15,"key":"SMITH"},{"floor":17,"key":"REST"}],"circlet_count":0,"master_deck":["TheCursedMod:Strike_TheCursed","TheCursedMod:Strike_TheCursed","TheCursedMod:Strike_TheCursed","TheCursedMod:Strike_TheCursed","TheCursedMod:Defend_TheCursed","TheCursedMod:Defend_TheCursed","TheCursedMod:Defend_TheCursed","TheCursedMod:CursedWand","TheCursedMod:CleanUpWorkshop","TheCursedMod:Dregs","TheCursedMod:TacticalStrike","TheCursedMod:Stigma","TheCursedMod:FleshFromBone","TheCursedMod:Stretching","TheCursedMod:CircleOfCorruption","TheCursedMod:RavingStaff+1","TheCursedMod:RavingStaff","TheCursedMod:CursedBlade+1","TheCursedMod:SpitefulPlan"],"relics":["TheCursedMod:BlackMagic101","NeowsBlessing","Bottled Flame"],"acts_visited":["Exordium"],"potions_floor_usage":[7,7,18,18],"damage_taken":[{"damage":0,"enemies":"Small Slimes","floor":1,"turns":1},{"damage":0,"enemies":"Jaw Worm","floor":2,"turns":1},{"damage":0,"enemies":"2 Louse","floor":3,"turns":1},{"damage":4,"enemies":"Blue Slaver","floor":4,"turns":3},{"damage":35,"enemies":"Gremlin Nob","floor":7,"turns":5},{"damage":10,"enemies":"Lots of Slimes","floor":12,"turns":4},{"damage":15,"enemies":"Gremlin Gang","floor":14,"turns":4},{"damage":6,"enemies":"Large Slime","floor":16,"turns":4},{"damage":50,"enemies":"The Guardian","floor":18,"turns":7}],"seed_played":"1617008595522370174","potions_obtained":[{"floor":1,"key":"Toxic Potion"},{"floor":2,"key":"ColorlessPotion"},{"floor":7,"key":"LiquidMemories"},{"floor":14,"key":"blueLaboratory:LouseDecoction"}],"is_trial":false,"path_per_floor":["M","M","M","M","?","R","E","R","PTL","PTL","T","M","R","M","R","M","R","B"],"character_chosen":"THE_CURSED","items_purchased":[],"campfire_rested":2,"item_purchase_floors":[],"current_hp_per_floor":[75,75,75,71,71,71,36,36,36,36,36,26,48,33,33,27,49,0,0],"gold":245,"neow_bonus":"THREE_ENEMY_KILL","is_daily":false,"chose_seed":false,"campfire_upgraded":2,"win_rate":0.0,"timestamp":1608077687,"path_taken":["M","M","M","M","?","R","E","R","PTL","PTL","T","M","R","M","R","M","R","BOSS"],"items_purchased_type":[],"build_version":"2020-12-13","purchased_purges":0,"victory":false,"max_hp_per_floor":[75,75,75,75,75,75,75,75,75,75,75,75,75,75,75,75,75,75,75],"relic_stats":{"counters":[9,30],"obtain_stats":[{"TheCursedMod:BlackMagic101":0,"Bottled Flame":7,"NeowsBlessing":0},{"TheCursedMod:BlackMagic101":0,"Bottled Flame":5,"NeowsBlessing":0},{"TheCursedMod:BlackMagic101":0,"Bottled Flame":11,"NeowsBlessing":0}]},"card_choices":[{"not_picked":["TheCursedMod:CursedBoomerang","TheCursedMod:CircleOfCorruption"],"picked":"TheCursedMod:TacticalStrike","floor":1},{"not_picked":["TheCursedMod:RapidMovement","TheCursedMod:SpreadPlague"],"picked":"TheCursedMod:Stigma","floor":2},{"not_picked":["TheCursedMod:CircleOfFlame","TheCursedMod:WearCloak"],"picked":"TheCursedMod:FleshFromBone","floor":3},{"not_picked":["TheCursedMod:CircleOfCorruption","TheCursedMod:TacticalStrike"],"picked":"TheCursedMod:Stretching","floor":4},{"not_picked":["TheCursedMod:CursedMace","TheCursedMod:FleshFromBone"],"picked":"TheCursedMod:RavingStaff","floor":7},{"not_picked":["TheCursedMod:CursedShiv","TheCursedMod:Stretching"],"picked":"TheCursedMod:RavingStaff","floor":12},{"not_picked":["TheCursedMod:Stretching","TheCursedMod:Torture"],"picked":"TheCursedMod:CursedBlade","floor":14},{"not_picked":["TheCursedMod:ManaCirculation","TheCursedMod:DoubleShield"],"picked":"TheCursedMod:SpitefulPlan","floor":16}],"player_experience":87483,"relics_obtained":[{"floor":7,"key":"Bottled Flame"}],"event_choices":[{"damage_healed":0,"gold_gain":0,"cards_transformed":["TheCursedMod:Defend_TheCursed"],"player_choice":"Change","damage_taken":0,"max_hp_gain":0,"max_hp_loss":0,"event_name":"Living Wall","floor":5,"gold_loss":0,"cards_obtained":["TheCursedMod:CircleOfCorruption"]}],"is_beta":false,"boss_relics":[],"items_purged_floors":[],"is_endless":false,"potions_floor_spawned":[1,2,7,14],"killed_by":"The Guardian","ascension_level":0}}