{"host":"e1nidjoehlv47txx","time":1608121962,"event":{"mods":["BaseMod","Downfall","Hermit","Koishi","Marisa（F雨　魔理沙）","Minty Spire (QoL Compilation)","StSLib","[功能]功能增强和修复MOD"],"gold_per_floor":[114,214,223,250,200,200,219,254,335,356,390,419,419,437,437,535,535,547,547,556,556],"floor_reached":20,"playtime":979,"items_purged":["hermit:Defend_Hermit","hermit:Strike_Hermit","hermit:Defend_Hermit","hermit:Strike_Hermit","hermit:Strike_Hermit"],"score":225,"play_id":"68fcf259-dda9-4dba-9921-c9358efc2ef4","local_time":"20201216203242","is_ascension_mode":true,"campfire_choices":[{"data":"hermit:Snipe","floor":6,"key":"SMITH"},{"data":"expansioncontent:QuickStudy","floor":13,"key":"SMITH"},{"data":"hermit:TakeAim","floor":15,"key":"SMITH"}],"circlet_count":0,"master_deck":["hermit:Defend_Hermit","hermit:Defend_Hermit","hermit:Snapshot","hermit:Covet","hermit:Snipe+1","hermit:TrackingShot","hermit:Gestalt","hermit:TrackingShot","hermit:TakeAim+1","hermit:Dive","expansioncontent:QuickStudy+1","hermit:Ricochet","hermit:Enervate","hermit:Gestalt","hermit:Dive","hermit:Gestalt"],"relics":["hermit:Momento","CeramicFish","Regal Pillow","Lee\u0027s Waffle","Torii","Blue Candle","hermit:RyeStalk","Eternal Feather","Omamori","Orrery","SacredBark","Peace Pipe","HandDrill","Girya"],"acts_visited":["Exordium","TheCity"],"potions_floor_usage":[3,8,11,16,18],"damage_taken":[{"damage":2,"enemies":"2 Louse","floor":1,"turns":4},{"damage":0,"enemies":"Cultist","floor":4,"turns":3},{"damage":0,"enemies":"Small Slimes","floor":7,"turns":3},{"damage":18,"enemies":"Lagavulin","floor":8,"turns":10},{"damage":2,"enemies":"Blue Slaver","floor":10,"turns":3},{"damage":4,"enemies":"3 Sentries","floor":11,"turns":8},{"damage":2,"enemies":"Exordium Thugs","floor":14,"turns":5},{"damage":5,"enemies":"Slime Boss","floor":16,"turns":14},{"damage":14,"enemies":"2 Thieves","floor":18,"turns":3}],"seed_played":"-6970643710645197503","potions_obtained":[{"floor":1,"key":"LiquidBronze"},{"floor":8,"key":"Explosive Potion"},{"floor":11,"key":"LiquidBronze"},{"floor":14,"key":"Regen Potion"},{"floor":16,"key":"Slimebound:ThreeZeroPotion"}],"is_trial":false,"path_per_floor":["M","?","$","M","?","R","M","E","T","M","E","$","R","M","R","B",null,"M","?","$"],"character_chosen":"HERMIT","items_purchased":["CeramicFish","Regal Pillow","Lee\u0027s Waffle","Fruit Juice","DistilledChaos","Energy Potion","hermit:Snipe","Eternal Feather","Omamori","hermit:Dive","expansioncontent:QuickStudy","hermit:Ricochet","Orrery","Peace Pipe","HandDrill","Girya","hermit:Gestalt"],"campfire_rested":0,"item_purchase_floors":[3,3,3,3,3,3,3,12,12,12,12,12,12,20,20,20,20],"current_hp_per_floor":[80,80,94,94,94,94,94,76,76,74,70,70,79,77,86,93,94,80,80,80,80],"gold":556,"neow_bonus":"TEN_PERCENT_HP_BONUS","is_daily":false,"chose_seed":false,"campfire_upgraded":3,"win_rate":0.0,"timestamp":1608121962,"path_taken":["M","?","$","?","?","R","M","E","T","M","E","$","R","M","R","BOSS","M","?","?"],"items_purchased_type":["Relic","Relic","Relic","Potion","Potion","Potion","Card","Relic","Relic","Card","Card","Card","Relic","Relic","Relic","Relic","Card"],"build_version":"2020-12-13","purchased_purges":5,"victory":false,"max_hp_per_floor":[82,82,94,94,94,94,94,94,94,94,94,94,94,94,94,94,94,94,94,94,94],"card_choices":[{"not_picked":["hermit:Glare","hermit:Misfire","hermit:HighCaliber"],"picked":"SKIP","floor":1},{"not_picked":["hermit:Feint","hermit:Glare"],"picked":"hermit:TrackingShot","floor":4},{"not_picked":["hermit:Determination","hermit:WideOpen"],"picked":"hermit:Gestalt","floor":7},{"not_picked":["hermit:LowProfile","hermit:Malice"],"picked":"hermit:TrackingShot","floor":8},{"not_picked":["hermit:HighCaliber","hermit:HoleUp"],"picked":"hermit:TakeAim","floor":10},{"not_picked":["hermit:SprayPray","hermit:DeadMansHand","hermit:Midnight"],"picked":"SKIP","floor":11},{"not_picked":["hermit:Reprieve","hermit:Headshot"],"picked":"hermit:Enervate","floor":12},{"not_picked":["hermit:HoleUp","hermit:Manifest"],"picked":"hermit:Gestalt","floor":12},{"not_picked":["hermit:Adapt","hermit:Misfire"],"picked":"hermit:Dive","floor":12},{"not_picked":["hermit:Glare","hermit:Vantage","hermit:BodyArmor"],"picked":"SKIP","floor":14},{"not_picked":["hermit:Snipe","hermit:HighCaliber","hermit:Spite"],"picked":"SKIP","floor":18}],"player_experience":90177,"relics_obtained":[{"floor":8,"key":"Torii"},{"floor":9,"key":"Blue Candle"},{"floor":11,"key":"hermit:RyeStalk"}],"event_choices":[{"damage_healed":0,"gold_gain":100,"player_choice":"Pray","damage_taken":0,"max_hp_gain":0,"max_hp_loss":0,"event_name":"Golden Shrine","floor":2,"gold_loss":0},{"cards_removed":["hermit:Strike_Hermit"],"damage_healed":0,"gold_gain":0,"player_choice":"Card Removal","damage_taken":0,"max_hp_gain":0,"max_hp_loss":0,"event_name":"The Cleric","floor":5,"gold_loss":50},{"damage_healed":0,"gold_gain":0,"player_choice":"Bought 0 Potions","damage_taken":0,"max_hp_gain":0,"max_hp_loss":0,"event_name":"The Woman in Blue","floor":19,"gold_loss":0}],"is_beta":false,"boss_relics":[{"not_picked":["SlaversCollar","hermit:BartenderGlass"],"picked":"SacredBark"}],"items_purged_floors":[12,12,12,12,12],"is_endless":false,"potions_floor_spawned":[1,8,8,10,11,11,14,16],"ascension_level":2}}