{"host":"4qt77pm52ljaz00q","time":1608137906,"event":{"mods":["2.2 Compatiblity","Aspiration","Bard","BaseMod","Beaked The Cultist","Challenge The Spire","Colored Map","Conspire","Friendly Minions","Glutton Mod","Halation","Hermit","Hubris","Infinite Spire","Jedi Mod","Mad Scientist","Marisa????????","Mimic Mod","Minty Spire (QoL Compilation)","Permanent Neow","Relic Sorter","Replay The Spire","Shade Mod","Shop Mod","Spires And Sneckos","StSLib","The Bladedancer","The Bug Knight","The Construct","The Cursed","The Disciple","The Jungle","The Mystic","The Poker Player","The Runesmith","The Servant 0.9.4","Unknown Chances","Wandering Minibosses","vexMod"],"gold_per_floor":[110,110,110,59,59,59,86,86,86,106,141,161,178,198,198,301,351,370,370,370,43,57,87,87,114,148,148,148],"floor_reached":27,"playtime":1292,"items_purged":[],"score":334,"play_id":"aa8897f7-5c55-41ca-bd7b-902889968a62","local_time":"20201216115826","is_ascension_mode":false,"campfire_choices":[{"data":"LockedCalendar","floor":6,"key":"SMITH"},{"data":"PatternShift","floor":8,"key":"SMITH"},{"data":"Facsimile","floor":15,"key":"SMITH"}],"circlet_count":0,"master_deck":["Strike_Br","Strike_Br","Strike_Br","Strike_Br","Defend_Br","Defend_Br","Defend_Br+1","Defend_Br","SecondHand","PatternShift+1","Pendulum","Facsimile+1","WindUp","LockedCalendar+1","ReapSow","CrunchTime","BlueShift+1","WindUp","Accruing","Allargando+1","ResonantCall+1","Hallucinations","Tempo+1","HandsUpB+1","Ritenuto+1","LockedScales","SlimeSpray","LockedAnchor"],"relics":["Chronometer","hubris:Icosahedron","Toxic Egg 2","beaked:ShinyBauble","Thread and Needle","Tiny House","Bottled Lightning","Happy Flower","vexMod:CardConverter","infinitespire:Beetle Shell","hubris:DeckOfHolding"],"acts_visited":["Exordium","TheCity"],"potions_floor_usage":[16,27],"damage_taken":[{"damage":4,"enemies":"Jaw Worm","floor":1,"turns":7},{"damage":21,"enemies":"3 Sentries","floor":7,"turns":6},{"damage":2,"enemies":"Small Slimes","floor":10,"turns":3},{"damage":8,"enemies":"Lagavulin","floor":11,"turns":4},{"damage":0,"enemies":"Cultist","floor":12,"turns":1},{"damage":0,"enemies":"Exordium Wildlife","floor":13,"turns":2},{"damage":9,"enemies":"3 Louse","floor":14,"turns":3},{"damage":0,"enemies":"Fading Forest","floor":16,"turns":11},{"damage":0,"enemies":"3 Byrds","floor":18,"turns":2},{"damage":0,"enemies":"Chosen","floor":22,"turns":4},{"damage":22,"enemies":"Book of Stabbing","floor":23,"turns":5},{"damage":0,"enemies":"Nightmare","floor":25,"turns":5},{"damage":0,"enemies":"Snecko","floor":26,"turns":5},{"damage":43,"enemies":"Slavers","floor":27,"turns":5}],"seed_played":"-587560182136961099","potions_obtained":[{"floor":7,"key":"Adrenaline Potion"},{"floor":14,"key":"Regen Potion"},{"floor":16,"key":"FearPotion"},{"floor":17,"key":"infinitespire:BlackPotion"}],"is_trial":false,"path_per_floor":["M","?","?","$","?","R","E","R","T","M","E","M","M","M","R","B",null,"M","?","?","$","M","E","T","NM","MIM","E"],"character_chosen":"CHRONO_CLASS","items_purchased":["WindUp","Tempo+1","Bottled Lightning","HandsUpB+1"],"campfire_rested":0,"item_purchase_floors":[4,21,21,21],"current_hp_per_floor":[61,61,61,61,61,61,40,40,40,38,30,30,30,56,56,65,70,70,70,57,57,57,35,35,37,39,0,0],"gold":148,"neow_bonus":"ONE_RANDOM_RARE_CARD","is_daily":false,"chose_seed":false,"campfire_upgraded":3,"win_rate":0.0,"timestamp":1608137906,"path_taken":["M","?","?","$","?","R","E","R","T","M","E","M","?","M","R","BOSS","M","?","?","?","?","E","?","NM","MIM","E"],"items_purchased_type":["Card","Card","Relic","Card"],"build_version":"2020-12-13","purchased_purges":0,"victory":false,"max_hp_per_floor":[65,65,65,65,65,65,65,65,65,65,65,65,65,65,65,65,70,70,70,75,75,75,75,75,77,79,79,79],"card_choices":[{"not_picked":["Analog","Stagnate"],"picked":"Facsimile","floor":1},{"not_picked":["LockedPlans","TiringSlam"],"picked":"ReapSow","floor":7},{"not_picked":["Parity+1","ReapSow"],"picked":"CrunchTime","floor":10},{"not_picked":["VestedLegacy+1","WindUp"],"picked":"Tempo+1","floor":11},{"not_picked":["LockedMedicine","ShortSighted+1"],"picked":"BlueShift+1","floor":12},{"not_picked":["BiteCommand","Recurrance"],"picked":"WindUp","floor":13},{"not_picked":["LockedBlood","LockedAnchor"],"picked":"Accruing","floor":14},{"not_picked":["ExoVibe+1","LockedAnchor"],"picked":"Tempo+1","floor":17},{"not_picked":["TickedOff+1","LockedAnchor"],"picked":"ResonantCall+1","floor":18},{"not_picked":["LockedMawBank","Break+1"],"picked":"LockedScales","floor":22},{"not_picked":["Break+1","ReapSow","WatchCommand+1"],"picked":"SKIP","floor":23},{"not_picked":["BiteCommand","Echoward+1"],"picked":"SlimeSpray","floor":25},{"not_picked":["HandsUpC","TickedOff+1"],"picked":"LockedAnchor","floor":26}],"player_experience":193536,"relics_obtained":[{"floor":7,"key":"Toxic Egg 2"},{"floor":9,"key":"beaked:ShinyBauble"},{"floor":11,"key":"Thread and Needle"},{"floor":23,"key":"Happy Flower"},{"floor":24,"key":"vexMod:CardConverter"},{"floor":25,"key":"infinitespire:Beetle Shell"},{"floor":26,"key":"hubris:DeckOfHolding"}],"event_choices":[{"damage_healed":0,"gold_gain":0,"player_choice":"1 cards matched","damage_taken":0,"max_hp_gain":0,"max_hp_loss":0,"event_name":"Match and Keep!","floor":5,"gold_loss":0,"cards_obtained":["LockedCalendar"]},{"damage_healed":0,"gold_gain":0,"player_choice":"Shed Blood","damage_taken":18,"max_hp_gain":5,"max_hp_loss":0,"event_name":"Forgotten Altar","floor":20,"gold_loss":0}],"is_beta":false,"boss_relics":[{"not_picked":["beaked:MawFillet","halation:ForbiddenBikini"],"picked":"Tiny House"}],"items_purged_floors":[],"is_endless":true,"potions_floor_spawned":[7,14,16],"killed_by":"Slavers","ascension_level":0}}