{"host":"gbop6m4qugddaz18","time":1608128759,"event":{"mods":["2.2 Compatiblity","BaseMod","Better Third Choice","Block Reminder","Downfall","GifTheSpireLib","Highlight Path","Minty Spire (QoL Compilation)","Replay The Spire","StSLib"],"gold_per_floor":[10,30,105,123,123,148,148,175,202,202,237,237,237,281,281,412,412,428,452,472,472,21,21,21],"floor_reached":23,"playtime":942,"items_purged":["Injury"],"score":291,"play_id":"f15a77b6-3a73-4773-9f05-3917f23a6e32","local_time":"20201216092559","is_ascension_mode":true,"campfire_choices":[{"floor":7,"key":"REST"},{"floor":10,"key":"REST"},{"floor":15,"key":"REST"}],"circlet_count":0,"master_deck":["Defend_B","Defend_B","Defend_B","Zap","Dualcast","Loop","Crystallizer","ReplaySolidLightProjector","Sweeping Beam","Conserve Battery","Beam Cell","Darkness+1","Coolheaded","Auto Shields","Seek","AbeCurse","Conserve Battery","Beam Cell","Redo","Bite","Bite","Bite","Bite","Bite","Loop"],"relics":["Cracked Core","Du-Vu Doll","Art of War","Dream Catcher","Potion Belt","Iron Hammer","Golden Idol","Replay:Accelerometer","Abe\u0027s Treasure","Lizard Tail"],"acts_visited":["Exordium","TheCity"],"potions_floor_usage":[6,16,20],"damage_taken":[{"damage":1,"enemies":"2 Louse","floor":1,"turns":3},{"damage":1,"enemies":"Cultist","floor":2,"turns":3},{"damage":2,"enemies":"Jaw Worm","floor":4,"turns":3},{"damage":35,"enemies":"Gremlin Nob","floor":6,"turns":5},{"damage":34,"enemies":"3 Sentries","floor":8,"turns":6},{"damage":0,"enemies":"Replay:BlueRogue","floor":11,"turns":5},{"damage":16,"enemies":"Gremlin Nob","floor":14,"turns":3},{"damage":18,"enemies":"Hexaghost","floor":16,"turns":9},{"damage":24,"enemies":"3 Byrds","floor":18,"turns":5},{"damage":18,"enemies":"Shell Parasite","floor":19,"turns":5},{"damage":7,"enemies":"Sentry and Sphere","floor":20,"turns":4},{"damage":79,"enemies":"Slavers","floor":23,"turns":5}],"seed_played":"9042863817344622894","potions_obtained":[{"floor":1,"key":"AttackPotion"},{"floor":11,"key":"GamblersBrew"},{"floor":16,"key":"Swift Potion"},{"floor":18,"key":"FocusPotion"}],"is_trial":false,"path_per_floor":["M","M","?","M","?","E","R","E","T","R","E","?","?","E","R","B",null,"M","M","M","?","$","E"],"character_chosen":"DEFECT","items_purchased":["Lizard Tail","Loop"],"campfire_rested":3,"item_purchase_floors":[22,22],"current_hp_per_floor":[74,73,66,64,57,22,44,10,10,32,32,32,32,16,38,20,75,51,33,26,26,26,0,0],"gold":21,"neow_bonus":"ONE_RARE_RELIC","is_daily":false,"chose_seed":false,"campfire_upgraded":0,"win_rate":0.0,"timestamp":1608128759,"path_taken":["M","M","?","?","?","E","R","E","T","R","E","?","?","E","R","BOSS","M","M","M","?","$","E"],"items_purchased_type":["Relic","Card"],"build_version":"2020-12-13","purchased_purges":1,"victory":false,"max_hp_per_floor":[75,75,75,75,75,75,75,75,75,75,75,75,75,75,75,75,75,75,75,75,52,52,52,52],"card_choices":[{"not_picked":["Genetic Algorithm","Stack"],"picked":"Loop","floor":1},{"not_picked":["Streamline","Beam Cell"],"picked":"Crystallizer","floor":2},{"not_picked":["Redo","Rip and Tear"],"picked":"ReplaySolidLightProjector","floor":4},{"not_picked":["Stack","Streamline"],"picked":"Sweeping Beam","floor":6},{"not_picked":["Leap","Fusion"],"picked":"Conserve Battery","floor":8},{"not_picked":["ReplayTheSpireMod:GoodbyeWorld","Rebound"],"picked":"Beam Cell","floor":10},{"not_picked":["Rebound","Genetic Algorithm"],"picked":"Darkness","floor":11},{"not_picked":["Panic Button","ReplayTheSpireMod:Calculation Training"],"picked":"Coolheaded","floor":14},{"not_picked":["Compile Driver","Coolheaded"],"picked":"Auto Shields","floor":15},{"not_picked":["Biased Cognition","ReplayRNGCard"],"picked":"Seek","floor":16},{"not_picked":["Go for the Eyes","Fusion"],"picked":"Conserve Battery","floor":18},{"not_picked":["Blizzard","Auto Shields"],"picked":"Beam Cell","floor":19},{"not_picked":["Storm","Reinforced Body"],"picked":"Redo","floor":20}],"player_experience":435201,"relics_obtained":[{"floor":6,"key":"Art of War"},{"floor":8,"key":"Dream Catcher"},{"floor":9,"key":"Potion Belt"},{"floor":11,"key":"Iron Hammer"},{"floor":14,"key":"Replay:Accelerometer"}],"event_choices":[{"damage_healed":0,"gold_gain":75,"player_choice":"Touch","damage_taken":7,"max_hp_gain":0,"max_hp_loss":0,"event_name":"FaceTrader","floor":3,"gold_loss":0},{"cards_removed":["Defend_B"],"damage_healed":0,"gold_gain":0,"player_choice":"Card Removal","damage_taken":7,"max_hp_gain":0,"max_hp_loss":0,"event_name":"Golden Wing","floor":5,"gold_loss":0},{"damage_healed":0,"gold_gain":0,"player_choice":"Take Wound","damage_taken":0,"relics_obtained":["Golden Idol"],"max_hp_gain":0,"max_hp_loss":0,"event_name":"Golden Idol","floor":13,"gold_loss":0,"cards_obtained":["Injury"]},{"damage_healed":0,"gold_gain":0,"player_choice":"Became a vampire","damage_taken":0,"max_hp_gain":0,"max_hp_loss":23,"event_name":"Vampires","floor":21,"gold_loss":0,"cards_obtained":["Bite","Bite","Bite","Bite","Bite"]}],"is_beta":false,"boss_relics":[{"not_picked":["Empty Cage","Astrolabe"],"picked":"Abe\u0027s Treasure"}],"items_purged_floors":[22],"is_endless":false,"potions_floor_spawned":[1,11,16,18],"killed_by":"Slavers","ascension_level":2}}