{"host":"pkysykycfg9bua8p","time":1608113050,"event":{"mods":["AchievementEnabler","BaseMod","Better Third Choice","Filter the Spire","Minty Spire (QoL Compilation)","StSLib"],"gold_per_floor":[109,34,34,34,57,57,57,57,57,78,97,97,130,156,156,284,284,303,218,257,12,33,33,47,82,106,126,150,150,186,207,207,207,207],"floor_reached":33,"playtime":1247,"items_purged":["Strike_B","Strike_B"],"score":322,"play_id":"0cb7774f-a355-4ab4-a677-ae0a23a497e5","local_time":"20201216230410","is_ascension_mode":true,"campfire_choices":[{"data":"Dualcast","floor":6,"key":"SMITH"},{"data":"BootSequence","floor":8,"key":"SMITH"},{"floor":15,"key":"REST"},{"data":"Electrodynamics","floor":23,"key":"SMITH"},{"floor":29,"key":"REST"},{"floor":32,"key":"REST"}],"circlet_count":0,"master_deck":["Strike_B","Defend_B","Defend_B","Defend_B","Defend_B","Zap+1","Dualcast+1","BootSequence+1","Ball Lightning","Leap","Electrodynamics+1","Ball Lightning+1","Self Repair"],"relics":["Cracked Core","NeowsBlessing","Golden Idol","Mango","Pear","Inserter","Letter Opener","Red Mask","Lantern","MealTicket","Boot","Nunchaku","Anchor"],"acts_visited":["Exordium","TheCity"],"potions_floor_usage":[13,16,16,25,25,33,33,33],"damage_taken":[{"damage":0,"enemies":"Jaw Worm","floor":1,"turns":1},{"damage":0,"enemies":"Small Slimes","floor":5,"turns":1},{"damage":0,"enemies":"Cultist","floor":10,"turns":1},{"damage":0,"enemies":"Blue Slaver","floor":11,"turns":2},{"damage":24,"enemies":"3 Sentries","floor":13,"turns":9},{"damage":68,"enemies":"Hexaghost","floor":16,"turns":11},{"damage":10,"enemies":"2 Thieves","floor":18,"turns":3},{"damage":10,"enemies":"Masked Bandits","floor":20,"turns":3},{"damage":7,"enemies":"Shell Parasite","floor":22,"turns":7},{"damage":6,"enemies":"Centurion and Healer","floor":24,"turns":3},{"damage":16,"enemies":"Book of Stabbing","floor":25,"turns":5},{"damage":1,"enemies":"Chosen and Byrds","floor":27,"turns":4},{"damage":48,"enemies":"Gremlin Leader","floor":30,"turns":6},{"damage":12,"enemies":"Cultist and Chosen","floor":31,"turns":5},{"damage":95,"enemies":"Champ","floor":33,"turns":8}],"seed_played":"-6045743516661637465","potions_obtained":[{"floor":5,"key":"AttackPotion"},{"floor":10,"key":"GamblersBrew"},{"floor":11,"key":"Dexterity Potion"},{"floor":16,"key":"Ancient Potion"},{"floor":18,"key":"ColorlessPotion"},{"floor":24,"key":"AttackPotion"},{"floor":25,"key":"Swift Potion"},{"floor":31,"key":"ColorlessPotion"}],"is_trial":false,"path_per_floor":["M","$","?","?","M","R","?","R","T","M","M","$","E","T","R","B",null,"M","?","?","$","M","R","M","E","T","M","T","R","E","M","R","B"],"character_chosen":"DEFECT","items_purchased":["Lantern"],"campfire_rested":3,"item_purchase_floors":[21],"current_hp_per_floor":[75,75,57,57,57,57,50,50,64,64,64,64,50,50,79,11,99,89,89,79,79,72,72,66,57,57,63,63,92,51,46,75,0,0],"gold":207,"neow_bonus":"THREE_ENEMY_KILL","is_daily":false,"chose_seed":false,"campfire_upgraded":3,"win_rate":0.0,"timestamp":1608113050,"path_taken":["M","$","?","?","?","R","?","R","T","M","M","$","E","?","R","BOSS","M","?","?","$","M","R","M","E","T","M","?","R","E","M","R","BOSS"],"items_purchased_type":["Relic"],"build_version":"2020-12-13","purchased_purges":2,"victory":false,"max_hp_per_floor":[75,75,75,75,75,75,75,75,89,89,89,89,99,99,99,99,99,99,99,99,99,99,99,99,99,99,99,99,99,99,99,99,99,99],"card_choices":[{"not_picked":["Rebound","Sweeping Beam"],"picked":"BootSequence","floor":1},{"not_picked":["Barrage","Go for the Eyes","Coolheaded"],"picked":"SKIP","floor":5},{"not_picked":["Consume","Chaos"],"picked":"Ball Lightning","floor":10},{"not_picked":["Reprogram","Coolheaded","Glacier"],"picked":"SKIP","floor":11},{"not_picked":["Fission","Aggregate"],"picked":"Leap","floor":13},{"not_picked":["Machine Learning","Seek"],"picked":"Electrodynamics","floor":16},{"not_picked":["Go for the Eyes","Melter+1","Gash"],"picked":"SKIP","floor":18},{"not_picked":["Sweeping Beam","Turbo"],"picked":"Ball Lightning+1","floor":22},{"not_picked":["Recycle","Double Energy"],"picked":"Self Repair","floor":24},{"not_picked":["Doom and Gloom","Machine Learning","Stack"],"picked":"SKIP","floor":25},{"not_picked":["Barrage","Coolheaded+1","Chaos"],"picked":"SKIP","floor":27},{"not_picked":["Stack","Sweeping Beam","Compile Driver"],"picked":"SKIP","floor":30},{"not_picked":["Machine Learning","Steam Power","Rebound"],"picked":"SKIP","floor":31}],"player_experience":50511,"relics_obtained":[{"floor":9,"key":"Mango"},{"floor":13,"key":"Pear"},{"floor":20,"key":"Red Mask"},{"floor":25,"key":"MealTicket"},{"floor":26,"key":"Boot"},{"floor":28,"key":"Nunchaku"},{"floor":30,"key":"Anchor"}],"event_choices":[{"damage_healed":0,"gold_gain":0,"player_choice":"Take Damage","damage_taken":18,"relics_obtained":["Golden Idol"],"max_hp_gain":0,"max_hp_loss":0,"event_name":"Golden Idol","floor":3,"gold_loss":0},{"damage_healed":0,"gold_gain":0,"player_choice":"Upgraded","damage_taken":0,"max_hp_gain":0,"max_hp_loss":0,"event_name":"Upgrade Shrine","floor":4,"gold_loss":0,"cards_upgraded":["Zap"]},{"cards_removed":["Strike_B"],"damage_healed":0,"gold_gain":0,"player_choice":"Card Removal","damage_taken":7,"max_hp_gain":0,"max_hp_loss":0,"event_name":"Golden Wing","floor":7,"gold_loss":0},{"damage_healed":0,"gold_gain":0,"player_choice":"Obtained Relic","damage_taken":0,"relics_obtained":["Letter Opener"],"max_hp_gain":0,"max_hp_loss":0,"event_name":"Addict","floor":19,"gold_loss":85},{"damage_healed":0,"gold_gain":0,"player_choice":"Fought Bandits","damage_taken":0,"max_hp_gain":0,"max_hp_loss":0,"event_name":"Masked Bandits","floor":20,"gold_loss":0}],"is_beta":false,"boss_relics":[{"not_picked":["Runic Pyramid","SlaversCollar"],"picked":"Inserter"}],"items_purged_floors":[2,21],"is_endless":false,"potions_floor_spawned":[5,10,11,16,18,24,25,31],"killed_by":"Champ","ascension_level":1}}