{"host":"jolg1n27y0xvdyb4","time":1608086208,"event":{"mods":["2.2 Compatiblity","AchievementEnabler","Act Like it!","BaseMod","Better Altar","Better Match","Better Note","Better Sensory Stone","Better Skull","Better Third Choice","Better Vampires","Block Reminder","Colored Map","Downfall","Gremlin Mod","Hermit","Jorbs\u0027s Wanderer Trilogy","Minty Spire (QoL Compilation)","SIMod","StSLib","The Blackbeard","The Blue Laboratory","The Bug Knight","The Hierophant","The Jungle","The Necromancer","The Wild Card"],"gold_per_floor":[110,127,51,51,51,51,70,102,128,128,152,185,256,273,273,273,273],"floor_reached":16,"playtime":830,"items_purged":[],"score":115,"play_id":"ab36d99c-a1f7-4eae-aec8-23ef8606f943","local_time":"20201215203648","is_ascension_mode":true,"campfire_choices":[{"data":"Noxious Fumes","floor":6,"key":"SMITH"},{"floor":10,"key":"REST"},{"data":"Crippling Poison","floor":15,"key":"SMITH"}],"circlet_count":0,"master_deck":["Strike_G","Strike_G","Strike_G","Strike_G","Strike_G+1","Defend_G","Defend_G","Defend_G","Defend_G+1","Defend_G","Survivor","Neutralize","Crippling Poison+1","Deflect","Noxious Fumes+1","Poisoned Stab","Catalyst","Bouncing Flask"],"relics":["Ring of the Snake","Anchor","The Specimen","CeramicFish","Odd Mushroom","HollowMod:StagPassRelic"],"acts_visited":["Exordium"],"potions_floor_usage":[8],"damage_taken":[{"damage":3,"enemies":"Small Slimes","floor":1,"turns":6},{"damage":5,"enemies":"Jaw Worm","floor":2,"turns":5},{"damage":0,"enemies":"2 Louse","floor":7,"turns":3},{"damage":29,"enemies":"Gremlin Nob","floor":8,"turns":5},{"damage":0,"enemies":"Looter","floor":11,"turns":4},{"damage":4,"enemies":"The Mushroom Lair","floor":12,"turns":3},{"damage":0,"enemies":"Large Slime","floor":14,"turns":4},{"damage":38,"enemies":"Slime Boss","floor":16,"turns":6}],"seed_played":"-7861505062596961501","potions_obtained":[{"floor":2,"key":"CultistPotion"},{"floor":11,"key":"blueLaboratory:StoneskinPotion"}],"is_trial":false,"path_per_floor":["M","M","$","?","?","R","M","E","T","R","M","?","T","M","R","B"],"character_chosen":"THE_SILENT","items_purchased":["Noxious Fumes"],"campfire_rested":1,"item_purchase_floors":[3],"current_hp_per_floor":[74,69,69,62,47,47,47,18,18,41,41,37,37,37,37,0,0],"gold":273,"neow_bonus":"TEN_PERCENT_HP_BONUS","is_daily":false,"chose_seed":false,"campfire_upgraded":2,"win_rate":0.0,"timestamp":1608086208,"path_taken":["M","M","$","?","?","R","M","E","T","R","M","?","?","M","R","BOSS"],"items_purchased_type":["Card"],"build_version":"2020-12-13","purchased_purges":0,"victory":false,"max_hp_per_floor":[77,77,77,77,77,77,77,77,77,77,77,77,77,77,77,77,77],"card_choices":[{"not_picked":["Blade Dance","Backflip"],"picked":"Crippling Poison","floor":1},{"not_picked":["Dagger Throw","Choke"],"picked":"Deflect","floor":2},{"not_picked":["Flying Knee","Quick Slash","PiercingWail"],"picked":"SKIP","floor":7},{"not_picked":["Dagger Spray","Dagger Throw"],"picked":"Poisoned Stab","floor":8},{"not_picked":["Bane","PiercingWail"],"picked":"Catalyst","floor":11},{"not_picked":["Glass Knife","Accuracy"],"picked":"Bouncing Flask","floor":12},{"not_picked":["Escape Plan","Expertise","Cloak And Dagger"],"picked":"SKIP","floor":14}],"player_experience":402322,"relics_obtained":[{"floor":8,"key":"The Specimen"},{"floor":9,"key":"CeramicFish"},{"floor":12,"key":"Odd Mushroom"},{"floor":13,"key":"HollowMod:StagPassRelic"}],"event_choices":[{"damage_healed":0,"gold_gain":0,"player_choice":"Relic ","damage_taken":7,"max_hp_gain":0,"max_hp_loss":0,"event_name":"betterThird:BetterScrap","floor":4,"gold_loss":0,"cards_obtained":["Sunder"]},{"damage_healed":62,"gold_gain":0,"player_choice":"Upgrade","damage_taken":15,"max_hp_gain":0,"max_hp_loss":77,"event_name":"betterThird:BetterShining","floor":5,"gold_loss":0,"cards_upgraded":["Defend_G","Strike_G"]},{"damage_healed":0,"gold_gain":0,"player_choice":"Fought Mushrooms","damage_taken":0,"max_hp_gain":0,"max_hp_loss":0,"event_name":"Mushrooms","floor":12,"gold_loss":0}],"is_beta":false,"boss_relics":[],"items_purged_floors":[],"is_endless":false,"potions_floor_spawned":[2,11],"killed_by":"Slime Boss","ascension_level":3}}