{"host":"3t6uby4o5waaq95r","time":1608147822,"event":{"mods":["AchievementEnabler","BaseMod","Bestiary","Colored Map","Highlight Path","Minty Spire (QoL Compilation)","Permanent Neow","Quick Restart","Random Character Button","SuperFastMode"],"gold_per_floor":[114,114,114,129,54,54,66,66,91,106,181,181,81,81,81,205,205,221,200,55,55,55,91,91,106,106,205,205,228,263,287,287,413,413,426,258,591,591,608,637,637,637,664,664,676,676,676],"floor_reached":46,"playtime":2276,"items_purged":["Defend_R","Defend_R"],"score":524,"play_id":"34482e19-7d7c-4d14-950a-0cbd09fc1d66","local_time":"20201216134342","is_ascension_mode":false,"campfire_choices":[{"data":"Shrug It Off","floor":6.0,"key":"SMITH"},{"data":"Iron Wave","floor":8.0,"key":"SMITH"},{"data":"Flame Barrier","floor":15.0,"key":"SMITH"},{"floor":24.0,"key":"REST"},{"floor":28.0,"key":"REST"},{"data":"Double Tap","floor":32.0,"key":"SMITH"},{"data":"True Grit","floor":41.0,"key":"SMITH"},{"floor":44.0,"key":"REST"}],"circlet_count":0,"master_deck":["Strike_R","Strike_R","Strike_R","Defend_R+1","Defend_R","Bash","Shrug It Off+1","Ghostly Armor+1","Iron Wave+1","Flame Barrier+1","Double Tap+1","Pummel+1","Iron Wave+1","Uppercut+1","Heavy Blade+1","Pommel Strike+1","Armaments+1","True Grit+1","Limit Break","Flash of Steel","Seeing Red","Twin Strike","True Grit","Madness","Madness","Heavy Blade+1"],"relics":["Burning Blood","War Paint","Mango","Runic Cube","Art of War","Nilry\u0027s Codex","Torii","Shuriken","Happy Flower","Busted Crown","The Courier","Regal Pillow"],"acts_visited":["Exordium","TheCity","TheBeyond"],"potions_floor_usage":[46],"damage_taken":[{"damage":12.0,"enemies":"Small Slimes","floor":1.0,"turns":3.0},{"damage":6.0,"enemies":"2 Louse","floor":4.0,"turns":3.0},{"damage":5.0,"enemies":"Jaw Worm","floor":7.0,"turns":5.0},{"damage":0.0,"enemies":"Blue Slaver","floor":10.0,"turns":4.0},{"damage":58.0,"enemies":"Slime Boss","floor":16.0,"turns":22.0},{"damage":20.0,"enemies":"3 Byrds","floor":18.0,"turns":6.0},{"damage":11.0,"enemies":"2 Thieves","floor":19.0,"turns":5.0},{"damage":46.0,"enemies":"Slavers","floor":23.0,"turns":9.0},{"damage":17.0,"enemies":"Cultist and Chosen","floor":25.0,"turns":7.0},{"damage":2.0,"enemies":"Snake Plant","floor":29.0,"turns":5.0},{"damage":11.0,"enemies":"Book of Stabbing","floor":30.0,"turns":8.0},{"damage":8.0,"enemies":"Shelled Parasite and Fungi","floor":31.0,"turns":7.0},{"damage":20.0,"enemies":"Collector","floor":33.0,"turns":14.0},{"damage":37.0,"enemies":"3 Darklings","floor":35.0,"turns":7.0},{"damage":1.0,"enemies":"Orb Walker","floor":39.0,"turns":3.0},{"damage":29.0,"enemies":"Giant Head","floor":40.0,"turns":7.0},{"damage":12.0,"enemies":"Maw","floor":45.0,"turns":7.0},{"damage":96,"enemies":"Reptomancer","floor":46,"turns":8}],"seed_played":"-9201684795869556692","potions_obtained":[{"floor":7.0,"key":"SkillPotion"},{"floor":10.0,"key":"DistilledChaos"},{"floor":25.0,"key":"Fire Potion"},{"floor":30.0,"key":"PowerPotion"},{"floor":31.0,"key":"EssenceOfSteel"},{"floor":39.0,"key":"Fruit Juice"}],"is_trial":false,"path_per_floor":["M","?","?","M","$","R","M","R","T","M","?","?","$","T","R","B",null,"M","M","$","?","?","E","R","M","T","?","R","M","E","M","R","B",null,"M","$","?","?","M","E","R","?","T","R","M","E"],"character_chosen":"IRONCLAD","items_purchased":["Art of War","Flash of Steel","Seeing Red"],"campfire_rested":3,"item_purchase_floors":[20,36,36],"current_hp_per_floor":[74,74,74,74,74,74,75,75,75,80,69,49,49,63,63,11,94,80,75,75,59,59,19,47,36,36,36,64,68,63,61,61,47,94,63,63,63,63,73,50,50,38,38,82,76,0,0],"gold":676,"neow_bonus":"REMOVE_CARD","is_daily":false,"chose_seed":false,"campfire_upgraded":5,"win_rate":0.0,"timestamp":1608147822,"path_taken":["M","?","?","M","$","R","M","R","T","M","?","?","$","?","R","BOSS","M","M","$","?","?","E","R","?","T","?","R","M","E","M","R","BOSS","M","$","?","?","M","E","R","?","T","R","M","E"],"items_purchased_type":["Relic","Card","Card"],"build_version":"2020-12-13","purchased_purges":2,"victory":false,"max_hp_per_floor":[80,80,80,80,80,80,80,80,80,80,80,80,80,94,94,94,94,94,94,94,94,94,94,94,94,94,94,94,94,94,94,94,94,94,94,94,94,94,99,99,99,99,99,99,99,99,99],"card_choices":[{"not_picked":["Heavy Blade","Headbutt"],"picked":"Shrug It Off","floor":1.0},{"not_picked":["Thunderclap","Flex"],"picked":"Ghostly Armor","floor":4.0},{"not_picked":["Pommel Strike","Body Slam"],"picked":"Iron Wave","floor":7.0},{"not_picked":["Thunderclap","Inflame"],"picked":"Flame Barrier","floor":10.0},{"not_picked":["Impervious","Offering"],"picked":"Double Tap","floor":16.0},{"not_picked":["Reckless Charge","Pommel Strike"],"picked":"Pummel","floor":18.0},{"not_picked":["Disarm","Feel No Pain"],"picked":"Iron Wave+1","floor":19.0},{"not_picked":["Perfected Strike","Sword Boomerang"],"picked":"Uppercut+1","floor":23.0},{"not_picked":["Body Slam","Twin Strike"],"picked":"Heavy Blade+1","floor":25.0},{"not_picked":["Intimidate","Wild Strike+1"],"picked":"Pommel Strike+1","floor":29.0},{"not_picked":["Twin Strike","Evolve"],"picked":"Armaments+1","floor":30.0},{"not_picked":["Clash","Pommel Strike"],"picked":"True Grit","floor":31.0},{"not_picked":["Bludgeon","Berserk"],"picked":"Limit Break","floor":33.0},{"not_picked":["Clothesline"],"picked":"SKIP","floor":35.0},{"not_picked":[],"picked":"Twin Strike","floor":39.0},{"not_picked":[],"picked":"True Grit","floor":40.0},{"not_picked":[],"picked":"Heavy Blade+1","floor":45.0}],"player_experience":756755,"relics_obtained":[{"floor":9.0,"key":"War Paint"},{"floor":14.0,"key":"Mango"},{"floor":21.0,"key":"Nilry\u0027s Codex"},{"floor":23.0,"key":"Torii"},{"floor":26.0,"key":"Shuriken"},{"floor":30.0,"key":"Happy Flower"},{"floor":40.0,"key":"The Courier"},{"floor":43.0,"key":"Regal Pillow"}],"event_choices":[{"cards_removed":["Strike_R"],"damage_healed":0.0,"max_hp_gain":0.0,"max_hp_loss":0.0,"gold_gain":0.0,"event_name":"Living Wall","player_choice":"Forget","floor":2.0,"gold_loss":0.0,"damage_taken":0.0},{"damage_healed":0.0,"max_hp_gain":0.0,"max_hp_loss":0.0,"gold_gain":0.0,"event_name":"Shining Light","player_choice":"Ignored","floor":3.0,"gold_loss":0.0,"damage_taken":0.0},{"damage_healed":0.0,"max_hp_gain":0.0,"max_hp_loss":0.0,"gold_gain":75.0,"event_name":"World of Goop","player_choice":"Gather Gold","floor":11.0,"gold_loss":0.0,"damage_taken":11.0},{"damage_healed":0.0,"max_hp_gain":0.0,"max_hp_loss":0.0,"gold_gain":0.0,"event_name":"Golden Idol","player_choice":"Take Damage","floor":12.0,"gold_loss":0.0,"damage_taken":20.0,"relics_obtained":["Golden Idol"]},{"damage_healed":0.0,"max_hp_gain":0.0,"max_hp_loss":0.0,"gold_gain":0.0,"event_name":"Cursed Tome","player_choice":"Obtained Book","floor":21.0,"gold_loss":0.0,"damage_taken":16.0},{"damage_healed":0.0,"max_hp_gain":0.0,"max_hp_loss":0.0,"gold_gain":0.0,"event_name":"Accursed Blacksmith","player_choice":"Forge","floor":22.0,"gold_loss":0.0,"damage_taken":0.0,"cards_upgraded":["Pummel"]},{"damage_healed":0.0,"max_hp_gain":0.0,"max_hp_loss":0.0,"gold_gain":99.0,"event_name":"Nest","player_choice":"Stole From Cult","floor":27.0,"gold_loss":0.0,"damage_taken":0.0},{"damage_healed":0.0,"max_hp_gain":0.0,"max_hp_loss":0.0,"gold_gain":333.0,"event_name":"The Moai Head","player_choice":"Gave Idol","floor":37.0,"relics_lost":["Golden Idol"],"gold_loss":0.0,"damage_taken":0.0},{"damage_healed":0.0,"max_hp_gain":0.0,"max_hp_loss":0.0,"gold_gain":0.0,"event_name":"Tomb of Lord Red Mask","player_choice":"Ignored","floor":38.0,"gold_loss":0.0,"damage_taken":0.0},{"damage_healed":0.0,"max_hp_gain":0.0,"max_hp_loss":0.0,"gold_gain":0.0,"event_name":"Winding Halls","player_choice":"Embrace Madness","floor":42.0,"gold_loss":0.0,"damage_taken":12.0,"cards_obtained":["Madness","Madness"]}],"is_beta":false,"boss_relics":[{"not_picked":["Runic Dome","Ectoplasm"],"picked":"Runic Cube"},{"not_picked":["Pandora\u0027s Box","Calling Bell"],"picked":"Busted Crown"}],"items_purged_floors":[5,13],"is_endless":false,"potions_floor_spawned":[7,10,25,30,31,39],"killed_by":"Reptomancer","ascension_level":0}}