{"host":"rwzz6mk6bpmb57ql","time":1608097622,"event":{"mods":["AchievementEnabler","BaseMod","BetterRewards","Colored Map","Highlight Path","Hubris","Minty Spire (QoL Compilation)","Replay The Spire","StSLib"],"gold_per_floor":[5112,5112,5112,5112,5137,5168,5168,5199,5199,5199,5209,5241,5258,5290,5290,5389,5389,5402,4925,4942,5041,5041,5056,5056,5088,5088,5088,5088],"floor_reached":27,"playtime":1055,"items_purged":["Strike_R"],"score":442,"play_id":"eea83055-ca68-487d-8348-441abf035e52","local_time":"20201215234702","is_ascension_mode":true,"campfire_choices":[{"data":"Demon Form","floor":7,"key":"SMITH"},{"floor":10,"key":"RECALL"},{"data":"Seeing Red","floor":15,"key":"SMITH"}],"circlet_count":0,"master_deck":["Strike_R","Strike_R","Strike_R","Defend_R","Defend_R","Defend_R","Bash","Demon Form+1","ReplayTheSpireMod:Muscle Training","Blood for Blood","Spot Weakness","Seeing Red+1","Pommel Strike","Infernal Blade","Bludgeon+1","Replay:Many Hands+1","Heavy Blade"],"relics":["Burning Blood","hubris:Towel","ReplayTheSpireMod:Ring of Exchange","ReplayTheSpireMod:Ring of Addiction","Toy Ornithopter","SacredBark","Replay:Baseball","Champion Belt","Golden Egg","Gambling Chip","Shovel","Incense Burner","Fusion Hammer","Meat on the Bone","ClockworkSouvenir","hubris:BottledHeart","hubris:SlimyHat"],"acts_visited":["Exordium","TheCity"],"potions_floor_usage":[4,6,8,12,12,20,25],"damage_taken":[{"damage":21,"enemies":"Jaw Worm","floor":1,"turns":4},{"damage":32,"enemies":"Lagavulin","floor":6,"turns":5},{"damage":0,"enemies":"Replay:BlueRogue","floor":8,"turns":1},{"damage":8,"enemies":"2 Louse","floor":11,"turns":3},{"damage":39,"enemies":"3 Sentries","floor":12,"turns":6},{"damage":16,"enemies":"Small Slimes","floor":13,"turns":3},{"damage":32,"enemies":"Gremlin Nob","floor":14,"turns":4},{"damage":25,"enemies":"The Guardian","floor":16,"turns":6},{"damage":7,"enemies":"Spheric Guardian","floor":18,"turns":3},{"damage":2,"enemies":"3 Byrds","floor":20,"turns":3},{"damage":20,"enemies":"Shelled Parasite and Fungi","floor":23,"turns":3},{"damage":0,"enemies":"Replay:Snechameleon","floor":25,"turns":3}],"seed_played":"1025713853404089658","potions_obtained":[{"floor":1,"key":"BloodPotion"},{"floor":4,"key":"Adrenaline Potion"},{"floor":4,"key":"SmokeBomb"},{"floor":4,"key":"Toxic Potion"},{"floor":6,"key":"AttackPotion"},{"floor":13,"key":"FairyPotion"},{"floor":18,"key":"Explosive Potion"},{"floor":23,"key":"SkillPotion"},{"floor":25,"key":"Reflective Coating"}],"is_trial":false,"path_per_floor":["M","?","?","?","T","E","R","E","T","R","M","E","M","E","R","B",null,"M","$","M","?","?","M","?","E","T","?"],"character_chosen":"IRONCLAD","items_purchased":["Meat on the Bone","ClockworkSouvenir"],"campfire_rested":0,"item_purchase_floors":[19,19],"current_hp_per_floor":[129,129,129,144,144,118,118,129,129,129,127,104,94,68,68,49,117,116,116,125,125,125,111,1,1,1,0,0],"gold":5088,"neow_bonus":"TRANSFORM_TWO_CARDS","is_daily":false,"chose_seed":false,"campfire_upgraded":2,"win_rate":0.0,"timestamp":1608097622,"path_taken":["M","?","?","?","?","E","R","E","T","R","M","E","?","E","R","BOSS","M","$","M","?","?","?","?","E","T","?"],"items_purchased_type":["Relic","Relic"],"build_version":"2020-12-13","purchased_purges":1,"victory":false,"max_hp_per_floor":[144,144,144,144,144,144,144,144,144,144,144,142,142,142,142,140,140,140,138,138,138,138,138,1,1,1,1,1],"card_choices":[{"not_picked":["hubris:SharpeningStone","Heavy Blade"],"picked":"Blood for Blood","floor":1},{"not_picked":["Armaments","Dual Wield","True Grit"],"picked":"SKIP","floor":6},{"not_picked":["Dual Wield","Iron Wave"],"picked":"Spot Weakness","floor":8},{"not_picked":["Fire Breathing","Anger"],"picked":"Seeing Red","floor":11},{"not_picked":["ReplayTheSpireMod:Strike From Hell","Wild Strike"],"picked":"Pommel Strike","floor":12},{"not_picked":["Sentinel","Flex"],"picked":"Infernal Blade","floor":13},{"not_picked":["Body Slam","Ghostly Armor","Rage"],"picked":"SKIP","floor":14},{"not_picked":["Exhume","Feed"],"picked":"Bludgeon","floor":16},{"not_picked":["Clothesline","Uppercut","Wild Strike"],"picked":"SKIP","floor":18},{"not_picked":["Shrug It Off+1","Flex"],"picked":"Replay:Many Hands","floor":20},{"not_picked":["Anger","Armaments","Warcry"],"picked":"SKIP","floor":23},{"not_picked":["Defy Death","Perfected Strike+1"],"picked":"Heavy Blade","floor":25}],"player_experience":55728,"relics_obtained":[{"floor":4,"key":"ReplayTheSpireMod:Ring of Exchange"},{"floor":4,"key":"ReplayTheSpireMod:Ring of Addiction"},{"floor":4,"key":"Toy Ornithopter"},{"floor":4,"key":"SacredBark"},{"floor":5,"key":"Replay:Baseball"},{"floor":6,"key":"Champion Belt"},{"floor":8,"key":"Golden Egg"},{"floor":9,"key":"Gambling Chip"},{"floor":12,"key":"Shovel"},{"floor":14,"key":"Incense Burner"},{"floor":25,"key":"hubris:SlimyHat"}],"event_choices":[{"damage_healed":0,"gold_gain":0,"player_choice":"Ignored","damage_taken":0,"max_hp_gain":0,"max_hp_loss":0,"event_name":"Golden Idol","floor":2,"gold_loss":0},{"damage_healed":0,"gold_gain":99,"player_choice":"Stole From Cult","damage_taken":0,"max_hp_gain":0,"max_hp_loss":0,"event_name":"Nest","floor":21,"gold_loss":0},{"cards_removed":["Languid"],"damage_healed":0,"gold_gain":0,"player_choice":"Removed Curses","damage_taken":0,"max_hp_gain":0,"max_hp_loss":0,"event_name":"Fountain of Cleansing","floor":22,"gold_loss":0}],"is_beta":false,"boss_relics":[{"not_picked":["hubris:CrackedHourglass","Strange Spoon"],"picked":"Fusion Hammer"}],"items_purged_floors":[19],"is_endless":false,"potions_floor_spawned":[1,6,13,18,23,25],"ascension_level":6}}