{"host":"y76clbnovzmw9ubx","time":1608162182,"event":{"mods":["AchievementEnabler","BaseMod","Minty Spire (QoL Compilation)","Permanent Neow","Relic Stats"],"gold_per_floor":[117,129,142,153,153,478,478,509,509,509,509],"floor_reached":10,"playtime":638,"items_purged":[],"score":156,"play_id":"8e94df70-c67c-482a-b19a-4d4f3cf5a2d8","local_time":"20201216184302","is_ascension_mode":true,"campfire_choices":[{"floor":7,"key":"REST"}],"circlet_count":0,"master_deck":["AscendersBane","Strike_R","Strike_R","Strike_R","Strike_R","Defend_R","Defend_R","Defend_R","Defend_R","Bash","Wild Strike","Demon Form","Uppercut","Rupture"],"relics":["Velvet Choker","Old Coin","Ice Cream","Unceasing Top"],"acts_visited":["Exordium"],"potions_floor_usage":[6],"damage_taken":[{"damage":0.0,"enemies":"2 Louse","floor":1.0,"turns":2.0},{"damage":9,"enemies":"Jaw Worm","floor":2,"turns":4},{"damage":0,"enemies":"Cultist","floor":3,"turns":3},{"damage":14,"enemies":"2 Fungi Beasts","floor":4,"turns":4},{"damage":42,"enemies":"3 Sentries","floor":6,"turns":8},{"damage":29,"enemies":"Lagavulin","floor":8,"turns":8},{"damage":29,"enemies":"Gremlin Nob","floor":10,"turns":3}],"seed_played":"-6370665171598696036","potions_obtained":[{"floor":2,"key":"BloodPotion"}],"is_trial":false,"path_per_floor":["M","M","M","M","?","E","R","E","T","E"],"character_chosen":"IRONCLAD","items_purchased":[],"campfire_rested":1,"item_purchase_floors":[],"current_hp_per_floor":[68,59,59,45,45,18,40,11,11,0,0],"gold":509,"neow_bonus":"BOSS_RELIC","is_daily":false,"chose_seed":false,"campfire_upgraded":0,"win_rate":0.0,"timestamp":1608162182,"path_taken":["M","M","M","M","?","E","R","E","T","E"],"items_purchased_type":[],"build_version":"2020-12-13","purchased_purges":0,"victory":false,"max_hp_per_floor":[75,75,75,75,75,75,75,75,75,75,75],"relic_stats":{"counters":[7,32],"obtain_stats":[{"Ice Cream":8,"Velvet Choker":0,"Burning Blood":0,"Unceasing Top":9,"Old Coin":6},{"Ice Cream":6,"Velvet Choker":0,"Burning Blood":0,"Unceasing Top":6,"Old Coin":5},{"Ice Cream":29,"Velvet Choker":0,"Burning Blood":0,"Unceasing Top":29,"Old Coin":21}],"Unceasing Top":[0]},"card_choices":[{"not_picked":["Headbutt","Searing Blow","Flex"],"picked":"SKIP","floor":1.0},{"not_picked":["Headbutt","Perfected Strike"],"picked":"Wild Strike","floor":2},{"not_picked":["Shrug It Off","Spot Weakness"],"picked":"Demon Form","floor":3},{"not_picked":["Perfected Strike","Seeing Red"],"picked":"Uppercut","floor":4},{"not_picked":["Hemokinesis","Dark Embrace","Inflame"],"picked":"SKIP","floor":6},{"not_picked":["Flex","Body Slam","Demon Form"],"picked":"SKIP","floor":8}],"player_experience":2882028,"relics_obtained":[{"floor":6,"key":"Old Coin"},{"floor":8,"key":"Ice Cream"},{"floor":9,"key":"Unceasing Top"}],"event_choices":[{"damage_healed":0,"gold_gain":0,"cards_transformed":["Strike_R"],"player_choice":"Change","damage_taken":0,"max_hp_gain":0,"max_hp_loss":0,"event_name":"Living Wall","floor":5,"gold_loss":0,"cards_obtained":["Rupture"]}],"is_beta":false,"boss_relics":[],"items_purged_floors":[],"is_endless":false,"potions_floor_spawned":[2],"killed_by":"Gremlin Nob","ascension_level":20}}