{"host":"p7j7o00jacnw7qzt","time":1608096421,"event":{"mods":["BaseMod","Colored Map","Colored Powertips","DeckTracker","Highlight Path","Minty Spire (QoL Compilation)","Relic Stats"],"gold_per_floor":[114,131,56,56,16,42,42,42,42],"floor_reached":8,"playtime":103,"items_purged":["Strike_G"],"score":158,"play_id":"4c480dbc-1aec-4400-8f8f-642d887b09bf","local_time":"20201216002701","is_ascension_mode":true,"campfire_choices":[{"data":"Reflex","floor":7,"key":"SMITH"}],"circlet_count":0,"master_deck":["AscendersBane","Strike_G","Strike_G","Strike_G","Strike_G","Defend_G","Defend_G","Defend_G","Defend_G","Survivor","Neutralize","Backflip","Reflex+1"],"relics":["Ring of the Snake","NeowsBlessing","Nunchaku"],"acts_visited":["Exordium"],"potions_floor_usage":[],"damage_taken":[{"damage":0,"enemies":"Small Slimes","floor":1,"turns":1},{"damage":0,"enemies":"2 Louse","floor":2,"turns":1},{"damage":0,"enemies":"Lagavulin","floor":6,"turns":1},{"damage":7,"enemies":"3 Sentries","floor":8,"turns":3}],"seed_played":"4811388351631404782","potions_obtained":[{"floor":5,"key":"SteroidPotion"},{"floor":5,"key":"DuplicationPotion"}],"is_trial":false,"path_per_floor":["M","M","$","?","?","E","R","E"],"character_chosen":"THE_SILENT","items_purchased":[],"campfire_rested":0,"item_purchase_floors":[],"current_hp_per_floor":[59,59,59,52,52,52,52,45,45],"gold":42,"neow_bonus":"THREE_ENEMY_KILL","is_daily":false,"chose_seed":false,"campfire_upgraded":1,"win_rate":0.0,"timestamp":1608096421,"path_taken":["M","M","$","?","?","E","R","E"],"items_purchased_type":[],"build_version":"2020-12-13","purchased_purges":1,"victory":false,"max_hp_per_floor":[66,66,66,66,66,66,66,66,66],"relic_stats":{"Nunchaku":[0],"counters":[4,6],"obtain_stats":[{"Nunchaku":6,"NeowsBlessing":0,"Ring of the Snake":0},{"Nunchaku":3,"NeowsBlessing":0,"Ring of the Snake":0},{"Nunchaku":3,"NeowsBlessing":0,"Ring of the Snake":0}],"Ring of the Snake":[8]},"card_choices":[{"not_picked":["Bane","Dodge and Roll"],"picked":"Backflip","floor":1},{"not_picked":["Slice","Quick Slash","Flying Knee"],"picked":"SKIP","floor":2},{"not_picked":["Underhanded Strike","Deflect"],"picked":"Reflex","floor":6}],"player_experience":879037,"relics_obtained":[{"floor":6,"key":"Nunchaku"}],"event_choices":[{"cards_removed":["Defend_G"],"damage_healed":0,"gold_gain":0,"player_choice":"Card Removal","damage_taken":7,"max_hp_gain":0,"max_hp_loss":0,"event_name":"Golden Wing","floor":4,"gold_loss":0},{"damage_healed":0,"gold_gain":0,"player_choice":"Bought 3 Potions","damage_taken":0,"max_hp_gain":0,"max_hp_loss":0,"event_name":"The Woman in Blue","floor":5,"gold_loss":0}],"is_beta":false,"boss_relics":[],"items_purged_floors":[3],"is_endless":false,"potions_floor_spawned":[],"killed_by":"3 Sentries","ascension_level":20}}