{"host":"k010f1crm27ngy21","time":1608090102,"event":{"mods":["Aspiration","Bard","BaseMod","Downfall","Minty Spire (QoL Compilation)","Replay The Spire","Shop Mod","Spicy Shops","StSLib","The Cursed","The Hierophant","The Runesmith","The Servant 0.9.4"],"gold_per_floor":[112,124,182,257,257,257,283,283,333,333,358,388,408,107,107,227,227,248,248,248,271,271,271,296,296,296,309,324,344,368,107,107,233,233,251,251,270,289,309,347,371,409,409,409,432,432,432,432],"floor_reached":47,"playtime":3109,"items_purged":[],"score":639,"play_id":"f357c684-1cd2-4470-8ff6-95d0b5ef9689","local_time":"20201216114142","daily_mods":["SealedDeck","Vintage","Heirloom","downfall:Lament"],"is_ascension_mode":false,"campfire_choices":[{"data":"1","floor":6,"key":"LIFT"},{"data":"2","floor":8,"key":"LIFT"},{"data":"3","floor":15,"key":"LIFT"},{"data":"RitualDagger","floor":23,"key":"SMITH"},{"data":"Runesmith:BackupBattery","floor":25,"key":"SMITH"},{"data":"Runesmith:BackupBattery+1","floor":32,"key":"SMITH"},{"floor":44,"key":"DIG"}],"circlet_count":0,"master_deck":["Runesmith:RunicBlueprint","Runesmith:FieryHammer","Runesmith:GoWithTheFlow+1","Runesmith:BackupBattery","Runesmith:CraftMagma","Runesmith:Discharge+1","Runesmith:Permafrost","Runesmith:Firestorm","Runesmith:BackupBattery+2","Runesmith:ChaoticBlast+1","Runesmith:Superposition+1","Runesmith:Prism+1","Runesmith:CraftPrismatica+1","Runesmith:Duplicate+1","RitualDagger+1","Runesmith:CraftMedicinae","Madness+1","Madness","Runesmith:BackupBattery","Runesmith:HeatExchange","Parasite"],"relics":["Runesmith:CoreCrystal","Ring of Chaos","NeowsBlessing","Girya","aspiration:HiddenCompartment","Incense Burner","Replay:Bottled Snecko","Gremlin Food","Golden Idol","Ornamental Fan","Odd Mushroom","Unceasing Top","champ:Barbells","SlaversCollar","Nunchaku","Lizard Tail","ReplayTheSpireMod:Ninjato","Ice Cream","Ancient Tea Set","Whetstone","aspiration:SeaSaltIceCream","ReplayTheSpireMod:Ring of Addiction","Chameleon Ring","MerchantsRug","Meat on the Bone","BranchBurnRelic","Replay:Multitool","Juzu Bracelet","aspiration:StickyExplosives_weak","aspiration:Lifesprig","Bag of Preparation","Singing Bowl","champ:DuelingGlove","Happy Flower","Gambling Chip","Blue Doll"],"acts_visited":["Exordium","TheCity","TheBeyond"],"potions_floor_usage":[16,24,33,33,33,39,42,45,47],"damage_taken":[{"damage":0,"enemies":"Jaw Worm","floor":1,"turns":1},{"damage":0,"enemies":"Small Slimes","floor":2,"turns":1},{"damage":0,"enemies":"Gremlin Nob","floor":7,"turns":1},{"damage":0,"enemies":"2 Louse","floor":11,"turns":1},{"damage":0,"enemies":"The Mushroom Lair","floor":12,"turns":2},{"damage":0,"enemies":"Large Slime","floor":13,"turns":1},{"damage":4,"enemies":"Fading Forest","floor":16,"turns":11},{"damage":0,"enemies":"2 Thieves","floor":18,"turns":3},{"damage":0,"enemies":"Spheric Guardian","floor":21,"turns":4},{"damage":3,"enemies":"Chosen and Byrds","floor":24,"turns":3},{"damage":0,"enemies":"Centurion and Healer","floor":27,"turns":3},{"damage":7,"enemies":"Snecko","floor":28,"turns":3},{"damage":21,"enemies":"Snake Plant","floor":29,"turns":3},{"damage":0,"enemies":"Centurion and Healer","floor":30,"turns":3},{"damage":9,"enemies":"Champ","floor":33,"turns":5},{"damage":0,"enemies":"3 Shapes","floor":35,"turns":4},{"damage":2,"enemies":"Orb Walker","floor":37,"turns":3},{"damage":0,"enemies":"Maw","floor":38,"turns":6},{"damage":16,"enemies":"4 Shapes","floor":39,"turns":3},{"damage":0,"enemies":"Giant Head","floor":40,"turns":5},{"damage":24,"enemies":"Transient","floor":41,"turns":5},{"damage":0,"enemies":"R_Hoarder","floor":42,"turns":5},{"damage":19,"enemies":"Maw","floor":45,"turns":3},{"damage":0,"enemies":"Writhing Mass","floor":47,"turns":2}],"seed_played":"4700640414014157054","potions_obtained":[{"floor":1,"key":"Cursed Concoction"},{"floor":2,"key":"Milkshake"},{"floor":7,"key":"DistilledChaos"},{"floor":18,"key":"champ:CounterPotion"},{"floor":24,"key":"CultistPotion"},{"floor":30,"key":"Adrenaline Potion"},{"floor":30,"key":"DistilledChaos"},{"floor":35,"key":"FairyPotion"},{"floor":37,"key":"Toxic Potion"},{"floor":39,"key":"Energy Potion"}],"is_trial":true,"path_per_floor":["M","M","?","?","?","R","E","R","T","?","M","?","M","$","R","B",null,"M","?","?","M","?","R","M","R","T","M","M","M","M","$","R","B",null,"M","?","M","M","M","E","M","E","T","R","M","?","M"],"character_chosen":"RUNESMITH_CLASS","items_purchased":["champ:Barbells","Runesmith:CraftPrismatica","MerchantsRug","Meat on the Bone"],"campfire_rested":0,"item_purchase_floors":[14,14,31,31],"current_hp_per_floor":[70,70,70,59,59,59,59,59,59,42,42,42,42,42,42,48,70,70,64,64,64,64,64,61,61,61,61,54,33,33,33,33,38,70,70,61,61,62,46,48,40,42,42,42,46,46,46,46],"gold":432,"neow_bonus":"","is_daily":false,"chose_seed":false,"campfire_upgraded":3,"win_rate":0.0,"timestamp":1608090102,"path_taken":["M","M","?","?","?","R","E","R","T","?","M","?","?","?","R","BOSS","M","?","?","M","?","R","M","R","T","M","M","?","M","?","R","BOSS","M","?","M","M","M","E","M","E","T","R","M","?","M"],"items_purchased_type":["Relic","Card","Relic","Relic"],"build_version":"2020-12-13","purchased_purges":0,"victory":false,"max_hp_per_floor":[70,70,70,70,70,70,70,70,70,70,70,70,70,70,70,70,70,70,70,70,70,70,70,70,70,70,70,70,70,70,70,70,70,70,70,70,68,68,68,68,68,68,68,68,68,68,68,68],"card_choices":[{"not_picked":["Runesmith:Repurpose","Runesmith:Permafrost"],"picked":"Runesmith:Superposition","floor":7},{"not_picked":["Runesmith:StaticCage","Runesmith:CraftProtectio"],"picked":"Runesmith:Prism","floor":12},{"not_picked":["Runesmith:CreatorForm","Runesmith:CraftPrismatica"],"picked":"Runesmith:Duplicate","floor":16},{"not_picked":["Runesmith:LightningRod","Runesmith:GrandSlam"],"picked":"Runesmith:CraftMedicinae","floor":33},{"not_picked":["Runesmith:EarthShield","Runesmith:LastStand"],"picked":"Runesmith:BackupBattery","floor":40},{"not_picked":["Runesmith:Overpower","Runesmith:CraftSpiculum"],"picked":"Runesmith:HeatExchange","floor":42}],"player_experience":122135,"relics_obtained":[{"floor":1,"key":"aspiration:HiddenCompartment"},{"floor":2,"key":"Incense Burner"},{"floor":7,"key":"Replay:Bottled Snecko"},{"floor":9,"key":"Gremlin Food"},{"floor":11,"key":"Ornamental Fan"},{"floor":12,"key":"Odd Mushroom"},{"floor":13,"key":"Unceasing Top"},{"floor":18,"key":"Nunchaku"},{"floor":21,"key":"Lizard Tail"},{"floor":24,"key":"ReplayTheSpireMod:Ninjato"},{"floor":26,"key":"Ice Cream"},{"floor":27,"key":"Ancient Tea Set"},{"floor":28,"key":"Whetstone"},{"floor":29,"key":"Dead Branch"},{"floor":30,"key":"aspiration:SeaSaltIceCream"},{"floor":30,"key":"Potion Belt"},{"floor":30,"key":"Chameleon Ring"},{"floor":35,"key":"Replay:Multitool"},{"floor":37,"key":"Juzu Bracelet"},{"floor":38,"key":"aspiration:StickyExplosives_weak"},{"floor":39,"key":"aspiration:Lifesprig"},{"floor":40,"key":"Bag of Preparation"},{"floor":41,"key":"Singing Bowl"},{"floor":42,"key":"champ:DuelingGlove"},{"floor":43,"key":"Happy Flower"},{"floor":44,"key":"Gambling Chip"},{"floor":45,"key":"Blue Doll"}],"event_choices":[{"damage_healed":0,"gold_gain":58,"player_choice":"Gained Gold","damage_taken":0,"max_hp_gain":0,"max_hp_loss":0,"event_name":"Golden Wing","floor":3,"gold_loss":0},{"damage_healed":0,"gold_gain":75,"player_choice":"Gather Gold","damage_taken":11,"max_hp_gain":0,"max_hp_loss":0,"event_name":"World of Goop","floor":4,"gold_loss":0},{"damage_healed":0,"gold_gain":0,"player_choice":"Take Damage","damage_taken":17,"relics_obtained":["Golden Idol"],"max_hp_gain":0,"max_hp_loss":0,"event_name":"Golden Idol","floor":10,"gold_loss":0},{"damage_healed":0,"gold_gain":0,"player_choice":"Fought Mushrooms","damage_taken":0,"max_hp_gain":0,"max_hp_loss":0,"event_name":"Mushrooms","floor":12,"gold_loss":0},{"damage_healed":0,"gold_gain":0,"player_choice":"Joined the Cult","damage_taken":6,"max_hp_gain":0,"max_hp_loss":0,"event_name":"Nest","floor":19,"gold_loss":0,"cards_obtained":["RitualDagger"]},{"damage_healed":0,"gold_gain":0,"player_choice":"Ignored","damage_taken":0,"max_hp_gain":0,"max_hp_loss":0,"event_name":"Ghosts","floor":20,"gold_loss":0},{"damage_healed":0,"gold_gain":0,"player_choice":"Ignored","damage_taken":0,"max_hp_gain":0,"max_hp_loss":0,"event_name":"NoteForYourself","floor":22,"gold_loss":0},{"damage_healed":0,"gold_gain":0,"player_choice":"Embrace Madness","damage_taken":9,"max_hp_gain":0,"max_hp_loss":0,"event_name":"Winding Halls","floor":36,"gold_loss":0,"cards_obtained":["Madness","Madness"]}],"is_beta":false,"boss_relics":[{"not_picked":["Tiny House","Honey Jar"],"picked":"SlaversCollar"},{"not_picked":["Astrolabe","sneckomod:SneckoTalon"],"picked":"Runesmith:CoreCrystal"}],"items_purged_floors":[],"is_endless":true,"potions_floor_spawned":[1,2,7,18,21,24,29,35,37,39],"killed_by":"Writhing Mass","ascension_level":0}}