{"host":"usrgk25etjl0nf5i","time":1608093977,"event":{"mods":["2.2 Compatiblity","BaseMod","Downfall","Hermit","Hubris","Minty Spire (QoL Compilation)","StSLib","SuperFastMode","The Disciple","The Hierophant"],"gold_per_floor":[99,129,146,146,178,178,178,188,188,215,231,4,4,4,23,23,23],"floor_reached":16,"playtime":899,"items_purged":["Regret"],"score":165,"play_id":"0b6ebabd-488d-4aea-9e2d-b651c57506c6","local_time":"20201215204617","is_ascension_mode":true,"campfire_choices":[{"data":"Slimebound:Split","floor":1,"key":"SMITH"},{"floor":6,"key":"REST"}],"circlet_count":0,"master_deck":["Slimebound:Strike_Slimebound","Slimebound:Strike_Slimebound","Slimebound:Tackle","Slimebound:Defend_Slimebound+1","Slimebound:Defend_Slimebound","Slimebound:Defend_Slimebound","Slimebound:Defend_Slimebound","Slimebound:Split+1","Slimebound:CorrosiveSpit","Slimebound:ForwardTackle","Slimebound:Gluttony","Slimebound:MassRepurpose+1","Slimebound:Grow+1","Slimebound:Equalize","Slimebound:Grow","Slimebound:RollThrough","Slimebound:SamplingLick"],"relics":["Slimebound:AbsorbEndCombat","hubris:SphereOfDissonance","Gambling Chip","hubris:BundleOfHerbs","Nunchaku","Membership Card","Thread and Needle","hubris:Towel"],"acts_visited":["Exordium"],"potions_floor_usage":[5,5,10],"damage_taken":[{"damage":49,"enemies":"Lagavulin","floor":2,"turns":9},{"damage":13,"enemies":"2 Louse","floor":3,"turns":3},{"damage":21,"enemies":"3 Sentries","floor":5,"turns":7},{"damage":11,"enemies":"Cultist","floor":8,"turns":3},{"damage":28,"enemies":"Lagavulin","floor":10,"turns":6},{"damage":9,"enemies":"Jaw Worm","floor":11,"turns":2},{"damage":21,"enemies":"downfall:FleeingMerchant","floor":12,"turns":4},{"damage":8,"enemies":"Large Slime","floor":15,"turns":4},{"damage":98,"enemies":"downfall:Silent","floor":16,"turns":11}],"seed_played":"-8631209182022526341","potions_obtained":[{"floor":2,"key":"ColorlessPotion"},{"floor":3,"key":"Guardian:BlockOnCardUsePotion"},{"floor":8,"key":"hexamod:EctoCoolerPotion"},{"floor":15,"key":"Explosive Potion"}],"is_trial":false,"path_per_floor":["R","E","M","?","E","R","T","M","?","E","M","$","T","?","M","B"],"character_chosen":"SLIMEBOUND","items_purchased":["Membership Card","Slimebound:SamplingLick"],"campfire_rested":1,"item_purchase_floors":[12,12],"current_hp_per_floor":[60,29,26,26,25,44,44,53,53,53,62,59,59,59,66,0,0],"gold":23,"neow_bonus":"TEN_PERCENT_HP_BONUS","is_daily":false,"chose_seed":false,"campfire_upgraded":1,"win_rate":0.0,"timestamp":1608093977,"path_taken":["R","E","M","?","E","R","T","?","?","E","M","?","?","?","M","BOSS"],"items_purchased_type":["Relic","Card"],"build_version":"2020-12-13","purchased_purges":1,"victory":false,"max_hp_per_floor":[66,66,66,66,66,66,66,66,66,66,66,66,66,66,66,66,66],"card_choices":[{"not_picked":["Slimebound:SlimeSpikes","Slimebound:SplitAcid"],"picked":"Slimebound:ForwardTackle","floor":2},{"not_picked":["Slimebound:SamplingLick","Slimebound:SplitMire"],"picked":"Slimebound:Gluttony","floor":3},{"not_picked":["Slimebound:SlimeBrawl","Slimebound:SamplingLick"],"picked":"Slimebound:MassRepurpose","floor":5},{"not_picked":["Slimebound:SplitAcid","Slimebound:Recollect"],"picked":"Slimebound:Grow","floor":8},{"not_picked":["Slimebound:FinishingTackle","Slimebound:FirmFortitude"],"picked":"Slimebound:Equalize","floor":10},{"not_picked":["Slimebound:RollThrough","Slimebound:SamplingLick"],"picked":"Slimebound:Grow","floor":11},{"not_picked":["Slimebound:LeechEnergy","Slimebound:Overexert"],"picked":"Slimebound:RollThrough","floor":12},{"not_picked":["Slimebound:SplitLeeching","Slimebound:LeechingTouch","Slimebound:DivideAndConquer"],"picked":"SKIP","floor":15}],"player_experience":650781,"relics_obtained":[{"floor":2,"key":"hubris:SphereOfDissonance"},{"floor":5,"key":"Gambling Chip"},{"floor":7,"key":"hubris:BundleOfHerbs"},{"floor":10,"key":"Nunchaku"},{"floor":13,"key":"Thread and Needle"}],"event_choices":[{"cards_removed":["Slimebound:Strike_Slimebound"],"damage_healed":0,"gold_gain":0,"player_choice":"Offered Basic","damage_taken":0,"max_hp_gain":0,"max_hp_loss":0,"event_name":"Bonfire Elementals","floor":4,"gold_loss":0}],"is_beta":false,"boss_relics":[],"items_purged_floors":[12],"is_endless":false,"potions_floor_spawned":[2,3,8,15],"killed_by":"downfall:Silent","ascension_level":8}}