{"host":"8g24zuco0epbjwbo","time":1608158230,"event":{"mods":["Act Like it!","Aspiration","BaseMod","Hubris","Infinite Spire","Minty Spire (QoL Compilation)","Relic Stats","Replay The Spire","StSLib","The Blue Laboratory","The Factory","The Jungle"],"gold_per_floor":[118,118,118,138,152,182,182,211,211,211,66,101,111,111,111,214,214,224,224,224,237,249,281,281,310,333,333,349,382,392,425,425,529,529,544,544,563,563,717,729,776,788,800,829,874,614,614,626,626,626],"floor_reached":51,"playtime":2214,"items_purged":["Strike_G","Strike_G"],"score":1120,"play_id":"6c36b4b8-04fb-44b7-8fb3-ad994646f05f","local_time":"20201216173710","is_ascension_mode":true,"campfire_choices":[{"data":"infinitespire:Neurotoxin","floor":7,"key":"SMITH"},{"floor":10,"key":"REST"},{"floor":15,"key":"REST"},{"data":"Footwork","floor":24,"key":"SMITH"},{"data":"Crippling Poison","floor":27,"key":"SMITH"},{"data":"Neutralize","floor":40,"key":"SMITH"},{"data":"Well Laid Plans","floor":42,"key":"SMITH"},{"floor":47,"key":"REST"},{"floor":49,"key":"REST"}],"circlet_count":0,"master_deck":["Strike_G","Strike_G","Strike_G","Defend_G","Defend_G+1","Defend_G","Defend_G","Survivor+1","Neutralize+1","infinitespire:Neurotoxin+1","Well Laid Plans+1","Backstab","Backstab","Crippling Poison+1","Deadly Poison+1","Heel Hook","Envenom","Deadly Poison+1","Prepared+1","Footwork+1","ReplayTheSpireMod:Necrosis+1","Blade Dance+1","Replay:Bag of Tricks+1","Envenom","Backflip+1","Replay:Poison Smokescreen+1","Draining Mist+1","Leg Sweep+1","Cloak And Dagger+1","Pot Of Greed+1","Pot Of Greed+1","Pot Of Greed+1","Master of Strategy+1","Fluid Movement","Cloak And Dagger+1","Cloak And Dagger+1"],"relics":["Ring of the Snake","aspiration:BabyByrd","CultistMask","Replay:Ringing Soul","Bottled Flame","Toxic Egg 2","Medical Kit","Snake Skull","hubris:Towel","Snecko Heart","SacredBark","hubris:Teleporter","Bag of Preparation","Matryoshka","ReplayTheSpireMod:TigerMarble","Smiling Mask","Replay:Accelerometer","Centennial Puzzle","Philosopher\u0027s Stone","Bag of Marbles","MawBank","War Paint","Snack Pack","infinitespire:Satchel","ReplayFunnel","Grinning Jar","hubris:NiceRug","Toolbox"],"acts_visited":["Exordium","Exordium","TheBeyond"],"potions_floor_usage":[13,25,31,46,46,50],"damage_taken":[{"damage":5,"enemies":"Small Slimes","floor":1,"turns":5},{"damage":5,"enemies":"2 Louse","floor":4,"turns":3},{"damage":1,"enemies":"Cultist","floor":5,"turns":4},{"damage":24,"enemies":"Lagavulin","floor":6,"turns":9},{"damage":5,"enemies":"Replay:BlueRogue","floor":8,"turns":7},{"damage":16,"enemies":"3 Sentries","floor":12,"turns":12},{"damage":10,"enemies":"Exordium Wildlife","floor":13,"turns":2},{"damage":17,"enemies":"Hexaghost","floor":16,"turns":8},{"damage":6,"enemies":"theJungle:5_Spyders","floor":18,"turns":6},{"damage":14,"enemies":"theJungle:Flameango_and_Byrd","floor":21,"turns":4},{"damage":18,"enemies":"Snake Plant","floor":22,"turns":4},{"damage":33,"enemies":"theJungle:2_Phrogs","floor":23,"turns":6},{"damage":6,"enemies":"theJungle:MamaSnecko","floor":25,"turns":5},{"damage":8,"enemies":"theJungle:2_Snecko_Cultists","floor":28,"turns":3},{"damage":2,"enemies":"theJungle:Cassacara","floor":29,"turns":3},{"damage":3,"enemies":"theJungle:JungleHuntersEncounter","floor":30,"turns":3},{"damage":2,"enemies":"theJungle:2_Phrogs","floor":31,"turns":6},{"damage":0,"enemies":"theJungle:FunGuy","floor":33,"turns":6},{"damage":4,"enemies":"3 Darklings","floor":35,"turns":3},{"damage":0,"enemies":"Orb Walker","floor":37,"turns":2},{"damage":7,"enemies":"Reptomancer","floor":41,"turns":2},{"damage":21,"enemies":"Maw","floor":44,"turns":6},{"damage":17,"enemies":"Nemesis","floor":45,"turns":5},{"damage":31,"enemies":"hubris:Merchant","floor":46,"turns":8},{"damage":0,"enemies":"3 Darklings","floor":48,"turns":2},{"damage":0,"enemies":"Time Eater","floor":50,"turns":5}],"seed_played":"-4215269861338748746","potions_obtained":[{"floor":5,"key":"blueLaboratory:HeartbeatPotion"},{"floor":6,"key":"blueLaboratory:SuffocatingSmog"},{"floor":8,"key":"EssenceOfSteel"},{"floor":18,"key":"blueLaboratory:Moonshine"},{"floor":28,"key":"infinitespire:BlackPotion"},{"floor":31,"key":"blueLaboratory:CorrosionFlask"},{"floor":39,"key":"Flashbang"},{"floor":39,"key":"Venom Potion"},{"floor":46,"key":"blueLaboratory:PolymorphPotion"},{"floor":46,"key":"blueLaboratory:PhilterOfMotion"},{"floor":48,"key":"EssenceOfSteel"}],"is_trial":false,"path_per_floor":["M","?","?","M","M","E","R","E","T","R","$","E","M","?","R","B",null,"M","AVR","?","M","M","E","R","E","T","R","M","E","M","E","R","B",null,"M","?","M","?","?","R","E","R","T","M","E","$","R","M","R","B",null],"character_chosen":"THE_SILENT","items_purchased":["Medical Kit","ReplayFunnel","Grinning Jar","Master of Strategy+1","Fluid Movement"],"campfire_rested":4,"item_purchase_floors":[11,46,46,46,46],"current_hp_per_floor":[44,44,44,39,38,17,17,15,15,37,37,24,17,17,41,27,85,82,82,82,71,56,26,26,20,20,20,15,16,13,11,11,14,106,105,104,107,110,69,69,62,62,62,50,39,17,52,57,93,99],"gold":626,"neow_bonus":"THREE_RARE_CARDS","is_daily":false,"chose_seed":false,"campfire_upgraded":5,"win_rate":0.0,"timestamp":1608158230,"path_taken":["M","?","?","?","M","E","R","E","T","R","$","E","M","?","R","BOSS","M","AVR","?","M","?","E","R","E","T","R","M","E","M","E","R","BOSS","M","?","M","?","?","R","E","R","T","M","E","$","R","M","R","BOSS"],"items_purchased_type":["Relic","Relic","Relic","Card","Card"],"build_version":"2020-12-13","purchased_purges":2,"victory":true,"max_hp_per_floor":[70,70,70,70,70,73,73,76,76,76,76,79,82,82,82,85,85,88,88,88,91,94,97,97,97,97,97,100,103,103,103,103,106,106,109,104,107,110,113,113,113,113,113,116,116,119,119,122,122,122],"relic_stats":{"Centennial Puzzle":[15],"counters":[26,129],"Snake Skull":[148],"Bag of Preparation":[28],"War Paint":["Survivor","Defend_G"],"Medical Kit":[10],"Smiling Mask":25,"MawBank":84,"obtain_stats":[{"ReplayFunnel":46,"Replay:Accelerometer":29,"Snecko Heart":17,"SacredBark":19,"Snake Skull":12,"Bag of Preparation":23,"Smiling Mask":26,"Replay:Ringing Soul":6,"Centennial Puzzle":31,"Matryoshka":25,"aspiration:BabyByrd":2,"Toolbox":46,"Philosopher\u0027s Stone":34,"Toxic Egg 2":9,"Ring of the Snake":0,"hubris:Teleporter":19,"hubris:Towel":14,"War Paint":41,"Medical Kit":11,"MawBank":39,"Bottled Flame":8,"infinitespire:Satchel":45,"CultistMask":3,"ReplayTheSpireMod:TigerMarble":26,"Bag of Marbles":39,"Snack Pack":43,"Grinning Jar":46,"hubris:NiceRug":46},{"ReplayFunnel":23,"Replay:Accelerometer":15,"Snecko Heart":8,"SacredBark":9,"Snake Skull":6,"Bag of Preparation":12,"Smiling Mask":13,"Replay:Ringing Soul":4,"Centennial Puzzle":17,"Matryoshka":13,"aspiration:BabyByrd":1,"Toolbox":24,"Philosopher\u0027s Stone":18,"Toxic Egg 2":5,"Ring of the Snake":0,"hubris:Teleporter":9,"hubris:Towel":7,"War Paint":21,"Medical Kit":5,"MawBank":20,"Bottled Flame":5,"infinitespire:Satchel":23,"CultistMask":1,"ReplayTheSpireMod:TigerMarble":13,"Bag of Marbles":20,"Snack Pack":21,"Grinning Jar":23,"hubris:NiceRug":24},{"ReplayFunnel":114,"Replay:Accelerometer":81,"Snecko Heart":50,"SacredBark":56,"Snake Skull":40,"Bag of Preparation":70,"Smiling Mask":75,"Replay:Ringing Soul":21,"Centennial Puzzle":90,"Matryoshka":75,"aspiration:BabyByrd":5,"Toolbox":122,"Philosopher\u0027s Stone":96,"Toxic Egg 2":28,"Ring of the Snake":0,"hubris:Teleporter":56,"hubris:Towel":42,"War Paint":103,"Medical Kit":28,"MawBank":101,"Bottled Flame":28,"infinitespire:Satchel":114,"CultistMask":5,"ReplayTheSpireMod:TigerMarble":75,"Bag of Marbles":101,"Snack Pack":103,"Grinning Jar":114,"hubris:NiceRug":122}],"Ring of the Snake":[52]},"card_choices":[{"not_picked":["Tools of the Trade","ReplayTheSpireMod:Necrosis"],"picked":"infinitespire:Neurotoxin","floor":0},{"not_picked":["Tactician","ReplayTheSpireMod:The Works","Deadly Poison"],"picked":"SKIP","floor":1},{"not_picked":["Expertise","Eviscerate"],"picked":"Well Laid Plans","floor":4},{"not_picked":["Dagger Throw","Cloak And Dagger"],"picked":"Backstab","floor":5},{"not_picked":["ReplayTheSpireMod:Exploit Weakness","Accuracy"],"picked":"Backstab","floor":6},{"not_picked":["ReplayTheSpireMod:Scrap Shanks","Sucker Punch"],"picked":"Crippling Poison","floor":8},{"not_picked":["Malaise+1","Sneak Up+1"],"picked":"Deadly Poison+1","floor":12},{"not_picked":["hubris:SlightOfHand+1","Dodge and Roll+1"],"picked":"Heel Hook","floor":13},{"not_picked":["Glass Knife","aspiration:Lunge"],"picked":"Envenom","floor":16},{"not_picked":["Quick Slash","hubris:TrickCloak+1"],"picked":"Deadly Poison+1","floor":18},{"not_picked":["Escape Plan+1","Caltrops"],"picked":"Prepared+1","floor":21},{"not_picked":["Cloak And Dagger+1","Prepared+1"],"picked":"Footwork","floor":22},{"not_picked":["Bullet Time+1","Cloak And Dagger+1"],"picked":"ReplayTheSpireMod:Necrosis+1","floor":23},{"not_picked":["Acrobatics+1","Dagger Throw","Quick Slash+1"],"picked":"SKIP","floor":25},{"not_picked":["Cloak And Dagger+1","Bane"],"picked":"Blade Dance+1","floor":28},{"not_picked":["Blade Dance+1","Hidden Blade+1"],"picked":"Replay:Bag of Tricks+1","floor":29},{"not_picked":["Blade Dance+1","hubris:Counter","Deadly Poison+1"],"picked":"SKIP","floor":30},{"not_picked":["Flying Knee","Caltrops+1","Bane"],"picked":"SKIP","floor":31},{"not_picked":["Bullet Time+1","Poison Darts+1"],"picked":"Envenom","floor":33},{"not_picked":["ReplayTheSpireMod:Shiv Toss+1","Cloak And Dagger+1"],"picked":"Backflip+1","floor":35},{"not_picked":["Heel Hook+1","Dagger Spray"],"picked":"Replay:Poison Smokescreen+1","floor":37},{"not_picked":["hubris:Sniper+1","Acrobatics+1"],"picked":"Leg Sweep+1","floor":39},{"not_picked":["Heel Hook","Slice","Dash"],"picked":"SKIP","floor":41},{"not_picked":["Deadly Poison+1","Acrobatics+1"],"picked":"Cloak And Dagger+1","floor":44},{"not_picked":["Dagger Spray","Heel Hook","Acrobatics+1"],"picked":"SKIP","floor":45},{"not_picked":[],"picked":"Cloak And Dagger+1","floor":46},{"not_picked":["Riddle With Holes"],"picked":"SKIP","floor":46},{"not_picked":["Glass Knife"],"picked":"SKIP","floor":46},{"not_picked":["Terror+1"],"picked":"SKIP","floor":46},{"not_picked":["Impatience+1"],"picked":"SKIP","floor":46},{"not_picked":["Poisoned Stab+1","hubris:Sniper+1"],"picked":"Cloak And Dagger+1","floor":48}],"player_experience":326033,"relics_obtained":[{"floor":6,"key":"Replay:Ringing Soul"},{"floor":8,"key":"Bottled Flame"},{"floor":9,"key":"Toxic Egg 2"},{"floor":12,"key":"Snake Skull"},{"floor":23,"key":"Bag of Preparation"},{"floor":25,"key":"Matryoshka"},{"floor":26,"key":"ReplayTheSpireMod:TigerMarble"},{"floor":26,"key":"Smiling Mask"},{"floor":29,"key":"Replay:Accelerometer"},{"floor":31,"key":"Centennial Puzzle"},{"floor":39,"key":"Bag of Marbles"},{"floor":39,"key":"MawBank"},{"floor":41,"key":"War Paint"},{"floor":43,"key":"Snack Pack"},{"floor":45,"key":"infinitespire:Satchel"},{"floor":46,"key":"Toolbox"}],"event_choices":[{"damage_healed":0,"gold_gain":0,"player_choice":"Trade","damage_taken":0,"relics_obtained":["CultistMask"],"max_hp_gain":0,"max_hp_loss":0,"event_name":"FaceTrader","floor":3,"gold_loss":0},{"cards_removed":["Defend_G"],"damage_healed":0,"gold_gain":0,"player_choice":"Offered Basic","damage_taken":0,"max_hp_gain":0,"max_hp_loss":0,"event_name":"Bonfire Elementals","floor":20,"gold_loss":0},{"damage_healed":0,"gold_gain":0,"player_choice":"Bought 0 Potions","damage_taken":0,"max_hp_gain":0,"max_hp_loss":0,"event_name":"The Woman in Blue","floor":32,"gold_loss":0},{"damage_healed":0,"gold_gain":0,"player_choice":"Max HP","damage_taken":0,"max_hp_gain":0,"max_hp_loss":5,"event_name":"Winding Halls","floor":36,"gold_loss":0}],"is_beta":false,"boss_relics":[{"not_picked":["Cursed Key","Painkiller Herb"],"picked":"Snecko Heart"},{"not_picked":["aspiration:PoetsPen_weak","hubris:GrandSneckoEye"],"picked":"Philosopher\u0027s Stone"}],"items_purged_floors":[19,46],"is_endless":false,"potions_floor_spawned":[5,6,8,12,18,21,22,28,29,31,41,44,48],"ascension_level":1}}