{"host":"egyxg9lnjq7g2hmw","time":1608097555,"event":{"mods":["AchievementEnabler","BaseMod","Block Reminder","Colored Map","Colored Powertips","Highlight Path","Minty Spire (QoL Compilation)","Rare Cards Sparkle","StSLib"],"gold_per_floor":[114,114,114,129,129,129,161,161,161,174,43,57,57,82,82,82,82],"floor_reached":16,"playtime":630,"items_purged":["Strike_G"],"score":200,"play_id":"8fdf81ce-60bd-4925-a764-736b3d3f00c7","local_time":"20201215214555","is_ascension_mode":true,"campfire_choices":[{"data":"Poisoned Stab","floor":6,"key":"SMITH"},{"floor":8,"key":"REST"},{"data":"Neutralize","floor":13,"key":"SMITH"},{"data":"Dagger Spray","floor":15,"key":"SMITH"}],"circlet_count":0,"master_deck":["AscendersBane","Strike_G","Strike_G","Strike_G","Strike_G","Defend_G","Defend_G","Defend_G","Defend_G","Defend_G","Survivor","Neutralize+1","Poisoned Stab+1","Crippling Poison","All Out Attack","Masterful Stab","Dagger Spray+1"],"relics":["Ring of the Snake","Omamori","Ancient Tea Set","Eternal Feather","HornCleat"],"acts_visited":["Exordium"],"potions_floor_usage":[7,14,16],"damage_taken":[{"damage":2,"enemies":"Small Slimes","floor":1,"turns":5},{"damage":0,"enemies":"2 Louse","floor":4,"turns":4},{"damage":19,"enemies":"3 Sentries","floor":7,"turns":14},{"damage":0,"enemies":"Jaw Worm","floor":10,"turns":3},{"damage":4,"enemies":"Blue Slaver","floor":12,"turns":4},{"damage":13,"enemies":"Gremlin Nob","floor":14,"turns":3},{"damage":36,"enemies":"Slime Boss","floor":16,"turns":9}],"seed_played":"-5200379254755709132","potions_obtained":[{"floor":4,"key":"Dexterity Potion"},{"floor":10,"key":"Poison Potion"}],"is_trial":false,"path_per_floor":["M","?","?","M","?","R","E","R","T","M","$","M","R","E","R","B"],"character_chosen":"THE_SILENT","items_purchased":["Strength Potion"],"campfire_rested":1,"item_purchase_floors":[11],"current_hp_per_floor":[63,63,68,68,23,23,4,27,27,27,27,23,32,19,28,0,0],"gold":82,"neow_bonus":"TEN_PERCENT_HP_BONUS","is_daily":false,"chose_seed":false,"campfire_upgraded":3,"win_rate":0.0,"timestamp":1608097555,"path_taken":["M","?","?","M","?","R","E","R","T","M","?","?","R","E","R","BOSS"],"items_purchased_type":["Potion"],"build_version":"2020-12-13","purchased_purges":1,"victory":false,"max_hp_per_floor":[72,72,77,77,77,77,77,77,77,77,77,77,77,77,77,77,77],"card_choices":[{"not_picked":["Footwork","PiercingWail"],"picked":"Poisoned Stab","floor":1},{"not_picked":["Setup","Deadly Poison"],"picked":"Crippling Poison","floor":4},{"not_picked":["Cloak And Dagger","Escape Plan","Acrobatics"],"picked":"SKIP","floor":7},{"not_picked":["Dodge and Roll","Slice"],"picked":"All Out Attack","floor":10},{"not_picked":["Footwork","Escape Plan"],"picked":"Masterful Stab","floor":12},{"not_picked":["Riddle With Holes","Doppelganger"],"picked":"Dagger Spray","floor":14}],"player_experience":477593,"relics_obtained":[{"floor":7,"key":"Ancient Tea Set"},{"floor":9,"key":"Eternal Feather"},{"floor":14,"key":"HornCleat"}],"event_choices":[{"damage_healed":0,"gold_gain":0,"player_choice":"Ignored","damage_taken":0,"max_hp_gain":0,"max_hp_loss":0,"event_name":"Liars Game","floor":2,"gold_loss":0},{"damage_healed":0,"gold_gain":0,"player_choice":"Donut","damage_taken":0,"max_hp_gain":5,"max_hp_loss":0,"event_name":"Big Fish","floor":3,"gold_loss":0},{"damage_healed":0,"gold_gain":0,"player_choice":"Success","damage_taken":45,"relics_obtained":["Omamori"],"max_hp_gain":0,"max_hp_loss":0,"event_name":"Scrap Ooze","floor":5,"gold_loss":0}],"is_beta":false,"boss_relics":[],"items_purged_floors":[11],"is_endless":false,"potions_floor_spawned":[4,10,12],"killed_by":"Slime Boss","ascension_level":17}}