{"host":"6gzy6nvr8uokwcne","time":1608099009,"event":{"mods":["2.2 Compatiblity","AchievementEnabler","BaseMod","Minty Spire (QoL Compilation)","Quick Restart","Replay The Spire","StSLib","The Disciple","The Necromancer","The Servant 0.9.4"],"gold_per_floor":[99,99,112,125,125,156,156,172,172,183,60,87,100,116,116,219,219,191,210,163,163,14,14,14],"floor_reached":23,"playtime":1835,"items_purged":["Summon_Lich"],"score":226,"play_id":"8e2d9836-00a0-4117-abef-cf053efdebf6","local_time":"20201215231009","daily_mods":["Heirloom"],"is_ascension_mode":false,"campfire_choices":[{"floor":7,"key":"RECALL"},{"data":"Summon_Undead","floor":15,"key":"SMITH"}],"circlet_count":0,"master_deck":["Strike_W","Strike_W","Strike_W","Strike_W","Defend_W","Defend_W","Defend_W","Defend_W","Negative_Energy_Arrows","Bone_Wall","ReplayTheSpireMod:Faulty Equipment","Vampiric_Strike","Bone_Armor","Negative_Energy_Mist","Summon_Undead+1","Uncharnel","Thousand_Bone_Knives","Spectral_Walk","Summon_Vampire_Lady","Bone_Bullets+1","Bones_to_Steel"],"relics":["Vampire_Amulet","replay:Trail_Library","Shovel","NeowsBlessing","NeowsBlessing","Girya","Matryoshka","Sozu","Enchiridion","Dream Catcher"],"acts_visited":["Exordium","TheCity"],"potions_floor_usage":[10,12,14,16,16,18],"damage_taken":[{"damage":0,"enemies":"Small Slimes","floor":3,"turns":1},{"damage":0,"enemies":"Jaw Worm","floor":4,"turns":1},{"damage":0,"enemies":"Gremlin Nob","floor":6,"turns":1},{"damage":0,"enemies":"Cultist","floor":8,"turns":1},{"damage":0,"enemies":"Gremlin Gang","floor":10,"turns":2},{"damage":23,"enemies":"Lagavulin","floor":12,"turns":7},{"damage":7,"enemies":"2 Fungi Beasts","floor":13,"turns":4},{"damage":5,"enemies":"Looter","floor":14,"turns":3},{"damage":28,"enemies":"The Guardian","floor":16,"turns":8},{"damage":33,"enemies":"2 Thieves","floor":18,"turns":5},{"damage":23,"enemies":"Shell Parasite","floor":19,"turns":8},{"damage":48,"enemies":"Slavers","floor":23,"turns":3}],"seed_played":"6907569912674335165","potions_obtained":[{"floor":6,"key":"Adrenaline Potion"},{"floor":10,"key":"PowerPotion"},{"floor":13,"key":"PowerPotion"},{"floor":14,"key":"Block Potion"},{"floor":16,"key":"Flashbang"}],"is_trial":true,"path_per_floor":["?","WH","M","M","WH","E","R","M","T","M","$","E","M","M","R","B",null,"M","M","$","?","$","E"],"character_chosen":"NECROMANCER","items_purchased":["PowerPotion","Bones_to_Steel","Dream Catcher"],"campfire_rested":0,"item_purchase_floors":[11,20,22],"current_hp_per_floor":[75,75,75,75,75,75,75,75,75,75,75,54,53,58,58,34,75,58,56,56,40,40,0,0],"gold":14,"neow_bonus":"THREE_ENEMY_KILL","is_daily":false,"chose_seed":false,"campfire_upgraded":1,"win_rate":0.0,"timestamp":1608099009,"path_taken":["?","WH","M","M","WH","E","R","M","T","M","$","E","M","M","R","BOSS","M","M","$","?","$","E"],"items_purchased_type":["Potion","Card","Relic"],"build_version":"2020-12-13","purchased_purges":1,"victory":false,"max_hp_per_floor":[75,75,75,75,75,75,75,75,75,75,75,75,75,75,75,75,75,75,75,75,75,75,75,75],"card_choices":[{"not_picked":["Bones_to_Steel","Bone_Bullets"],"picked":"Vampiric_Strike","floor":3},{"not_picked":["Death_March_Dance","Bone_Bullets"],"picked":"Bone_Armor","floor":4},{"not_picked":["Bone_Bullets","Acid_Javelin"],"picked":"Negative_Energy_Mist","floor":6},{"not_picked":["Negative_Energy_Shield","Bone_Prison"],"picked":"Summon_Undead","floor":8},{"not_picked":["Bones_to_Steel","Blood_for_Blood"],"picked":"Uncharnel","floor":10},{"not_picked":["Death_March_Dance","Chill_Blood"],"picked":"Thousand_Bone_Knives","floor":12},{"not_picked":["Blood_Curse","Negative_Energy_Sphere"],"picked":"Spectral_Walk","floor":13},{"not_picked":["Pandemic","Bones_to_Steel","Strike_from_Beyond"],"picked":"SKIP","floor":14},{"not_picked":["Reap_The_Weak","Cloudkill"],"picked":"Summon_Vampire_Lady","floor":16},{"not_picked":["Negative_Energy_Javelin+1","Bone_Spikes"],"picked":"Bone_Bullets+1","floor":18},{"not_picked":["Bone_Bullets+1","Negative_Energy_Burst","Summon_Vampire_Lady"],"picked":"SKIP","floor":19}],"player_experience":403356,"relics_obtained":[{"floor":6,"key":"Girya"},{"floor":12,"key":"Matryoshka"},{"floor":21,"key":"Enchiridion"}],"event_choices":[{"damage_healed":0,"gold_gain":0,"player_choice":"Obtained Book","damage_taken":16,"max_hp_gain":0,"max_hp_loss":0,"event_name":"Cursed Tome","floor":21,"gold_loss":0}],"is_beta":false,"boss_relics":[{"not_picked":["Tiny House","Coffee Dripper"],"picked":"Sozu"}],"items_purged_floors":[11],"is_endless":false,"potions_floor_spawned":[6,10,13,14,16,19],"killed_by":"Slavers","ascension_level":0}}