{"host":"suz71vtxgenuxsxs","time":1608116243,"event":{"mods":["2.2 Compatiblity","AchievementEnabler","BaseMod","Colored Map","Hermit","Minty Spire (QoL Compilation)","Rare Cards Sparkle","StSLib","SuperFastMode","everything is the same but u backflip on backflip"],"gold_per_floor":[114,114,124,139,158,158,172,192,192,192,209,209,209,219,219,219,219],"floor_reached":16,"playtime":909,"items_purged":[],"score":96,"play_id":"5e7ec127-5936-42f0-8522-7c4181922d6a","local_time":"20201216195723","is_ascension_mode":false,"campfire_choices":[{"data":"hermit:TakeAim","floor":6.0,"key":"SMITH"},{"data":"hermit:Combo","floor":10,"key":"SMITH"},{"data":"hermit:Covet","floor":12,"key":"SMITH"},{"floor":15,"key":"REST"}],"circlet_count":0,"master_deck":["hermit:Strike_Hermit","hermit:Strike_Hermit","hermit:Strike_Hermit","hermit:Strike_Hermit","hermit:Defend_Hermit","hermit:Defend_Hermit","hermit:Defend_Hermit","hermit:Defend_Hermit","hermit:Snapshot","hermit:Covet+1","hermit:EyeOfTheStorm","hermit:Malice","hermit:Desperado","Dark Shackles","hermit:Snipe","hermit:TakeAim+1","hermit:TrackingShot","hermit:Gambit","hermit:Combo+1","hermit:SprayPray","hermit:Misfire"],"relics":["hermit:Momento","Peace Pipe","Thread and Needle","Toy Ornithopter"],"acts_visited":["Exordium"],"potions_floor_usage":[],"damage_taken":[{"damage":8.0,"enemies":"Jaw Worm","floor":1.0,"turns":5.0},{"damage":0.0,"enemies":"Cultist","floor":3.0,"turns":3.0},{"damage":0.0,"enemies":"2 Louse","floor":4.0,"turns":2.0},{"damage":14.0,"enemies":"Large Slime","floor":5.0,"turns":7.0},{"damage":4,"enemies":"Blue Slaver","floor":7,"turns":4},{"damage":11,"enemies":"Exordium Thugs","floor":8,"turns":3},{"damage":0,"enemies":"Large Slime","floor":11,"turns":5},{"damage":2,"enemies":"2 Fungi Beasts","floor":14,"turns":3},{"damage":46,"enemies":"Hexaghost","floor":16,"turns":9}],"seed_played":"4132627311688738685","potions_obtained":[{"floor":3.0,"key":"Fire Potion"},{"floor":8,"key":"SpeedPotion"},{"floor":11,"key":"hermit:Eclipse"},{"floor":14,"key":"Energy Potion"}],"is_trial":false,"path_per_floor":["M","?","M","M","M","R","M","M","T","R","M","R","?","M","R","B"],"character_chosen":"HERMIT","items_purchased":[],"campfire_rested":1,"item_purchase_floors":[],"current_hp_per_floor":[60,60,60,60,46,46,42,31,31,31,31,31,28,26,46,0,0],"gold":219,"neow_bonus":"ONE_RARE_RELIC","is_daily":false,"chose_seed":false,"campfire_upgraded":3,"win_rate":0.0,"timestamp":1608116243,"path_taken":["M","?","M","M","?","R","M","?","T","R","M","R","?","M","R","BOSS"],"items_purchased_type":[],"build_version":"2020-12-13","purchased_purges":0,"victory":false,"max_hp_per_floor":[68,68,68,68,68,68,68,68,68,68,68,68,68,68,68,68,68],"card_choices":[{"not_picked":["hermit:Manifest","hermit:GoldenBullet"],"picked":"hermit:EyeOfTheStorm","floor":1.0},{"not_picked":["hermit:ItchyTrigger","hermit:Combo"],"picked":"hermit:Snipe","floor":3.0},{"not_picked":["hermit:Showdown","hermit:WideOpen"],"picked":"hermit:TakeAim","floor":4.0},{"not_picked":["hermit:Coalescence","hermit:TakeAim"],"picked":"hermit:TrackingShot","floor":5.0},{"not_picked":["hermit:TrackingShot","hermit:WideOpen"],"picked":"hermit:Gambit","floor":7},{"not_picked":["hermit:ItchyTrigger","hermit:Brawl"],"picked":"hermit:Combo","floor":8},{"not_picked":["hermit:Gestalt","hermit:EyeOfTheStorm"],"picked":"hermit:SprayPray","floor":11},{"not_picked":["hermit:Malice","hermit:WideOpen"],"picked":"hermit:Misfire","floor":14}],"player_experience":341084,"relics_obtained":[{"floor":9,"key":"Thread and Needle"}],"event_choices":[{"damage_healed":0.0,"max_hp_gain":0.0,"max_hp_loss":0.0,"gold_gain":0.0,"event_name":"Match and Keep!","player_choice":"3 cards matched","floor":2.0,"gold_loss":0.0,"damage_taken":0.0,"cards_obtained":["hermit:Malice","hermit:Desperado","Dark Shackles"]},{"damage_healed":0,"gold_gain":0,"player_choice":"Success","damage_taken":3,"relics_obtained":["Toy Ornithopter"],"max_hp_gain":0,"max_hp_loss":0,"event_name":"Scrap Ooze","floor":13,"gold_loss":0}],"is_beta":false,"boss_relics":[],"items_purged_floors":[],"is_endless":false,"potions_floor_spawned":[3,8,11,14],"killed_by":"Hexaghost","ascension_level":0}}