{"host":"5u4m3sklrpw6xc20","time":1608079070,"event":{"mods":["2.2 Compatiblity","BaseMod","Better Third Choice","CapriCore","Colored Map","Duelist Mod","Hubris","Infinite Spire","Minty Spire (QoL Compilation)","Permanent Neow","Replay The Spire","Robot Space Explorer","Spicy Shops","StSLib","SuperFastMode","The Cursed","The Dragon Tamer","The Gatherer","The Runesmith"],"gold_per_floor":[20,33,33,44,63,63,76,102,102,102,113,140,153,165,165,264,264,281,293,293,293],"floor_reached":20,"playtime":1215,"items_purged":[],"score":290,"play_id":"37e198f3-0d43-4149-b2dc-40f9aef30304","local_time":"20201215183750","is_ascension_mode":false,"campfire_choices":[{"data":"Runesmith:CraftFirestone","floor":6,"key":"SMITH"},{"data":"Runesmith:OneForEveryone","floor":15,"key":"SMITH"}],"circlet_count":0,"master_deck":["Runesmith:Strike_RS","Runesmith:Strike_RS","Runesmith:Strike_RS","Runesmith:Strike_RS","Runesmith:Defend_RS","Runesmith:Defend_RS","Runesmith:Defend_RS","Runesmith:Defend_RS","Runesmith:CraftFirestone+1","Runesmith:Fortify","Runesmith:GoWithTheFlow","Runesmith:RuneHurl","Runesmith:CraftIndustria","Runesmith:MetallurgicalResearch+1","Runesmith:OneForEveryone+1"],"relics":["Runesmith:BrokenRuby","Mango","hubris:Towel","Counterbalance","Singing Bowl","Happy Flower","Runic Dome","Sozu"],"acts_visited":["Exordium","TheCity"],"potions_floor_usage":[2],"damage_taken":[{"damage":1,"enemies":"Cultist","floor":1,"turns":3},{"damage":2,"enemies":"Jaw Worm","floor":2,"turns":3},{"damage":0,"enemies":"Small Slimes","floor":4,"turns":3},{"damage":14,"enemies":"Exordium Thugs","floor":5,"turns":5},{"damage":1,"enemies":"Exordium Wildlife","floor":7,"turns":4},{"damage":0,"enemies":"3 Sentries","floor":8,"turns":1},{"damage":10,"enemies":"Lots of Slimes","floor":11,"turns":3},{"damage":0,"enemies":"Replay:BlueRogue","floor":12,"turns":5},{"damage":1,"enemies":"3 Louse","floor":13,"turns":3},{"damage":0,"enemies":"2 Fungi Beasts","floor":14,"turns":4},{"damage":3,"enemies":"The Guardian","floor":16,"turns":9},{"damage":8,"enemies":"2 Thieves","floor":18,"turns":3},{"damage":0,"enemies":"3 Byrds","floor":19,"turns":1},{"damage":0,"enemies":"Shelled Parasite and Fungi","floor":20,"turns":1}],"seed_played":"6280967948766938872","potions_obtained":[{"floor":1,"key":"BlessingOfTheForge"},{"floor":7,"key":"Block Potion"},{"floor":11,"key":"Dexterity Potion"},{"floor":12,"key":"LiquidBronze"}],"is_trial":false,"path_per_floor":["M","M","?","M","M","R","M","E","T","?","M","E","M","M","R","B",null,"M","M","M"],"character_chosen":"RUNESMITH_CLASS","items_purchased":[],"campfire_rested":0,"item_purchase_floors":[],"current_hp_per_floor":[83,81,81,81,67,67,66,66,66,66,58,58,59,61,61,60,92,86,88,88,88],"gold":293,"neow_bonus":"ONE_RARE_RELIC","is_daily":false,"chose_seed":false,"campfire_upgraded":2,"win_rate":0.0,"timestamp":1608079070,"path_taken":["M","?","?","M","M","R","M","E","T","?","M","E","?","M","R","BOSS","M","M","M"],"items_purchased_type":[],"build_version":"2020-12-13","purchased_purges":0,"victory":false,"max_hp_per_floor":[84,84,84,84,84,84,84,84,84,84,86,86,88,90,90,92,92,94,96,96,96],"card_choices":[{"not_picked":["Runesmith:NanitesCloud","Runesmith:CraftMagma"],"picked":"Runesmith:GoWithTheFlow","floor":1},{"not_picked":["Runesmith:HeatedChisel","Runesmith:MakeshiftArmor"],"picked":"Runesmith:RuneHurl","floor":2},{"not_picked":["Runesmith:ChiselStab","Runesmith:BackupBattery"],"picked":"Runesmith:CraftIndustria","floor":4},{"not_picked":["Runesmith:MakeshiftArmor","Runesmith:GoWithTheFlow","Runesmith:GenerateForcefield"],"picked":"SKIP","floor":5},{"not_picked":["Runesmith:Overpower","Runesmith:HammerThrow","Runesmith:CraftObretio"],"picked":"SKIP","floor":7},{"not_picked":["Runesmith:LightningRod","Runesmith:HammerThrow"],"picked":"Runesmith:MetallurgicalResearch","floor":8},{"not_picked":["Runesmith:CraftPrismatica","Runesmith:EarthShield","Runesmith:CraftMagma"],"picked":"Singing Bowl","floor":11},{"not_picked":["Runesmith:Overpower","Runesmith:ChaoticBlast"],"picked":"Runesmith:OneForEveryone","floor":12},{"not_picked":["Runesmith:Accelerate","Runesmith:HeatedChisel","Runesmith:MakeshiftArmor"],"picked":"Singing Bowl","floor":13},{"not_picked":["Runesmith:ChiselStab","Runesmith:MakeshiftArmor","Runesmith:HeatExchange"],"picked":"Singing Bowl","floor":14},{"not_picked":["Runesmith:FissionHammer","Runesmith:LastStand","Runesmith:Duplicate"],"picked":"Singing Bowl","floor":16},{"not_picked":["Runesmith:EnergizedChisel","Runesmith:RuneHurl","Runesmith:UnstableHammer"],"picked":"Singing Bowl","floor":18},{"not_picked":["Runesmith:Augment+1","Runesmith:Prism","Runesmith:HammerThrow"],"picked":"Singing Bowl","floor":19}],"player_experience":235905,"relics_obtained":[{"floor":8,"key":"Counterbalance"},{"floor":9,"key":"Singing Bowl"},{"floor":12,"key":"Happy Flower"}],"event_choices":[{"damage_healed":0,"gold_gain":0,"player_choice":"Forge","damage_taken":0,"max_hp_gain":0,"max_hp_loss":0,"event_name":"Accursed Blacksmith","floor":10,"gold_loss":0,"cards_upgraded":["Runesmith:MetallurgicalResearch"]}],"is_beta":false,"boss_relics":[{"not_picked":["Runic Pyramid","Runesmith:CoreCrystal"],"picked":"Runic Dome"}],"items_purged_floors":[],"is_endless":false,"potions_floor_spawned":[1,7,11,12,16,19],"killed_by":"Shelled Parasite and Fungi","ascension_level":0}}