{"host":"4nqeo0vu1vuav7gg","time":1608121857,"event":{"mods":["AchievementEnabler","BaseMod","Block Reminder","Colored Map","Colored Powertips","Highlight Path","Minty Spire (QoL Compilation)","Quick Restart","Rare Cards Sparkle","Relic Relevance Reorder","StSLib"],"gold_per_floor":[113,113,34,52,17,52,52,79,105,105,132,132,157,181,181,305,305,319,10,10,10],"floor_reached":20,"playtime":872,"items_purged":["Injury"],"score":295,"play_id":"a4048460-7918-456b-a9e6-10987bfff005","local_time":"20201216133057","is_ascension_mode":true,"campfire_choices":[{"floor":7.0,"key":"DIG"},{"floor":15.0,"key":"REST"}],"circlet_count":0,"master_deck":["AscendersBane","Strike_B","Strike_B","Strike_B","Strike_B","Defend_B","Defend_B+1","Defend_B","Defend_B","Zap+1","Dualcast","Conserve Battery","Capacitor","Doom and Gloom","Barrage","Loop","Skim","Echo Form","Fission","Chaos","Consume"],"relics":["Cracked Core","InkBottle","Orichalcum","Inserter","Blood Vial","Sling","Shovel","Dream Catcher","Ancient Tea Set","War Paint","Golden Idol"],"acts_visited":["Exordium","TheCity"],"potions_floor_usage":[],"damage_taken":[{"damage":4.0,"enemies":"Jaw Worm","floor":1.0,"turns":3.0},{"damage":1.0,"enemies":"2 Louse","floor":4.0,"turns":2.0},{"damage":11.0,"enemies":"Lagavulin","floor":6.0,"turns":5.0},{"damage":28.0,"enemies":"Gremlin Nob","floor":8.0,"turns":5.0},{"damage":29.0,"enemies":"3 Sentries","floor":11.0,"turns":7.0},{"damage":2.0,"enemies":"Small Slimes","floor":13.0,"turns":3.0},{"damage":8.0,"enemies":"3 Louse","floor":14.0,"turns":2.0},{"damage":25.0,"enemies":"Slime Boss","floor":16.0,"turns":9.0},{"damage":44,"enemies":"Shell Parasite","floor":18,"turns":8},{"damage":17,"enemies":"Chosen","floor":20,"turns":4}],"seed_played":"-6579856103248306929","potions_obtained":[{"floor":4.0,"key":"Fire Potion"},{"floor":8.0,"key":"AttackPotion"},{"floor":13.0,"key":"SneckoOil"},{"floor":14.0,"key":"GamblersBrew"}],"is_trial":false,"path_per_floor":["M","?","$","M","?","E","R","E","T","T","E","?","M","M","R","B",null,"M","$","M"],"character_chosen":"DEFECT","items_purchased":["Capacitor","Consume","Sling"],"campfire_rested":1,"item_purchase_floors":[3,19,19],"current_hp_per_floor":[64,57,57,56,74,63,63,35,35,35,8,8,8,2,24,1,57,15,15,0,0],"gold":10,"neow_bonus":"ONE_RARE_RELIC","is_daily":false,"chose_seed":false,"campfire_upgraded":0,"win_rate":0.0,"timestamp":1608121857,"path_taken":["M","?","$","M","?","E","R","E","T","?","E","?","M","M","R","BOSS","M","$","M"],"items_purchased_type":["Card","Card","Relic"],"build_version":"2020-12-13","purchased_purges":1,"victory":false,"max_hp_per_floor":[75,75,75,75,75,75,75,75,75,75,75,75,75,75,75,75,75,75,75,75,75],"card_choices":[{"not_picked":["Compile Driver","Chill"],"picked":"Conserve Battery","floor":1.0},{"not_picked":["Compile Driver","Sweeping Beam"],"picked":"Doom and Gloom","floor":4.0},{"not_picked":["Reprogram","Sweeping Beam"],"picked":"Barrage","floor":6.0},{"not_picked":["Barrage","Compile Driver"],"picked":"Loop","floor":8.0},{"not_picked":["Streamline","Gash"],"picked":"Skim","floor":11.0},{"not_picked":["Heatsinks","Skim","Streamline"],"picked":"SKIP","floor":13.0},{"not_picked":["Turbo","Sweeping Beam"],"picked":"Echo Form","floor":14.0},{"not_picked":["Rainbow","All For One"],"picked":"Fission","floor":16.0},{"not_picked":["Rebound","Sweeping Beam"],"picked":"Chaos","floor":18}],"player_experience":943515,"relics_obtained":[{"floor":6.0,"key":"Orichalcum"},{"floor":7.0,"key":"War Paint"},{"floor":8.0,"key":"Dream Catcher"},{"floor":9.0,"key":"Blood Vial"},{"floor":10.0,"key":"Ancient Tea Set"},{"floor":11.0,"key":"InkBottle"}],"event_choices":[{"cards_removed":["Regret"],"damage_healed":0.0,"max_hp_gain":0.0,"max_hp_loss":0.0,"gold_gain":0.0,"event_name":"Golden Wing","player_choice":"Card Removal","floor":2.0,"gold_loss":0.0,"damage_taken":7.0},{"damage_healed":18.0,"max_hp_gain":0.0,"max_hp_loss":0.0,"gold_gain":0.0,"event_name":"The Cleric","player_choice":"Healed","floor":5.0,"gold_loss":35.0,"damage_taken":0.0},{"damage_healed":0.0,"max_hp_gain":0.0,"max_hp_loss":0.0,"gold_gain":0.0,"event_name":"Golden Idol","player_choice":"Take Wound","floor":12.0,"gold_loss":0.0,"damage_taken":0.0,"relics_obtained":["Golden Idol"],"cards_obtained":["Injury"]}],"is_beta":false,"boss_relics":[{"not_picked":["Busted Crown","Nuclear Battery"],"picked":"Inserter"}],"items_purged_floors":[19],"is_endless":false,"potions_floor_spawned":[4,8,13,14],"killed_by":"Chosen","ascension_level":11}}