{"host":"90jl2h70xtuoeg0i","time":1608107290,"event":{"mods":["AchievementEnabler","BaseMod","Colored Map","Colored Powertips","Minty Spire (QoL Compilation)","Relic Stats","ojb\u0027s Better Paths Mod","ojb\u0027s Info Mod"],"gold_per_floor":[119,137,9,84,84,84,118,134,183,183,202,202,83,102,102,102,102],"floor_reached":16,"playtime":1408,"items_purged":["Strike_G"],"score":244,"play_id":"c37ce5d4-1f26-4ef3-8e38-de4a2dca1608","local_time":"20201216032810","is_ascension_mode":true,"campfire_choices":[{"data":"Blade Dance","floor":6,"key":"SMITH"},{"data":"Blade Dance","floor":10,"key":"SMITH"},{"data":"Finisher","floor":12,"key":"SMITH"},{"data":"Leg Sweep","floor":15,"key":"SMITH"}],"circlet_count":0,"master_deck":["AscendersBane","Strike_G","Strike_G","Strike_G+1","Strike_G","Defend_G","Defend_G","Defend_G","Defend_G","Defend_G","Survivor","Neutralize","Infinite Blades","Blade Dance+1","Finisher+1","Infinite Blades","Bouncing Flask","Blade Dance+1","Finisher+1","Infinite Blades","Leg Sweep+1"],"relics":["Ring of the Snake","NeowsBlessing","Strawberry","Dream Catcher"],"acts_visited":["Exordium"],"potions_floor_usage":[],"damage_taken":[{"damage":0,"enemies":"Cultist","floor":1,"turns":1},{"damage":0,"enemies":"2 Louse","floor":2,"turns":1},{"damage":0,"enemies":"Gremlin Nob","floor":7,"turns":1},{"damage":0,"enemies":"Jaw Worm","floor":8,"turns":1},{"damage":0,"enemies":"3 Louse","floor":11,"turns":3},{"damage":4,"enemies":"2 Fungi Beasts","floor":14,"turns":3},{"damage":32,"enemies":"Hexaghost","floor":16,"turns":10}],"seed_played":"1558338206610362511","potions_obtained":[{"floor":1,"key":"Swift Potion"},{"floor":8,"key":"Strength Potion"}],"is_trial":false,"path_per_floor":["M","M","$","?","?","R","E","M","T","R","M","R","$","M","R","B"],"character_chosen":"THE_SILENT","items_purchased":["Finisher","Infinite Blades","Infinite Blades"],"campfire_rested":0,"item_purchase_floors":[3,3,13],"current_hp_per_floor":[59,59,59,48,28,28,35,35,35,35,35,35,35,31,31,0,0],"gold":102,"neow_bonus":"THREE_ENEMY_KILL","is_daily":false,"chose_seed":false,"campfire_upgraded":4,"win_rate":0.0,"timestamp":1608107290,"path_taken":["M","M","?","?","?","R","E","M","T","R","M","R","$","M","R","BOSS"],"items_purchased_type":["Card","Card","Card"],"build_version":"2020-12-13","purchased_purges":1,"victory":false,"max_hp_per_floor":[66,66,66,66,66,66,73,73,73,73,73,73,73,73,73,73,73],"relic_stats":{"Dream Catcher":0,"counters":[7,20],"obtain_stats":[{"Dream Catcher":9,"NeowsBlessing":0,"Strawberry":7,"Ring of the Snake":0},{"Dream Catcher":4,"NeowsBlessing":0,"Strawberry":3,"Ring of the Snake":0},{"Dream Catcher":4,"NeowsBlessing":0,"Strawberry":3,"Ring of the Snake":0}],"Ring of the Snake":[14]},"card_choices":[{"not_picked":["Caltrops","Deflect"],"picked":"Infinite Blades","floor":1},{"not_picked":["Dodge and Roll","Caltrops"],"picked":"Blade Dance","floor":2},{"not_picked":["Setup","Expertise"],"picked":"Bouncing Flask","floor":7},{"not_picked":["Bane","Cloak And Dagger"],"picked":"Blade Dance","floor":8},{"not_picked":["Slice","Backflip"],"picked":"Finisher","floor":11},{"not_picked":["Blur","Finisher"],"picked":"Leg Sweep","floor":14}],"player_experience":1300312,"relics_obtained":[{"floor":7,"key":"Strawberry"},{"floor":9,"key":"Dream Catcher"}],"event_choices":[{"damage_healed":0,"gold_gain":75,"player_choice":"Gather Gold","damage_taken":11,"max_hp_gain":0,"max_hp_loss":0,"event_name":"World of Goop","floor":4,"gold_loss":0},{"damage_healed":0,"gold_gain":0,"player_choice":"Entered Light","damage_taken":20,"max_hp_gain":0,"max_hp_loss":0,"event_name":"Shining Light","floor":5,"gold_loss":0,"cards_upgraded":["Strike_G","Finisher"]}],"is_beta":false,"boss_relics":[],"items_purged_floors":[13],"is_endless":false,"potions_floor_spawned":[1,8],"killed_by":"Hexaghost","ascension_level":19}}