{"host":"8aazbu429xvxw5ti","time":1608123044,"event":{"mods":["2.2 Compatiblity","BaseMod","Colored Map","DeckTracker","Highlight Path","Keyboard Shortcuts","Minty Spire (QoL Compilation)","Permanent Neow","Quick Restart","StSLib","SuperFastMode","everything is the same but u backflip on backflip"],"gold_per_floor":[111,56,8,23,34,34,57,71,96,96,111,122,50,61,61,61,61],"floor_reached":16,"playtime":591,"items_purged":[],"score":127,"play_id":"dd6cecb4-cdf2-4d84-9eb1-3f595ac30c2e","local_time":"20201216215044","is_ascension_mode":true,"campfire_choices":[{"data":"Body Slam","floor":6.0,"key":"SMITH"},{"data":"Barricade","floor":15.0,"key":"SMITH"}],"circlet_count":0,"master_deck":["Strike_R","Strike_R","Strike_R","Strike_R","Strike_R","Defend_R","Defend_R","Defend_R+1","Defend_R","Bash","Body Slam+1","Warcry+1","Cleave","Havoc","Sever Soul","Shrug It Off","Second Wind","Barricade+1","Power Through"],"relics":["Burning Blood","Omamori","Potion Belt","War Paint","Pen Nib","Question Card"],"acts_visited":["Exordium"],"potions_floor_usage":[16],"damage_taken":[{"damage":12.0,"enemies":"Jaw Worm","floor":1.0,"turns":4.0},{"damage":1.0,"enemies":"Cultist","floor":4.0,"turns":3.0},{"damage":7.0,"enemies":"2 Louse","floor":5.0,"turns":2.0},{"damage":5.0,"enemies":"Red Slaver","floor":8.0,"turns":3.0},{"damage":14.0,"enemies":"Exordium Thugs","floor":11.0,"turns":4.0},{"damage":5.0,"enemies":"Lots of Slimes","floor":12.0,"turns":3.0},{"damage":11.0,"enemies":"Gremlin Gang","floor":14.0,"turns":6.0},{"damage":50,"enemies":"Slime Boss","floor":16,"turns":8}],"seed_played":"3614243365618469913","potions_obtained":[{"floor":5.0,"key":"SkillPotion"},{"floor":8.0,"key":"SteroidPotion"},{"floor":12.0,"key":"LiquidMemories"},{"floor":14.0,"key":"Strength Potion"}],"is_trial":false,"path_per_floor":["M","?","$","M","M","R","T","M","T","T","M","M","$","M","R","B"],"character_chosen":"IRONCLAD","items_purchased":["Warcry","Barricade"],"campfire_rested":0,"item_purchase_floors":[3,13],"current_hp_per_floor":[66,66,66,71,70,70,70,71,71,71,63,64,64,59,59,9,9],"gold":61,"neow_bonus":"RANDOM_COMMON_RELIC","is_daily":false,"chose_seed":false,"campfire_upgraded":2,"win_rate":0.0,"timestamp":1608123044,"path_taken":["M","?","?","M","M","R","?","M","T","?","M","M","?","?","R","BOSS"],"items_purchased_type":["Card","Card"],"build_version":"2020-12-13","purchased_purges":0,"victory":false,"max_hp_per_floor":[80,80,80,80,80,80,80,80,80,80,80,80,80,80,80,80,80],"card_choices":[{"not_picked":["Twin Strike","Heavy Blade"],"picked":"Body Slam","floor":1.0},{"not_picked":["Clash","Anger"],"picked":"Cleave","floor":4.0},{"not_picked":["Rupture","Rampage"],"picked":"Havoc","floor":5.0},{"not_picked":["Burning Pact","Anger"],"picked":"Sever Soul","floor":8.0},{"not_picked":["Flex","Rage","Ghostly Armor"],"picked":"Shrug It Off","floor":11.0},{"not_picked":["Anger","Clash","Wild Strike"],"picked":"Second Wind","floor":12.0},{"not_picked":["Barricade","Cleave","Thunderclap"],"picked":"Power Through","floor":14.0}],"player_experience":418572,"relics_obtained":[{"floor":7.0,"key":"War Paint"},{"floor":9.0,"key":"Pen Nib"},{"floor":10.0,"key":"Question Card"}],"event_choices":[{"damage_healed":0.0,"max_hp_gain":0.0,"max_hp_loss":0.0,"gold_gain":0.0,"event_name":"WeMeetAgain","player_choice":"Paid Gold","floor":2.0,"gold_loss":55.0,"damage_taken":0.0,"relics_obtained":["Potion Belt"]}],"is_beta":false,"boss_relics":[],"items_purged_floors":[],"is_endless":false,"potions_floor_spawned":[5,8,12,14],"killed_by":"Slime Boss","ascension_level":7}}