{"host":"ufl0k2so27eic2iy","time":1608148497,"event":{"mods":["BaseMod","Minty Spire (QoL Compilation)","StSLib","The Animator"],"gold_per_floor":[130,55,55,68,85,118,118,132,158,158,158,26,26,26,26,101,101,124,163,163,163,163,163,163,163],"floor_reached":24,"playtime":1021,"items_purged":["animator:Strike"],"score":336,"play_id":"a863d83a-81a0-4db2-ad6a-84a8d0633b53","local_time":"20201216195457","is_ascension_mode":true,"campfire_choices":[{"data":"animator:Tyuule","floor":7,"key":"SMITH"},{"data":"animator:Spearman","floor":11,"key":"SMITH"},{"data":"animator:Spearman","floor":13,"key":"SMITH"},{"data":"animator:ShizuruNakatsu","floor":15,"key":"SMITH"},{"floor":23,"key":"REST"}],"circlet_count":0,"master_deck":["AscendersBane","animator:Defend_Rewrite","animator:Defend","animator:Defend","animator:Defend+1","animator:ShizuruNakatsu","animator:Spearman+1","animator:Tyuule+1","animator:ZankiKiguchi","animator:Spearman+1","animator:GuildGirl","animator:Kaijin","animator:ShizuruNakatsu+1","animator:Saitama","animator:SilverFang","animator:Kagari","animator:Zero","animator:AcuraTooru"],"relics":["animator:LivingPicture","animator:TheMissingPiece","Charon\u0027s Ashes","Nunchaku","Black Star","TungstenRod"],"acts_visited":["Exordium","TheCity"],"potions_floor_usage":[24],"damage_taken":[{"damage":2,"enemies":"Cultist","floor":1,"turns":4},{"damage":6,"enemies":"Jaw Worm","floor":4,"turns":5},{"damage":12,"enemies":"Small Slimes","floor":5,"turns":6},{"damage":12,"enemies":"Lagavulin","floor":6,"turns":15},{"damage":18,"enemies":"Gremlin Gang","floor":8,"turns":4},{"damage":15,"enemies":"Hexaghost","floor":16,"turns":8},{"damage":9,"enemies":"Shell Parasite","floor":18,"turns":5},{"damage":36,"enemies":"3 Byrds","floor":19,"turns":7},{"damage":36,"enemies":"Book of Stabbing","floor":24,"turns":9}],"seed_played":"-2946783337029836575","potions_obtained":[{"floor":5,"key":"SmokeBomb"},{"floor":6,"key":"Dexterity Potion"},{"floor":8,"key":"Ancient Potion"}],"is_trial":false,"path_per_floor":["M","$","?","M","M","E","R","M","T","?","R","$","R","?","R","B",null,"M","M","?","?","T","R","E"],"character_chosen":"THE_ANIMATOR","items_purchased":["animator:Kaijin","animator:ShizuruNakatsu"],"campfire_rested":1,"item_purchase_floors":[12,12],"current_hp_per_floor":[58,58,58,52,40,28,28,11,11,33,33,33,33,33,33,18,55,46,10,10,10,10,30,0,0],"gold":163,"neow_bonus":"TEN_PERCENT_HP_BONUS","is_daily":false,"chose_seed":true,"campfire_upgraded":4,"win_rate":0.0,"timestamp":1608148497,"path_taken":["M","$","?","M","M","E","R","?","T","?","R","?","R","?","R","BOSS","M","?","?","?","?","R","E"],"items_purchased_type":["Card","Card"],"build_version":"2020-12-13","purchased_purges":1,"victory":false,"max_hp_per_floor":[66,66,66,66,66,66,66,67,67,67,67,67,67,67,67,67,67,67,67,67,67,67,67,67,67],"card_choices":[{"not_picked":["animator:UneriGinkaku","animator:LeleiLaLalena"],"picked":"animator:Spearman","floor":1},{"not_picked":["animator:RoryMercury","animator:Millim"],"picked":"animator:Tyuule","floor":4},{"not_picked":["animator:YaoHaDucy","animator:SilverFang"],"picked":"animator:ZankiKiguchi","floor":5},{"not_picked":["animator:DwarfShaman","animator:CowGirl"],"picked":"animator:Spearman","floor":6},{"not_picked":["animator:ChihayaOhtori","animator:LizardPriest"],"picked":"animator:GuildGirl","floor":8},{"not_picked":["animator:PinaCoLada","animator:AcuraShin"],"picked":"animator:Saitama","floor":16},{"not_picked":["animator:Tyuule","animator:Layla"],"picked":"animator:SilverFang","floor":18},{"not_picked":["animator:Hakurou","animator:YoshinoHaruhiko+1"],"picked":"animator:Kagari","floor":19}],"player_experience":2307367,"relics_obtained":[{"floor":6,"key":"Charon\u0027s Ashes"},{"floor":9,"key":"Nunchaku"},{"floor":22,"key":"TungstenRod"}],"event_choices":[{"cards_removed":["animator:Strike"],"damage_healed":0,"gold_gain":0,"player_choice":"Purged","damage_taken":0,"max_hp_gain":0,"max_hp_loss":0,"event_name":"Purifier","floor":3,"gold_loss":0},{"damage_healed":22,"gold_gain":0,"player_choice":"Banana","damage_taken":0,"max_hp_gain":0,"max_hp_loss":0,"event_name":"Big Fish","floor":10,"gold_loss":0},{"cards_removed":["animator:Strike"],"damage_healed":0,"gold_gain":0,"player_choice":"Card Removal","damage_taken":0,"max_hp_gain":0,"max_hp_loss":0,"event_name":"Wheel of Change","floor":14,"gold_loss":0},{"damage_healed":0,"gold_gain":0,"player_choice":"Ignored","damage_taken":0,"max_hp_gain":0,"max_hp_loss":0,"event_name":"The Mausoleum","floor":20,"gold_loss":0},{"damage_healed":0,"gold_gain":0,"cards_transformed":["animator:Strike_Rewrite","animator:YoshinoHaruhiko"],"player_choice":"Became Test Subject","damage_taken":0,"max_hp_gain":0,"max_hp_loss":0,"event_name":"Drug Dealer","floor":21,"gold_loss":0,"cards_obtained":["animator:Zero","animator:AcuraTooru"]}],"is_beta":false,"boss_relics":[{"not_picked":["Fusion Hammer","Astrolabe"],"picked":"Black Star"}],"items_purged_floors":[2],"is_endless":false,"potions_floor_spawned":[5,6,8,16],"killed_by":"Book of Stabbing","ascension_level":15}}