{"host":"Moondoggy","time":1608084601,"event":{"mods":["2.2 Compatiblity","AchievementEnabler","Act Like it!","Aspiration","Bard","BaseMod","Beaked The Cultist","Better Altar","Better Match","Better Note","Better Sensory Stone","Better Skull","Better Third Choice","BetterRewards","Block Reminder","CapriCore","Colored Map","Colored Powertips","Downfall","Duelist Mod","Ekko","Gensokyo","GifTheSpireLib","Glutton Mod","GungeonMod","Halation","Hallownest","Hermit","Hero for Fun","Highlight Path","Hubris","Jorbs\u0027s Wanderer Trilogy","KinomotoSakuraMod(ñÿîVñ{?)","Koishi","LagranYue(ùfäiòNÅEåé)","Lobotomy","LobotomyExtend","Luminous","Mad Scientist","Magitek Elite","MarisaÅiñ∂âJÅ@ñÇóùçπÅj","Mimic Mod","Minty Spire (QoL Compilation)","Railgun Mod","Rare Cards Sparkle","ReimuÅiîé??öÎÅj","RemiliaÅiÂQïƒ‰ª?Åj","Replay The Spire","Robot Space Explorer","Shade Mod","Spicy Shops","StSLib","Td1madao Mod","The Administrix","The Alterego","The Animator","The Blackbeard","The Bug Knight","The Construct","The Cursed","The Disciple","The Dragon Tamer","The Factory","The Forsaken","The Gatherer","The Hierophant","The Immortal","The Kombatant","The Mystic","The Necromancer","The Poker Player","The Runesmith","The Senshi","The Servant 0.9.4","The Wild Card","The Witch","TheSwordswoman","WarShipGirlsR/??è≠èóR mod","Yuri Mod"],"gold_per_floor":[115,125,150,75,88,88,98,112,112,128,139,156,184,201,201,326,326,364,364,364,244,264,295,295,0,53,53,53,84,104,104,104,224,224,243,243,273,287,397,397,28,47,47,79,79,91,91,106,106,208],"floor_reached":51,"playtime":11297,"items_purged":["Defend_RM"],"score":806,"play_id":"8b448163-9e70-4a42-b47f-1689d2695025","local_time":"20201215211001","is_ascension_mode":false,"campfire_choices":[{"floor":15.0,"key":"RECALL"},{"data":"KillingBlow","floor":24.0,"key":"SMITH"},{"data":"ForecastOfChange","floor":28.0,"key":"SMITH"},{"floor":32.0,"key":"REST"},{"floor":40.0,"key":"REST"},{"floor":45.0,"key":"REST"},{"data":"DemonKingCradle","floor":47,"key":"SMITH"},{"data":"ScarletImprint","floor":49,"key":"SMITH"}],"circlet_count":0,"master_deck":["Strike_RM","Strike_RM","Defend_RM","Defend_RM","Defend_RM","RedMoon","ScarletShoot","SuperhumanBloodyKnife","MastersStateliness+1","BloodHunter+1","ScarletShoot","Stigmanizer+1","CharismaGuard","BloodAndWine+1","QueenOfMidnight+1","UnstableMagic","BlasphemousPunishment","VampireFantasy","CharismaGuard+1","VampireKiss","VampireClaw","DiffusionOfMisfortune","FavorOfDestiny","ForecastOfChange+1","VampireSweep","KillingBlow+1","RedRainbow+1","StarOfDavid","Stigmanizer","ScarletMeister+1","ScarletImprint+1","ForecastOfChange+1","DemonKingCradle+1","ScarletDevil+1","NightDance","VampirishNight+1","FitfulNightmare+1","ReincarnationDial","UnderTheZenith","FitfulNightmare","BlasphemousPunishment+1","EquivalentExchange"],"relics":["ScarletHat","LagranYue:RandomDrawCardRelic","DemoMod:GnawedKey","halation:Trompette","DollysMirror","LetterFromLob","Lizard Tail","Heaven_r","theForsaken:ScaryMask","Ginger","hubris:Backtick","Counterbalance","Gensokyo:LionMask","Bottled Tornado","Garlic","Gensokyo:MosesMiracle","beaked:SacredDeck","hubris:Towel","Regal Pillow","Guide Book","halation:BottledLove","aspiration:SeaSaltIceCream","ShedSkin_r"],"acts_visited":["Exordium","Gensokyo:Gensokyo","Gensokyo:Gensokyoer"],"potions_floor_usage":[51,51,51],"damage_taken":[{"damage":0.0,"enemies":"Gensokyo:3_Fairies","floor":1.0,"turns":3.0},{"damage":0.0,"enemies":"Gensokyo:Python","floor":2.0,"turns":2.0},{"damage":12.0,"enemies":"Gensokyo:Mamizou","floor":3.0,"turns":10.0},{"damage":0.0,"enemies":"Gensokyo:Gryphon","floor":5.0,"turns":5.0},{"damage":22.0,"enemies":"Gensokyo:Mamizou","floor":6.0,"turns":3.0},{"damage":0.0,"enemies":"Gensokyo:3_Kodama","floor":7.0,"turns":2.0},{"damage":18.0,"enemies":"Gensokyo:CorruptedTreant","floor":8.0,"turns":2.0},{"damage":10.0,"enemies":"Gensokyo:5_Fairies","floor":10.0,"turns":7.0},{"damage":10.0,"enemies":"Gensokyo:3_Kodama","floor":11.0,"turns":4.0},{"damage":10.0,"enemies":"Gensokyo:Kitsune","floor":12.0,"turns":3.0},{"damage":10.0,"enemies":"Gensokyo:Mamizou","floor":13.0,"turns":5.0},{"damage":10.0,"enemies":"Gensokyo:VengefulSpirit","floor":14.0,"turns":2.0},{"damage":10.0,"enemies":"Gensokyo:Reimu","floor":16.0,"turns":17.0},{"damage":16.0,"enemies":"Gensokyo:3_Dogs","floor":18.0,"turns":6.0},{"damage":0.0,"enemies":"Gensokyo:AngelMirror","floor":22.0,"turns":2.0},{"damage":15.0,"enemies":"Gensokyo:Tenshi","floor":23.0,"turns":3.0},{"damage":4.0,"enemies":"Gensokyo:Wraith","floor":26.0,"turns":5.0},{"damage":66.0,"enemies":"Gensokyo:Koishi","floor":29.0,"turns":9.0},{"damage":10.0,"enemies":"Gensokyo:Wraith","floor":30.0,"turns":4.0},{"damage":97.0,"enemies":"Gensokyo:Eiki","floor":33.0,"turns":8.0},{"damage":0.0,"enemies":"Hallownest:3_Siblings","floor":35.0,"turns":5.0},{"damage":17.0,"enemies":"Hallownest:Shield_Heavy","floor":37.0,"turns":7.0},{"damage":24.0,"enemies":"Hallownest:2_Soldiers_and_1_Guardian","floor":38.0,"turns":7.0},{"damage":30.0,"enemies":"Hallownest:Xero_Hu_Marmu","floor":42.0,"turns":7.0},{"damage":43.0,"enemies":"Hallownest:eliteHiveKnight","floor":44.0,"turns":7.0},{"damage":14.0,"enemies":"Hallownest:Shield_Sturdy","floor":46.0,"turns":4.0},{"damage":10,"enemies":"Hallownest:2_Wing_and_1_Kings","floor":48,"turns":5},{"damage":40,"enemies":"Hallownest:BossGreyPrinceZote","floor":50,"turns":6},{"damage":66,"enemies":"Malkuth","floor":51,"turns":13},{"damage":80,"enemies":"Yesod","floor":51,"turns":13}],"seed_played":"-1615600218840170625","potions_obtained":[{"floor":7.0,"key":"Weak Potion"},{"floor":8.0,"key":"Fire Potion"},{"floor":11.0,"key":"Dexterity Potion"},{"floor":16.0,"key":"sneckomod:MuddlingPotion"},{"floor":22.0,"key":"BlessingOfTheForge"},{"floor":23.0,"key":"Fire Potion"},{"floor":29.0,"key":"ColorlessPotion"},{"floor":30.0,"key":"Milkshake"},{"floor":33.0,"key":"LifebloodPotion"},{"floor":33.0,"key":"PowerPotion"},{"floor":37.0,"key":"DemoMod:LeadSkinPotion"},{"floor":42.0,"key":"Toxic Potion"}],"is_trial":false,"path_per_floor":["M","M","?","?","M","E","M","M","T","M","M","M","E","M","R","B",null,"M","?","?","?","M","E","R","?","MIM","$","R","E","M","?","R","B",null,"M","?","M","M","?","R","$","M","T","E","R","M","R","M","R","B",null],"character_chosen":"REMILIA","items_purchased":["DemoMod:GnawedKey","SuperhumanBloodyKnife","MastersStateliness","BloodHunter","DollysMirror","UnderTheZenith","FitfulNightmare","Guide Book"],"campfire_rested":3,"item_purchase_floors":[0,0,0,0,0,41,41,41],"current_hp_per_floor":[51,53,46,46,46,75,75,57,57,57,62,65,71,64,64,75,75,75,75,75,75,75,78,78,78,75,75,75,35,35,35,58,61,78,78,78,75,71,52,78,78,70,70,51,78,78,78,78,78,77],"gold":208,"neow_bonus":"","is_daily":false,"chose_seed":false,"campfire_upgraded":4,"win_rate":0.0,"timestamp":1608084601,"path_taken":["M","M","?","?","M","E","M","M","T","M","?","M","E","M","R","BOSS","M","?","?","?","M","E","R","?","MIM","$","R","E","M","?","R","BOSS","M","?","M","M","?","R","$","M","T","E","R","M","R","?","R","BOSS"],"items_purchased_type":["Relic","Card","Card","Card","Relic","Card","Card","Relic"],"build_version":"2020-12-07","purchased_purges":1,"victory":true,"max_hp_per_floor":[75,75,75,75,75,75,75,75,75,75,75,75,75,75,75,75,75,75,75,75,75,75,78,78,78,78,78,78,78,78,78,78,78,78,78,78,78,78,78,78,78,78,78,78,78,78,78,78,78,78],"card_choices":[{"not_picked":["ReincarnationDial","ForbiddenFruit"],"picked":"Stigmanizer","floor":1.0},{"not_picked":["VampireClaw","BombardNight"],"picked":"CharismaGuard","floor":2.0},{"not_picked":["NightDance","FavorOfDestiny"],"picked":"BloodAndWine","floor":3.0},{"not_picked":["HeartBreak+1","TransientEternity+1"],"picked":"QueenOfMidnight+1","floor":4.0},{"not_picked":["BloodyCatastrophe","FavorOfDestiny"],"picked":"UnstableMagic","floor":5.0},{"not_picked":["MastersStateliness","BloodHunter"],"picked":"BlasphemousPunishment","floor":7.0},{"not_picked":["ScarletDevil","Maim"],"picked":"VampireFantasy","floor":8.0},{"not_picked":["VampireFantasy","ScarletNetherworld"],"picked":"CharismaGuard","floor":10.0},{"not_picked":["CharismaGuard","RedRainbow"],"picked":"VampireKiss","floor":11.0},{"not_picked":["BloodHunter","RedRainbow"],"picked":"VampireClaw","floor":12.0},{"not_picked":["FavorOfDestiny","VampireKiss"],"picked":"DiffusionOfMisfortune","floor":13.0},{"not_picked":["MillenniumVampire","EndlessAdversity"],"picked":"FavorOfDestiny","floor":14.0},{"not_picked":["HellCatastrophe","BloodyCatastrophe"],"picked":"ForecastOfChange","floor":16.0},{"not_picked":["BloodHunter","EternalNight"],"picked":"VampireSweep","floor":18.0},{"not_picked":["DevilSight","TricksterDevil"],"picked":"RedRainbow+1","floor":22.0},{"not_picked":["ScarletNetherworld+1","UnstableMagic"],"picked":"StarOfDavid","floor":23.0},{"not_picked":["ScarletDevil+1","UnderTheZenith+1"],"picked":"Stigmanizer","floor":26.0},{"not_picked":["VampireKiss","MastersStateliness"],"picked":"ScarletMeister","floor":29.0},{"not_picked":["CharismaGuard+1","ScarletNetherworld"],"picked":"ScarletImprint","floor":30.0},{"not_picked":["ChaoticDestiny","EquivalentExchange"],"picked":"ForecastOfChange","floor":33.0},{"not_picked":["NightLord+1","DiffusionOfMisfortune+1"],"picked":"ScarletDevil+1","floor":35.0},{"not_picked":["Maim+1","BloodHunter"],"picked":"NightDance","floor":37.0},{"not_picked":["StarOfDavid","ScarletDevil"],"picked":"VampirishNight+1","floor":38.0},{"not_picked":["StarOfDavid","VampireSweep"],"picked":"FitfulNightmare+1","floor":39.0},{"not_picked":["UnderTheZenith","CharismaGuard"],"picked":"ReincarnationDial","floor":39.0},{"not_picked":["ScarletGensokyo","FavorOfDestiny","NightDance+1"],"picked":"SKIP","floor":42.0},{"not_picked":["Stigmanizer","MastersStateliness"],"picked":"BlasphemousPunishment+1","floor":44.0},{"not_picked":["ForbiddenFruit","BlasphemousPunishment","BadLadyScramble"],"picked":"SKIP","floor":46.0},{"not_picked":["StarOfDavid+1","CharismaGuard","EndlessAdversity"],"picked":"SKIP","floor":48},{"not_picked":["QueenOfMidnight","KillingBlow"],"picked":"EquivalentExchange","floor":50}],"player_experience":240938,"relics_obtained":[{"floor":1.0,"key":"LetterFromLob"},{"floor":3.0,"key":"Lizard Tail"},{"floor":9.0,"key":"theForsaken:ScaryMask"},{"floor":13.0,"key":"Ginger"},{"floor":23.0,"key":"Bottled Tornado"},{"floor":29.0,"key":"Garlic"},{"floor":37.0,"key":"Gensokyo:MosesMiracle"},{"floor":39.0,"key":"Regal Pillow"},{"floor":43.0,"key":"halation:BottledLove"},{"floor":44.0,"key":"aspiration:SeaSaltIceCream"}],"event_choices":[{"damage_healed":0.0,"max_hp_gain":0.0,"max_hp_loss":0.0,"gold_gain":0.0,"event_name":"betterMatch:BetterMatch","player_choice":"2","floor":4.0,"gold_loss":0.0,"damage_taken":0.0,"cards_obtained":["betterMatch:RareCard"]}],"is_beta":true,"boss_relics":[{"not_picked":["halation:Risk","halation:CatFaceCupcake"],"picked":"hubris:Backtick"},{"not_picked":["hubris:GrandSneckoEye","Runesmith:UraniumAnvil"],"picked":"beaked:SacredDeck"}],"items_purged_floors":[41],"is_endless":false,"potions_floor_spawned":[6,7,8,11,12,16,23,29,30,33,37,38,42,44],"ascension_level":0}}