{"host":"edk8ruzv78x6jv19","time":1608156953,"event":{"mods":["BaseMod","Better Third Choice","Infinite Spire","Lobotomy","Minty Spire (QoL Compilation)","Replay The Spire","StSLib","The Animator","Treasure Hunter"],"gold_per_floor":[163,163,163,88,163,163,197,197,197,225,125,125,0,33,33,129,129,143,143,195,120,155,155,155,155,180,180,180,180,180,205,205,310,310,335,335,94,138,48,84,117,134,159,159,159,192,192,192,192,196],"floor_reached":51,"playtime":1349,"items_purged":["Quick Slash","Prepared","Deadly Poison","TH:PixieDust","TH:CopperCoins+1"],"score":927,"play_id":"3b18801a-8368-4f79-b5df-9db2251ab245","local_time":"20201216161553","daily_mods":["SealedDeck","Heirloom","Time Dilation","Flight","DeadlyEvents","Elite Swarm","Lethality","Night Terrors"],"is_ascension_mode":true,"campfire_choices":[{"data":"Poisoned Stab","floor":6,"key":"SMITH"},{"data":"Toxin Wave","floor":8,"key":"SMITH"},{"data":"Deadly Poison","floor":12,"key":"SMITH"},{"data":"Poisoned Stab","floor":15,"key":"SMITH"},{"data":"Venomology","floor":23,"key":"SMITH"},{"data":"Adrenaline","floor":24,"key":"SMITH"},{"data":"infinitespire:FutureSight","floor":28,"key":"SMITH"},{"data":"TH:CopperCoins","floor":29,"key":"SMITH"},{"data":"TH:CopperCoins","floor":30,"key":"SMITH"},{"data":"Poisoned Stab","floor":32,"key":"SMITH"},{"floor":44,"key":"REST"},{"floor":45,"key":"REST"},{"floor":47,"key":"REST"},{"data":"infinitespire:FutureSight","floor":49,"key":"SMITH"}],"circlet_count":0,"master_deck":["Poisoned Stab+1","Toxin Wave+1","Adrenaline+1","Venomology+1","infinitespire:FutureSight+1","Corpse Explosion+1","Adrenaline+1","Poison Darts+1","ReplayTheSpireMod:Necrosis+1","infinitespire:FutureSight+1"],"relics":["Ring of the Snake","Ring of Chaos","TungstenRod","Snake Skull","Vajra","Bird Faced Urn","Replay:Accelerometer","Potion Belt","Replay:Baseball","SlaversCollar","infinitespire:CursedDice","Pet Ghost","Philosopher\u0027s Stone","Blue Doll","Golden Egg","Replay:Drink Me","Singing Bowl","Dream Catcher","Darkstone Periapt","Pet Ghost","infinitespire:Midas Blood","Toolbox","Empty Cage"],"acts_visited":["Exordium","TheCity","TheBeyond"],"potions_floor_usage":[16,16,16,33,33,33,33,40,40,40,40,40,41,50,50],"damage_taken":[{"damage":0,"enemies":"Cultist","floor":1,"turns":2},{"damage":20,"enemies":"Lagavulin","floor":7,"turns":3},{"damage":0,"enemies":"Gremlin Nob","floor":10,"turns":2},{"damage":0,"enemies":"Lagavulin","floor":14,"turns":2},{"damage":23,"enemies":"The Guardian","floor":16,"turns":3},{"damage":0,"enemies":"Chosen","floor":18,"turns":1},{"damage":29,"enemies":"Slavers","floor":22,"turns":2},{"damage":0,"enemies":"3 Byrds","floor":31,"turns":1},{"damage":60,"enemies":"Champ","floor":33,"turns":4},{"damage":12,"enemies":"3 Shapes","floor":35,"turns":2},{"damage":24,"enemies":"Reptomancer","floor":38,"turns":3},{"damage":14,"enemies":"Giant Head","floor":40,"turns":4},{"damage":0,"enemies":"Reptomancer","floor":41,"turns":2},{"damage":0,"enemies":"3 Darklings","floor":42,"turns":1},{"damage":8,"enemies":"R_Hoarder","floor":46,"turns":3},{"damage":26,"enemies":"Donu and Deca","floor":50,"turns":2}],"seed_played":"3015122000221901195","potions_obtained":[{"floor":7,"key":"FearPotion"},{"floor":10,"key":"Poison Potion"},{"floor":14,"key":"Strength Potion"},{"floor":20,"key":"Reflective Coating"},{"floor":20,"key":"FairyPotion"},{"floor":20,"key":"SpeedPotion"},{"floor":33,"key":"Reflective Coating"},{"floor":38,"key":"CunningPotion"},{"floor":46,"key":"Dexterity Potion"}],"is_trial":true,"path_per_floor":["M","?","?","$","?","R","E","R","T","E","$","R","$","E","R","B",null,"M","?","?","?","E","R","R","AVR","T","T","R","R","R","M","R","B",null,"M","?","$","E","?","E","E","M","T","R","R","E","R","AVR","R","B",null],"character_chosen":"THE_SILENT","items_purchased":["Singing Bowl"],"campfire_rested":3,"item_purchase_floors":[37],"current_hp_per_floor":[70,70,56,56,46,46,26,26,26,26,26,26,26,26,26,3,70,70,70,54,54,25,25,25,25,25,25,25,25,25,25,25,25,53,41,63,63,41,41,29,31,33,35,70,67,63,66,66,66,40],"gold":196,"neow_bonus":"","is_daily":false,"chose_seed":false,"campfire_upgraded":11,"win_rate":0.0,"timestamp":1608156953,"path_taken":["M","?","?","$","?","R","E","R","T","E","$","R","$","E","R","BOSS","M","?","?","?","?","R","R","AVR","T","?","R","R","R","?","R","BOSS","M","?","$","?","?","E","?","?","T","R","R","E","R","AVR","R","BOSS"],"items_purchased_type":["Relic"],"build_version":"2020-12-13","purchased_purges":5,"victory":true,"max_hp_per_floor":[70,70,70,70,70,70,70,70,70,70,70,70,70,70,70,70,70,70,70,70,70,70,70,70,70,70,70,70,70,70,70,70,70,53,53,63,63,65,65,67,69,71,73,70,67,69,66,66,66,66],"card_choices":[{"not_picked":["Flying Knee","Prepared","ReplayTheSpireMod:The Works"],"picked":"SKIP","floor":1},{"not_picked":["TH:EnergyPotion","TH:CursedSword"],"picked":"SKIP","floor":7},{"not_picked":["After Image","Malaise","Die Die Die"],"picked":"SKIP","floor":7},{"not_picked":["TH:ElvenBoots","TH:CursedSword"],"picked":"SKIP","floor":9},{"not_picked":["TH:ElvenBoots","TH:ArmorSpikes"],"picked":"SKIP","floor":10},{"not_picked":["Bullet Time","Glass Knife","Atom Bomb"],"picked":"SKIP","floor":10},{"not_picked":["TH:ArmorSpikes","TH:CopperCoins"],"picked":"SKIP","floor":14},{"not_picked":["Night Terror","ReplayTheSpireMod:Necrosis","Malaise"],"picked":"SKIP","floor":14},{"not_picked":["After Image","Atom Bomb"],"picked":"Adrenaline","floor":16},{"not_picked":["Dash+1","Poisoned Stab"],"picked":"Slice+1","floor":18},{"not_picked":["TH:Mimic"],"picked":"TH:PixieDust","floor":22},{"not_picked":["Unload","Corpse Explosion"],"picked":"Venomology","floor":22},{"not_picked":["TH:EnergyPotion"],"picked":"TH:CopperCoins","floor":26},{"not_picked":["TH:DeckOfManyThings"],"picked":"TH:CopperCoins","floor":27},{"not_picked":["Hidden Blade","Sucker Punch+1","PiercingWail"],"picked":"SKIP","floor":31},{"not_picked":["TH:DeckOfManyThings"],"picked":"TH:CopperCoins","floor":33},{"not_picked":["ReplayTheSpireMod:Tripwire+1","Bane","Acrobatics+1"],"picked":"SKIP","floor":35},{"not_picked":["TH:CursedSword","TH:ElvenBoots"],"picked":"Singing Bowl","floor":38},{"not_picked":["ReplayTheSpireMod:Necrosis","Die Die Die"],"picked":"Corpse Explosion","floor":38},{"not_picked":["TH:Mimic","TH:PixieDust"],"picked":"Singing Bowl","floor":40},{"not_picked":["ReplayTheSpireMod:Necrosis","Bullet Time"],"picked":"Adrenaline","floor":40},{"not_picked":["TH:CopperCoins","TH:TreasureMap"],"picked":"Singing Bowl","floor":41},{"not_picked":["Burst","Atom Bomb"],"picked":"Poison Darts","floor":41},{"not_picked":["Outmaneuver","ReplayTheSpireMod:Scrap Shanks","Masterful Stab"],"picked":"Singing Bowl","floor":42},{"not_picked":["TH:ElvenBoots","TH:CursedSword"],"picked":"Singing Bowl","floor":43},{"not_picked":["ReplayTheSpireMod:Shiv Toss","Dagger Spray+1","Bouncing Flask"],"picked":"Singing Bowl","floor":44},{"not_picked":["Dodge and Roll","Outmaneuver+1","Skewer"],"picked":"Singing Bowl","floor":45},{"not_picked":["TH:EnergyPotion","TH:TreasureMap"],"picked":"Singing Bowl","floor":46},{"not_picked":["Night Terror","Replay:Bag of Tricks"],"picked":"ReplayTheSpireMod:Necrosis","floor":46},{"not_picked":["Blade Dance+1","Sucker Punch+1","Hidden Blade+1"],"picked":"Singing Bowl","floor":47}],"player_experience":21249,"relics_obtained":[{"floor":2,"key":"Snake Skull"},{"floor":7,"key":"Bird Faced Urn"},{"floor":9,"key":"Replay:Accelerometer"},{"floor":10,"key":"Potion Belt"},{"floor":14,"key":"Replay:Baseball"},{"floor":22,"key":"infinitespire:CursedDice"},{"floor":26,"key":"Blue Doll"},{"floor":27,"key":"Golden Egg"},{"floor":38,"key":"Dream Catcher"},{"floor":41,"key":"Darkstone Periapt"},{"floor":43,"key":"Pet Ghost"},{"floor":46,"key":"infinitespire:Midas Blood"}],"event_choices":[{"damage_healed":0,"gold_gain":0,"player_choice":"Relic ","damage_taken":18,"max_hp_gain":0,"max_hp_loss":0,"event_name":"betterThird:BetterScrap","floor":3,"gold_loss":0,"cards_obtained":["Reckless Charge"]},{"damage_healed":0,"gold_gain":75,"player_choice":"Gold","damage_taken":11,"max_hp_gain":0,"max_hp_loss":0,"event_name":"betterThird:BetterGoop","floor":5,"gold_loss":0},{"damage_healed":0,"gold_gain":0,"player_choice":"Ignored","damage_taken":0,"max_hp_gain":0,"max_hp_loss":0,"event_name":"Vampires","floor":19,"gold_loss":0},{"cards_removed":["Deadly Poison"],"damage_healed":0,"gold_gain":0,"player_choice":"Gave Gold","damage_taken":0,"max_hp_gain":0,"max_hp_loss":0,"event_name":"Beggar","floor":21,"gold_loss":75},{"cards_removed":["TH:CopperCoins"],"damage_healed":12,"gold_gain":0,"player_choice":"Offered Rare","damage_taken":0,"max_hp_gain":10,"max_hp_loss":0,"event_name":"Bonfire Elementals","floor":36,"gold_loss":0},{"cards_removed":["TH:CopperCoins"],"damage_healed":0,"gold_gain":0,"player_choice":"Removal","damage_taken":0,"max_hp_gain":0,"max_hp_loss":0,"event_name":"Designer","floor":39,"gold_loss":90}],"is_beta":false,"boss_relics":[{"not_picked":["Snecko Heart","Honey Jar"],"picked":"SlaversCollar"},{"not_picked":["HoveringKite","Velvet Choker"],"picked":"Replay:Drink Me"}],"items_purged_floors":[4,11,13,25,48],"is_endless":false,"potions_floor_spawned":[7,10,14,33,38,46],"ascension_level":1}}