{"host":"16je3t89sok2dgub","time":1608145744,"event":{"mods":["BaseMod","Better Altar","Better Match","Better Sensory Stone","Better Skull","Better Third Choice","Colored Map","Downfall","Hermit","Jorbs\u0027s Wanderer Trilogy","Minty Spire (QoL Compilation)","Permanent Neow","Relic Stats","StSLib","The Mystic","The Poker Player","The Runesmith","The Showman","The Spell Scribe","TheBandit","Trackpad"],"gold_per_floor":[167,342,417,207,223,254,106,106,130,54,54,68,86,101,101,101,101],"floor_reached":16,"playtime":656,"items_purged":["Doubt","Defend_P"],"score":110,"play_id":"a19fe034-6732-4b80-b044-006fc8165ca7","local_time":"20201216130904","is_ascension_mode":true,"campfire_choices":[{"data":"CrushJoints","floor":11,"key":"SMITH"},{"data":"BattleHymn","floor":15,"key":"SMITH"}],"circlet_count":0,"master_deck":["Strike_P","Strike_P+1","Strike_P+1","Strike_P","Defend_P+1","Defend_P","Defend_P","Eruption","Vigilance","EmptyFist","Swivel","expansioncontent:ChargeUp","Evaluate","Halt","CrushJoints+1","CutThroughFate","FlurryOfBlows","Tantrum","BattleHymn+1"],"relics":["Tiny House","HornCleat","trackpad:SappingStone"],"acts_visited":["Exordium"],"potions_floor_usage":[0,16,16,16],"damage_taken":[{"damage":0,"enemies":"Cultist","floor":1,"turns":2},{"damage":0,"enemies":"Small Slimes","floor":5,"turns":2},{"damage":18,"enemies":"3 Sentries","floor":6,"turns":7},{"damage":1,"enemies":"Jaw Worm","floor":12,"turns":3},{"damage":2,"enemies":"Blue Slaver","floor":13,"turns":3},{"damage":0,"enemies":"Exordium Wildlife","floor":14,"turns":2},{"damage":30,"enemies":"The Guardian","floor":16,"turns":7}],"seed_played":"3909586961060862694","potions_obtained":[{"floor":0,"key":"EntropicBrew"}],"is_trial":false,"path_per_floor":["M","?","?","$","M","E","$","?","T","$","R","M","M","M","R","B"],"character_chosen":"WATCHER","items_purchased":["expansioncontent:ChargeUp","Evaluate","CrushJoints","CutThroughFate","FlurryOfBlows"],"campfire_rested":0,"item_purchase_floors":[4,4,7,10,10],"current_hp_per_floor":[77,77,66,66,66,48,48,33,33,33,33,32,30,30,30,0,0],"gold":101,"neow_bonus":"BOSS_RELIC","is_daily":false,"chose_seed":false,"campfire_upgraded":2,"win_rate":0.0,"timestamp":1608145744,"path_taken":["M","?","?","$","M","E","$","?","T","?","R","M","?","M","R","BOSS"],"items_purchased_type":["Card","Card","Card","Card","Card"],"build_version":"2020-12-13","purchased_purges":2,"victory":false,"max_hp_per_floor":[77,77,77,77,77,77,77,77,77,77,77,77,77,77,77,77,77],"relic_stats":{"counters":[7,26],"obtain_stats":[{"Tiny House":0,"HornCleat":6,"trackpad:SappingStone":9,"PureWater":0},{"Tiny House":0,"HornCleat":3,"trackpad:SappingStone":3,"PureWater":0},{"Tiny House":0,"HornCleat":11,"trackpad:SappingStone":11,"PureWater":0}]},"card_choices":[{"not_picked":["Halt","Perseverance"],"picked":"EmptyFist","floor":0},{"not_picked":["FearNoEvil","PathToVictory"],"picked":"Swivel","floor":1},{"not_picked":["DeceiveReality","ForeignInfluence"],"picked":"Halt","floor":5},{"not_picked":["Evaluate","Meditate","EmptyBody"],"picked":"SKIP","floor":6},{"not_picked":["WaveOfTheHand","Judgement","EmptyBody"],"picked":"SKIP","floor":12},{"not_picked":["Protect","Prostrate"],"picked":"Tantrum","floor":13},{"not_picked":["FollowUp","SandsOfTime"],"picked":"BattleHymn","floor":14}],"player_experience":375472,"relics_obtained":[{"floor":6,"key":"HornCleat"},{"floor":9,"key":"trackpad:SappingStone"}],"event_choices":[{"damage_healed":0,"gold_gain":175,"player_choice":"AGREE","damage_taken":167,"max_hp_gain":0,"max_hp_loss":0,"event_name":"betterThird:BetterSerpent","floor":2,"gold_loss":0},{"damage_healed":0,"gold_gain":75,"player_choice":"Gold","damage_taken":11,"max_hp_gain":0,"max_hp_loss":0,"event_name":"betterThird:BetterGoop","floor":3,"gold_loss":0},{"damage_healed":48,"gold_gain":0,"player_choice":"Upgrade","damage_taken":15,"max_hp_gain":0,"max_hp_loss":77,"event_name":"betterThird:BetterShining","floor":8,"gold_loss":0,"cards_upgraded":["Strike_P","Strike_P"]}],"is_beta":false,"boss_relics":[],"items_purged_floors":[4,7],"is_endless":false,"potions_floor_spawned":[6,13,14],"killed_by":"The Guardian","ascension_level":2}}