{"host":"0u21swshytqr30ym","time":1608142330,"event":{"mods":["2.2 Compatiblity","Act Like it!","BaseMod","Better Third Choice","ChefMod","Colored Map","Downfall","Hallownest","Hermit","Hubris","Minty Spire (QoL Compilation)","StSLib","The Bug Knight"],"gold_per_floor":[99,134,434,499,499,515,515,515,535,562,562,574,586,227,242,346,346,346,52,66,92,104,104,104,104,119,119,138,155,155,155,171,266,266,266,316,316,332,332,332],"floor_reached":39,"playtime":3710,"items_purged":["Slimebound:Icky","Slimebound:Icky"],"score":509,"play_id":"2d813429-f928-4fba-b806-04413df5b6b3","local_time":"20201216161210","is_ascension_mode":false,"campfire_choices":[{"data":"champ:Taunt","floor":1,"key":"SMITH"},{"data":"champ:TornadoPunch","floor":18,"key":"SMITH"},{"data":"champ:TornadoPunch","floor":23,"key":"SMITH"},{"data":"champ:TornadoPunch","floor":25,"key":"SMITH"},{"data":"champ:TornadoPunch","floor":27,"key":"SMITH"},{"data":"champ:FanOfKnives","floor":35,"key":"SMITH"}],"circlet_count":0,"master_deck":["champ:Strike","champ:Strike","champ:Strike","champ:Strike","champ:Defend","champ:Defend","champ:Defend","champ:Defend","champ:Execute","champ:Taunt+1","champ:ViciousMockery+1","champ:TornadoPunch+1","champ:FanOfKnives+1","champ:Lariat","champ:Backstep","champ:FanOfKnives+1","champ:TornadoPunch+1","champ:DefensiveShout+1","champ:RisingSlash","champ:CheapShot","champ:CrookedStrike+1","champ:BringItOn","champ:TornadoPunch+1","champ:ArenaPreparation","champ:TornadoPunch+1","J.A.X.","champ:TornadoPunch+1"],"relics":["champ:ChampionCrown","downfall:HeartsMalice","Lantern","hubris:Metronome","hubris:MysteriousPyramids","champ:LiftRelic","MealTicket","PreservedInsect","champ:ChampionCrownUpgraded","HandDrill","War Paint","Oddly Smooth Stone","hubris:TerracottaHorce","FossilizedHelix"],"acts_visited":["Exordium","TheCity","TheBeyond"],"potions_floor_usage":[10,15,33],"damage_taken":[{"damage":0,"enemies":"Lagavulin","floor":2,"turns":1},{"damage":0,"enemies":"Lagavulin Event","floor":4,"turns":1},{"damage":0,"enemies":"Jaw Worm","floor":5,"turns":1},{"damage":3,"enemies":"Small Slimes","floor":6,"turns":4},{"damage":3,"enemies":"2 Louse","floor":9,"turns":2},{"damage":0,"enemies":"3 Sentries","floor":10,"turns":3},{"damage":12,"enemies":"2 Fungi Beasts","floor":12,"turns":2},{"damage":5,"enemies":"Gremlin Gang","floor":13,"turns":3},{"damage":5,"enemies":"downfall:FleeingMerchant","floor":14,"turns":4},{"damage":0,"enemies":"Lots of Slimes","floor":15,"turns":3},{"damage":84,"enemies":"downfall:Ironclad","floor":16,"turns":9},{"damage":19,"enemies":"downfall:FleeingMerchant","floor":19,"turns":4},{"damage":14,"enemies":"3 Byrds","floor":20,"turns":2},{"damage":6,"enemies":"Slavers","floor":21,"turns":3},{"damage":19,"enemies":"Chosen and Byrds","floor":22,"turns":3},{"damage":9,"enemies":"Cultist and Chosen","floor":26,"turns":2},{"damage":14,"enemies":"Snake Plant","floor":28,"turns":2},{"damage":20,"enemies":"Centurion and Healer","floor":29,"turns":2},{"damage":14,"enemies":"Chosen and Byrds","floor":32,"turns":3},{"damage":103,"enemies":"downfall:Watcher","floor":33,"turns":11},{"damage":45,"enemies":"Mind Bloom Boss Battle","floor":36,"turns":8},{"damage":16,"enemies":"3 Shapes","floor":38,"turns":2},{"damage":57,"enemies":"Nemesis","floor":39,"turns":4}],"seed_played":"-9156381363568111971","potions_obtained":[{"floor":2,"key":"PowerPotion"},{"floor":6,"key":"LiquidMemories"},{"floor":9,"key":"SmokeBomb"},{"floor":11,"key":"champ:UltimateStancePotion"},{"floor":11,"key":"Dexterity Potion"},{"floor":16,"key":"Explosive Potion"},{"floor":33,"key":"AttackPotion"}],"is_trial":false,"path_per_floor":["R","E","?","?","M","M","T","?","M","E","?","M","M","$","M","B",null,"R","$","M","E","M","R","T","R","M","R","M","M","?","?","M","B",null,"R","?","?","M","E"],"character_chosen":"THE_CHAMP","items_purchased":["PreservedInsect","Guardian:BlockOnCardUsePotion","champ:DefensiveShout","HandDrill","champ:BringItOn"],"campfire_rested":0,"item_purchase_floors":[14,14,14,19,19],"current_hp_per_floor":[90,90,90,90,90,90,90,90,90,90,90,83,83,90,90,30,90,90,88,88,88,88,88,88,88,88,88,83,83,83,83,83,3,68,68,56,56,52,0,0],"gold":332,"neow_bonus":"THREE_ENEMY_KILL","is_daily":false,"chose_seed":false,"campfire_upgraded":6,"win_rate":0.0,"timestamp":1608142330,"path_taken":["R","E","?","?","M","M","T","?","M","E","?","?","M","$","M","BOSS","R","$","M","E","M","R","T","R","M","R","?","?","?","?","M","BOSS","R","?","?","M","E"],"items_purchased_type":["Relic","Potion","Card","Relic","Card"],"build_version":"2020-12-13","purchased_purges":2,"victory":false,"max_hp_per_floor":[90,90,90,90,90,90,90,90,90,90,90,90,90,90,90,90,90,90,90,90,90,90,90,90,90,90,90,90,90,90,90,90,90,90,90,90,90,90,90,90],"card_choices":[{"not_picked":["champ:EndlessRage","champ:DefensiveStyle"],"picked":"champ:ViciousMockery","floor":2},{"not_picked":["champ:BerserkersShout","champ:BladeFlurry"],"picked":"champ:TornadoPunch","floor":4},{"not_picked":["champ:GladiatorsShout","champ:EndlessRage"],"picked":"champ:FanOfKnives","floor":5},{"not_picked":["champ:PreciseThrust","champ:FanOfKnives"],"picked":"champ:Lariat","floor":6},{"not_picked":["champ:Haymaker","champ:FocusedBerserking"],"picked":"champ:Backstep","floor":9},{"not_picked":["champ:GladiatorsShout","champ:Backstep"],"picked":"champ:GladiatorStyle","floor":10},{"not_picked":["champ:AdrenalArmor","champ:Lariat"],"picked":"champ:FanOfKnives","floor":12},{"not_picked":["champ:StanceDance","champ:PerfectedStrike"],"picked":"champ:TornadoPunch","floor":13},{"not_picked":["champ:VampiricStrike","champ:ViciousMockery","champ:DefensiveShout"],"picked":"SKIP","floor":14},{"not_picked":["champ:FalseCounter","champ:SkillfulDodge"],"picked":"champ:RisingSlash","floor":15},{"not_picked":["champ:IgnorePain","champ:VampiricStrike"],"picked":"champ:CheapShot","floor":16},{"not_picked":["champ:AdrenalArmor","champ:DefensiveShout"],"picked":"champ:CrookedStrike+1","floor":19},{"not_picked":["champ:ArenaPreparation+1","champ:RecklessLeap"],"picked":"champ:TornadoPunch","floor":20},{"not_picked":["champ:DefensiveStyle","champ:Encircle+1"],"picked":"champ:ArenaPreparation","floor":21},{"not_picked":["champ:ViciousMockery","champ:Circumvent"],"picked":"champ:TornadoPunch","floor":22},{"not_picked":["champ:RisingSlash","champ:StanceDance","champ:AdrenalArmor+1"],"picked":"SKIP","floor":26},{"not_picked":["champ:BladeFlurry","champ:StanceDance","champ:RecklessLeap"],"picked":"SKIP","floor":28},{"not_picked":["champ:DefensiveStyle","champ:AdrenalArmor","champ:GladiatorsShout+1"],"picked":"SKIP","floor":29},{"not_picked":["champ:ArenaPreparation","champ:CrookedStrike","champ:BerserkerStyle"],"picked":"SKIP","floor":32},{"not_picked":["champ:BladeFlurry+1","champ:BerserkersShout"],"picked":"champ:TornadoPunch+1","floor":36},{"not_picked":["champ:PerfectedStrike","champ:RapidStrikes+1","champ:CrookedStrike+1"],"picked":"SKIP","floor":38}],"player_experience":346729,"relics_obtained":[{"floor":2,"key":"Lantern"},{"floor":7,"key":"hubris:MysteriousPyramids"},{"floor":10,"key":"MealTicket"},{"floor":21,"key":"War Paint"},{"floor":24,"key":"Oddly Smooth Stone"},{"floor":36,"key":"FossilizedHelix"}],"event_choices":[{"damage_healed":0,"gold_gain":0,"player_choice":"Got Potions","damage_taken":0,"max_hp_gain":0,"max_hp_loss":0,"event_name":"Lab","floor":11,"gold_loss":0},{"damage_healed":0,"gold_gain":0,"player_choice":"Obtain J.A.X.","damage_taken":0,"max_hp_gain":0,"max_hp_loss":0,"event_name":"Drug Dealer","floor":31,"gold_loss":0,"cards_obtained":["J.A.X."]},{"cards_removed":["champ:GladiatorStyle"],"damage_healed":0,"gold_gain":0,"player_choice":"Removed Power","damage_taken":0,"max_hp_gain":0,"max_hp_loss":0,"event_name":"Falling","floor":37,"gold_loss":0}],"is_beta":false,"boss_relics":[{"not_picked":["SlaversCollar","Empty Cage"],"picked":"champ:ChampionCrownUpgraded"},{"not_picked":["Fusion Hammer","hubris:BlackHole"],"picked":"hubris:TerracottaHorce"}],"items_purged_floors":[14,19],"is_endless":false,"potions_floor_spawned":[2,6,9,12,16,21,26,29,33,36],"killed_by":"Nemesis","ascension_level":0}}