{"host":"a8rzj4nfw2w5de5r","time":1608136504,"event":{"mods":["BaseMod","Block Reminder","Colored Map","Downfall","Highlight Path","Minty Spire (QoL Compilation)","Relic Sorter","Relic Stats","StSLib"],"gold_per_floor":[99,99,99,99,99,129,129,129,162,162,180,197,209,221,233,329,329,254,270,281,206,235,249,275,286,315,333,28,44,44,29,46,144,144,69,69,117,135,206,233,233,246,278,278,288,188,188,238,253,253,253,279,13,13,13],"floor_reached":56,"playtime":6299,"items_purged":["champ:Strike","champ:Defend","champ:GutPunch","champ:Encircle"],"score":3257,"play_id":"5052b9be-6fd9-4581-b351-8fb1e650d566","local_time":"20201216220504","is_ascension_mode":false,"campfire_choices":[{"data":"champ:Taunt","floor":1,"key":"SMITH"},{"data":"champ:FocusedDefense","floor":8,"key":"SMITH"},{"floor":10,"key":"REST"},{"floor":18,"key":"RECALL"},{"data":"champ:Improvising","floor":21,"key":"SMITH"},{"data":"champ:HoldFirm","floor":35,"key":"SMITH"},{"data":"champ:TornadoPunch","floor":44,"key":"SMITH"},{"data":"champ:Circumvent","floor":54,"key":"SMITH"}],"circlet_count":0,"master_deck":["champ:Strike+1","champ:Strike+1","champ:Defend","champ:Defend","champ:Defend","champ:Execute+1","champ:Taunt+1","champ:TornadoPunch+1","champ:Circumvent+1","champ:FocusedDefense+1","champ:Circumvent","champ:Improvising+1","champ:ShieldThrow","champ:ShieldSigil","champ:MurderStrike","champ:Control+1","champ:DefensiveStyle+1","champ:VampiricStrike","champ:HoldFirm+1","champ:StanceDance+1","champ:StanceDance+1","champ:CalledShot+1","champ:FalseCounter","champ:TornadoPunch+1","champ:EnGarde","champ:RisingSlash","champ:FalseCounter","champ:DefensiveStyle+1","champ:DefensiveStyle+1"],"relics":["champ:ChampionCrown","downfall:HeartsMalice","Mango","Kunai","Velvet Choker","downfall:HeartBlessingGreen","downfall:HeartBlessingRed","Ice Cream","Frozen Egg 2","Bronze Scales","Coffee Dripper","downfall:HeartBlessingBlue","WingedGreaves","Pantograph","The Courier","Meat on the Bone","Thread and Needle","Centennial Puzzle"],"acts_visited":["Exordium","TheCity","TheBeyond","TheEnding"],"potions_floor_usage":[16,16,26,32,55,55],"damage_taken":[{"damage":0,"enemies":"2 Louse","floor":3,"turns":1},{"damage":0,"enemies":"Cultist","floor":4,"turns":1},{"damage":0,"enemies":"Small Slimes","floor":5,"turns":1},{"damage":35,"enemies":"Gremlin Nob","floor":6,"turns":6},{"damage":48,"enemies":"3 Sentries","floor":9,"turns":10},{"damage":6,"enemies":"Exordium Thugs","floor":11,"turns":5},{"damage":0,"enemies":"3 Louse","floor":12,"turns":2},{"damage":10,"enemies":"2 Fungi Beasts","floor":13,"turns":4},{"damage":0,"enemies":"Large Slime","floor":14,"turns":4},{"damage":0,"enemies":"2 Fungi Beasts","floor":15,"turns":3},{"damage":64,"enemies":"downfall:Silent","floor":16,"turns":13},{"damage":2,"enemies":"Shell Parasite","floor":19,"turns":5},{"damage":29,"enemies":"Chosen","floor":20,"turns":4},{"damage":27,"enemies":"Gremlin Leader","floor":22,"turns":4},{"damage":2,"enemies":"Centurion and Healer","floor":23,"turns":3},{"damage":0,"enemies":"Sentry and Sphere","floor":25,"turns":3},{"damage":37,"enemies":"Slavers","floor":26,"turns":4},{"damage":28,"enemies":"Cultist and Chosen","floor":27,"turns":5},{"damage":7,"enemies":"downfall:FleeingMerchant","floor":28,"turns":4},{"damage":23,"enemies":"Snecko","floor":29,"turns":5},{"damage":7,"enemies":"downfall:FleeingMerchant","floor":31,"turns":4},{"damage":11,"enemies":"Chosen and Byrds","floor":32,"turns":3},{"damage":17,"enemies":"downfall:Watcher","floor":33,"turns":6},{"damage":34,"enemies":"2 Orb Walkers","floor":37,"turns":3},{"damage":8,"enemies":"3 Shapes","floor":38,"turns":3},{"damage":5,"enemies":"downfall:FleeingMerchant","floor":39,"turns":4},{"damage":9,"enemies":"Reptomancer","floor":40,"turns":5},{"damage":21,"enemies":"3 Darklings","floor":42,"turns":6},{"damage":8,"enemies":"Nemesis","floor":43,"turns":5},{"damage":14,"enemies":"Sphere and 2 Shapes","floor":45,"turns":3},{"damage":2,"enemies":"Mind Bloom Boss Battle","floor":48,"turns":7},{"damage":2,"enemies":"Jaw Worm Horde","floor":49,"turns":3},{"damage":27,"enemies":"downfall:Ironclad","floor":50,"turns":9},{"damage":31,"enemies":"downfall:CharBossMerchant","floor":52,"turns":8},{"damage":5,"enemies":"downfall:NeowBoss","floor":55,"turns":20}],"seed_played":"-5073741205849764466","potions_obtained":[{"floor":6,"key":"Fruit Juice"},{"floor":9,"key":"Energy Potion"},{"floor":12,"key":"Regen Potion"},{"floor":20,"key":"champ:CounterPotion"},{"floor":23,"key":"champ:CounterPotion"},{"floor":25,"key":"FairyPotion"},{"floor":26,"key":"EssenceOfSteel"},{"floor":30,"key":"CultistPotion"},{"floor":30,"key":"Slimebound:ThreeZeroPotion"},{"floor":32,"key":"AttackPotion"}],"is_trial":false,"path_per_floor":["R","?","M","M","M","E","T","R","E","R","M","M","M","M","M","B",null,"R","M","M","R","E","M","T","M","E","M","$","M","?","$","M","B",null,"R","?","?","M","$","E","T","M","E","R","M","$","?","?","M","B",null,"E","$","R","B",null],"character_chosen":"THE_CHAMP","items_purchased":["champ:DefensiveStyle+1","Bronze Scales","champ:CalledShot+1","champ:FalseCounter","champ:FalseCounter","champ:DefensiveStyle+1","champ:DefensiveStyle+1"],"campfire_rested":1,"item_purchase_floors":[28,28,39,39,53,53,53],"current_hp_per_floor":[90,90,90,90,90,74,74,74,41,72,66,66,56,56,61,38,109,109,109,92,92,85,85,85,90,60,51,56,49,49,54,70,94,109,119,119,99,118,119,119,119,119,119,119,110,110,110,119,119,104,119,119,119,119,119],"gold":13,"neow_bonus":"THREE_ENEMY_KILL","is_daily":false,"chose_seed":false,"campfire_upgraded":6,"win_rate":0.0,"timestamp":1608136504,"path_taken":["R","?","M","M","M","E","T","R","E","R","M","M","M","M","M","BOSS","R","M","?","R","E","M","T","M","E","M","$","?","?","?","M","BOSS","R","?","?","M","$","E","T","M","E","R","M","$","?","?","M","BOSS","E","$","R","BOSS"],"items_purchased_type":["Card","Relic","Card","Card","Card","Card","Card"],"build_version":"2020-12-13","purchased_purges":4,"victory":true,"max_hp_per_floor":[90,90,90,90,90,104,104,104,104,104,104,104,104,104,104,109,109,109,109,109,109,109,109,109,109,109,109,109,109,109,109,109,109,109,119,119,119,119,119,119,119,119,119,119,119,119,119,119,119,119,119,119,119,119,119],"relic_stats":{"Centennial Puzzle":[3],"counters":[35,173],"Bronze Scales":[143],"Pantograph":9,"Kunai":[42],"obtain_stats":[{"Ice Cream":22,"downfall:HeartBlessingRed":21,"Velvet Choker":17,"champ:ChampionCrown":0,"downfall:HeartsMalice":0,"Mango":6,"downfall:HeartBlessingGreen":18,"Thread and Needle":48,"The Courier":41,"Whetstone":9,"Frozen Egg 2":26,"Centennial Puzzle":52,"downfall:HeartBlessingBlue":35,"Bronze Scales":28,"Pantograph":40,"WingedGreaves":37,"Coffee Dripper":34,"Kunai":7,"Meat on the Bone":43},{"Ice Cream":14,"downfall:HeartBlessingRed":13,"Velvet Choker":11,"champ:ChampionCrown":0,"downfall:HeartsMalice":0,"Mango":4,"downfall:HeartBlessingGreen":11,"Thread and Needle":31,"The Courier":27,"Whetstone":5,"Frozen Egg 2":17,"Centennial Puzzle":34,"downfall:HeartBlessingBlue":23,"Bronze Scales":19,"Pantograph":27,"WingedGreaves":24,"Coffee Dripper":23,"Kunai":4,"Meat on the Bone":29},{"Ice Cream":60,"downfall:HeartBlessingRed":56,"Velvet Choker":47,"champ:ChampionCrown":0,"downfall:HeartsMalice":0,"Mango":6,"downfall:HeartBlessingGreen":47,"Thread and Needle":133,"The Courier":112,"Whetstone":16,"Frozen Egg 2":70,"Centennial Puzzle":153,"downfall:HeartBlessingBlue":97,"Bronze Scales":79,"Pantograph":112,"WingedGreaves":100,"Coffee Dripper":97,"Kunai":6,"Meat on the Bone":123}],"Meat on the Bone":0},"card_choices":[{"not_picked":["champ:Haymaker","champ:ShieldSigil"],"picked":"champ:TornadoPunch","floor":3},{"not_picked":["champ:ShieldSigil","champ:FanOfKnives"],"picked":"champ:Circumvent","floor":4},{"not_picked":["champ:DefensiveShout","champ:StanceDance"],"picked":"champ:FocusedDefense","floor":5},{"not_picked":["champ:FightOn","champ:StanceDance"],"picked":"champ:Circumvent","floor":6},{"not_picked":["champ:Balance","champ:FlashCut"],"picked":"champ:Improvising","floor":9},{"not_picked":["champ:Duel","champ:CrookedStrike","champ:PreciseThrust"],"picked":"SKIP","floor":11},{"not_picked":["champ:Encircle","champ:CrookedStrike","champ:DefensiveShout"],"picked":"SKIP","floor":12},{"not_picked":["champ:BringItOn","champ:SwordSigil","champ:AdrenalArmor"],"picked":"SKIP","floor":13},{"not_picked":["champ:TornadoPunch","champ:SwordSigil"],"picked":"champ:GutPunch","floor":14},{"not_picked":["champ:FocusedGladiator","champ:FanOfKnives"],"picked":"champ:Encircle","floor":15},{"not_picked":["champ:HeavySlash","champ:LastStand"],"picked":"champ:ShieldThrow","floor":16},{"not_picked":["champ:PerfectedStrike+1","champ:SwordSigil","champ:FlashCut"],"picked":"SKIP","floor":19},{"not_picked":["champ:ViciousMockery","champ:EnragedBash+1","champ:FocusedGladiator"],"picked":"SKIP","floor":20},{"not_picked":["champ:HeavySlash","champ:EnragedBash"],"picked":"champ:ShieldSigil","floor":22},{"not_picked":["champ:FanOfKnives","champ:BerserkerStyle","champ:FightOn"],"picked":"SKIP","floor":23},{"not_picked":["champ:CrookedStrike+1","champ:Backstep+1","champ:FocusedBerserking"],"picked":"SKIP","floor":25},{"not_picked":["champ:CrookedStrike+1","champ:Circumvent"],"picked":"champ:MurderStrike","floor":26},{"not_picked":["champ:BringItOn","champ:TornadoPunch"],"picked":"champ:Control+1","floor":27},{"not_picked":["champ:BringItOn","champ:StanceDance","champ:ShieldWall+1"],"picked":"SKIP","floor":28},{"not_picked":["champ:ViciousMockery","champ:PerfectedStrike+1","champ:StanceDance"],"picked":"SKIP","floor":29},{"not_picked":["champ:FanOfKnives","champ:DefensiveShout+1"],"picked":"champ:VampiricStrike","floor":31},{"not_picked":["champ:TornadoPunch","champ:BringItOn","champ:GutPunch"],"picked":"SKIP","floor":32},{"not_picked":["champ:StrikeOfGenius+1","champ:SwordThrow"],"picked":"champ:HoldFirm","floor":33},{"not_picked":["champ:FightOn","champ:BringItOn+1"],"picked":"champ:StanceDance+1","floor":37},{"not_picked":["champ:Haymaker+1","champ:Encircle+1","champ:DefensiveShout+1"],"picked":"SKIP","floor":38},{"not_picked":["champ:Lariat","champ:RageSigil+1"],"picked":"champ:StanceDance+1","floor":39},{"not_picked":["champ:DefensiveStyle+1","champ:PreciseThrust","champ:IronFortress+1"],"picked":"SKIP","floor":40},{"not_picked":["champ:RapidStrikes","champ:CrookedStrike"],"picked":"champ:TornadoPunch+1","floor":42},{"not_picked":["champ:RapidStrikes+1","champ:FanOfKnives+1","champ:DeathBlow+1"],"picked":"SKIP","floor":43},{"not_picked":["champ:TornadoPunch+1","champ:FlashCut","champ:Aggression"],"picked":"SKIP","floor":45},{"not_picked":["champ:BringItOn+1","champ:BladeFlurry+1"],"picked":"champ:EnGarde","floor":49},{"not_picked":["champ:SwordSigil+1","champ:GladiatorsShout"],"picked":"champ:RisingSlash","floor":52}],"player_experience":562589,"relics_obtained":[{"floor":6,"key":"Mango"},{"floor":7,"key":"Kunai"},{"floor":9,"key":"Whetstone"},{"floor":22,"key":"Ice Cream"},{"floor":26,"key":"Frozen Egg 2"},{"floor":37,"key":"WingedGreaves"},{"floor":40,"key":"Pantograph"},{"floor":41,"key":"The Courier"},{"floor":43,"key":"Meat on the Bone"},{"floor":48,"key":"Thread and Needle"},{"floor":52,"key":"Centennial Puzzle"}],"event_choices":[{"damage_healed":0,"gold_gain":0,"player_choice":"Upgraded","damage_taken":0,"max_hp_gain":0,"max_hp_loss":0,"event_name":"Upgrade Shrine","floor":2,"gold_loss":0,"cards_upgraded":["champ:Execute"]},{"damage_healed":0,"gold_gain":0,"player_choice":"Fight","damage_taken":0,"max_hp_gain":0,"max_hp_loss":0,"event_name":"Mysterious Sphere","floor":37,"gold_loss":0},{"cards_removed":["champ:Strike"],"damage_healed":0,"gold_gain":0,"player_choice":"Removed Attack","damage_taken":0,"max_hp_gain":0,"max_hp_loss":0,"event_name":"Falling","floor":47,"gold_loss":0}],"is_beta":false,"boss_relics":[{"not_picked":["Busted Crown","Philosopher\u0027s Stone"],"picked":"Velvet Choker"},{"not_picked":["champ:ChampionCrownUpgraded","Fusion Hammer"],"picked":"Coffee Dripper"}],"items_purged_floors":[28,39,46,53],"is_endless":false,"potions_floor_spawned":[6,9,12,13,14,20,23,25,26,32,33,37,38,40,43,48,52],"ascension_level":0}}