{"host":"7nopzcxpi7o4g3yx","time":1608116804,"event":{"mods":["AchievementEnabler","BaseMod","Colored Powertips","Hermit","Minty Spire (QoL Compilation)","Quick Restart","StSLib","The Cursed","The Servant 0.9.4"],"gold_per_floor":[118,22,22,22,122,122,149,160,209,243,272,72,147,181,181,280,280,296,326,346,15,28,28,59,74,142,142,153,73,93,193,193,298,298,314,314,141,154,171,203,253,253,253,253,49,65,84,101,101,101],"floor_reached":51,"playtime":2992,"items_purged":[],"score":1001,"play_id":"3ea28fb2-ebb6-44c5-ba0b-ba590ecd33a1","local_time":"20201216120644","is_ascension_mode":true,"campfire_choices":[{"data":"Neutralize","floor":6,"key":"SMITH"},{"floor":15,"key":"REST"},{"floor":23,"key":"REST"},{"floor":32,"key":"REST"},{"data":"Infinite Blades","floor":42,"key":"SMITH"},{"floor":44,"key":"REST"},{"data":"Finisher","floor":49,"key":"SMITH"}],"circlet_count":0,"master_deck":["Strike_G","Strike_G","Strike_G","Strike_G","Strike_G","Defend_G","Defend_G","Defend_G","Defend_G","Defend_G","Survivor","Neutralize+1","Infinite Blades+1","Dagger Throw","Infinite Blades","Finisher+1","Crippling Poison","Backstab","Blade Dance","Infinite Blades+1","Well Laid Plans+1","Storm of Steel","CurseOfTheBell","Endless Agony","Flying Knee","Infinite Blades+1","Choke","Distraction+1","Endless Agony","Noxious Fumes+1","Leg Sweep+1","Dagger Spray","Venomology+1","Deadly Poison+1","Noxious Fumes+1","Backflip+1","Blade Dance+1","Blur+1","Cloak And Dagger+1","Catalyst+1"],"relics":["Ring of the Snake","NeowsBlessing","Mummified Hand","Regal Pillow","Bag of Preparation","Odd Mushroom","Frozen Egg 2","Calling Bell","Bag of Marbles","InkBottle","Gambling Chip","Red Mask","Ninja Scroll","Thread and Needle","Toxic Egg 2","MutagenicStrength","Lizard Tail","Question Card","Busted Crown","Membership Card","The Courier","Du-Vu Doll","Akabeko","Shuriken","Vajra"],"acts_visited":["Exordium","TheCity","TheBeyond"],"potions_floor_usage":[2,10,16,22,25,31,33,33,35,38,39,41,50,50],"damage_taken":[{"damage":0,"enemies":"2 Louse","floor":1,"turns":1},{"damage":0,"enemies":"3 Sentries","floor":7,"turns":1},{"damage":0,"enemies":"Small Slimes","floor":8,"turns":1},{"damage":26,"enemies":"Lagavulin","floor":10,"turns":6},{"damage":13,"enemies":"The Mushroom Lair","floor":11,"turns":4},{"damage":12,"enemies":"3 Sentries","floor":14,"turns":5},{"damage":24,"enemies":"Slime Boss","floor":16,"turns":10},{"damage":10,"enemies":"Shell Parasite","floor":18,"turns":2},{"damage":18,"enemies":"Masked Bandits","floor":19,"turns":4},{"damage":8,"enemies":"Spheric Guardian","floor":20,"turns":3},{"damage":19,"enemies":"Snake Plant","floor":22,"turns":4},{"damage":21,"enemies":"Slavers","floor":24,"turns":4},{"damage":0,"enemies":"Centurion and Healer","floor":25,"turns":2},{"damage":0,"enemies":"Cultist and Chosen","floor":28,"turns":1},{"damage":0,"enemies":"Snecko","floor":30,"turns":1},{"damage":0,"enemies":"Colosseum Slavers","floor":31,"turns":1},{"damage":0,"enemies":"Colosseum Nobs","floor":31,"turns":1},{"damage":61,"enemies":"Automaton","floor":33,"turns":8},{"damage":2,"enemies":"3 Shapes","floor":35,"turns":1},{"damage":0,"enemies":"Orb Walker","floor":38,"turns":2},{"damage":0,"enemies":"3 Darklings","floor":39,"turns":2},{"damage":31,"enemies":"Reptomancer","floor":40,"turns":3},{"damage":0,"enemies":"Mind Bloom Boss Battle","floor":41,"turns":3},{"damage":0,"enemies":"Sphere and 2 Shapes","floor":46,"turns":2},{"damage":0,"enemies":"Spire Growth","floor":47,"turns":1},{"damage":5,"enemies":"Maw","floor":48,"turns":3},{"damage":39,"enemies":"Time Eater","floor":50,"turns":5}],"seed_played":"1666805595515736075","potions_obtained":[{"floor":1,"key":"CunningPotion"},{"floor":11,"key":"Swift Potion"},{"floor":14,"key":"AttackPotion"},{"floor":16,"key":"BlessingOfTheForge"},{"floor":20,"key":"Weak Potion"},{"floor":24,"key":"LiquidBronze"},{"floor":25,"key":"DistilledChaos"},{"floor":28,"key":"CultistPotion"},{"floor":31,"key":"Poison Potion"},{"floor":38,"key":"Explosive Potion"},{"floor":39,"key":"Swift Potion"},{"floor":41,"key":"LiquidBronze"},{"floor":47,"key":"GhostInAJar"}],"is_trial":false,"path_per_floor":["M","$","?","?","?","R","E","M","T","E","?","$","?","E","R","B",null,"M","?","M","$","M","R","E","M","T","?","M","$","M","?","R","B",null,"M","?","$","M","M","E","?","R","T","R","$","M","M","M","R","B",null],"character_chosen":"THE_SILENT","items_purchased":["Fruit Juice","Backstab","Blade Dance","Infinite Blades","Ninja Scroll","Infinite Blades+1","Noxious Fumes+1","Membership Card","Noxious Fumes+1","Shuriken","Vajra","EntropicBrew"],"campfire_rested":4,"item_purchase_floors":[2,12,12,12,21,21,29,37,37,45,45,45],"current_hp_per_floor":[70,75,80,80,80,80,80,80,80,54,41,41,30,18,57,33,80,70,52,44,44,25,64,43,43,43,43,43,43,43,43,80,19,80,78,90,90,90,90,59,59,59,59,90,90,90,90,85,85,46],"gold":101,"neow_bonus":"THREE_ENEMY_KILL","is_daily":false,"chose_seed":false,"campfire_upgraded":3,"win_rate":0.0,"timestamp":1608116804,"path_taken":["M","$","?","?","?","R","E","?","T","E","?","$","?","E","R","BOSS","M","?","M","$","M","R","E","M","T","?","M","$","M","?","R","BOSS","M","?","$","?","M","E","?","R","T","R","$","M","M","M","R","BOSS"],"items_purchased_type":["Potion","Card","Card","Card","Relic","Card","Card","Relic","Card","Relic","Relic","Potion"],"build_version":"2020-12-13","purchased_purges":0,"victory":true,"max_hp_per_floor":[70,75,80,80,80,80,80,80,80,80,80,80,80,80,80,80,80,80,80,80,80,80,80,80,80,80,80,80,80,80,80,80,80,80,80,90,90,90,90,90,90,90,90,90,90,90,90,90,90,90],"card_choices":[{"not_picked":["Finisher","Choke"],"picked":"Infinite Blades","floor":1},{"not_picked":["Deadly Poison","Acrobatics"],"picked":"Dagger Throw","floor":7},{"not_picked":["Slice","Expertise"],"picked":"Infinite Blades","floor":8},{"not_picked":["Expertise","Backflip"],"picked":"Finisher","floor":10},{"not_picked":["Dodge and Roll","Masterful Stab"],"picked":"Crippling Poison","floor":11},{"not_picked":["Grand Finale","Calculated Gamble"],"picked":"Well Laid Plans+1","floor":14},{"not_picked":["Wraith Form v2+1","Corpse Explosion"],"picked":"Storm of Steel","floor":16},{"not_picked":["Setup","Predator","Sucker Punch"],"picked":"SKIP","floor":18},{"not_picked":["Escape Plan+1","Bane"],"picked":"Endless Agony","floor":19},{"not_picked":["Predator","Backflip"],"picked":"Flying Knee","floor":20},{"not_picked":["Backflip","Blade Dance"],"picked":"Choke","floor":22},{"not_picked":["Deflect","Dagger Throw"],"picked":"Distraction+1","floor":24},{"not_picked":["Prepared","Outmaneuver"],"picked":"Storm of Steel","floor":25},{"not_picked":["Flying Knee","Choke"],"picked":"Endless Agony","floor":28},{"not_picked":["Deflect+1","Dodge and Roll+1"],"picked":"Leg Sweep+1","floor":30},{"not_picked":["Eviscerate","Reflex+1"],"picked":"Dagger Spray","floor":31},{"not_picked":["Burst+1","Unload","Malaise+1"],"picked":"Venomology+1","floor":33},{"not_picked":["Concentrate+1"],"picked":"Deadly Poison+1","floor":35},{"not_picked":["Quick Slash"],"picked":"Backflip+1","floor":38},{"not_picked":["Endless Agony"],"picked":"Blade Dance+1","floor":39},{"not_picked":["Riddle With Holes"],"picked":"Blur+1","floor":40},{"not_picked":["Well Laid Plans+1"],"picked":"Cloak And Dagger+1","floor":41},{"not_picked":["Quick Slash+1"],"picked":"Catalyst+1","floor":46},{"not_picked":["Slice+1","Dagger Throw"],"picked":"SKIP","floor":47},{"not_picked":["All Out Attack","Deflect+1"],"picked":"SKIP","floor":48}],"player_experience":280456,"relics_obtained":[{"floor":7,"key":"Mummified Hand"},{"floor":9,"key":"Regal Pillow"},{"floor":10,"key":"Bag of Preparation"},{"floor":11,"key":"Odd Mushroom"},{"floor":14,"key":"Frozen Egg 2"},{"floor":17,"key":"Bag of Marbles"},{"floor":17,"key":"InkBottle"},{"floor":17,"key":"Gambling Chip"},{"floor":19,"key":"Red Mask"},{"floor":24,"key":"Thread and Needle"},{"floor":26,"key":"Toxic Egg 2"},{"floor":31,"key":"Lizard Tail"},{"floor":31,"key":"Question Card"},{"floor":40,"key":"The Courier"},{"floor":41,"key":"Du-Vu Doll"},{"floor":43,"key":"Akabeko"}],"event_choices":[{"damage_healed":0,"gold_gain":0,"player_choice":"Donut","damage_taken":0,"max_hp_gain":5,"max_hp_loss":0,"event_name":"Big Fish","floor":3,"gold_loss":0},{"damage_healed":0,"gold_gain":0,"player_choice":"Grow","damage_taken":0,"max_hp_gain":0,"max_hp_loss":0,"event_name":"Living Wall","floor":4,"gold_loss":0,"cards_upgraded":["Infinite Blades"]},{"damage_healed":0,"gold_gain":100,"player_choice":"Pray","damage_taken":0,"max_hp_gain":0,"max_hp_loss":0,"event_name":"Golden Shrine","floor":5,"gold_loss":0},{"damage_healed":0,"gold_gain":0,"player_choice":"Fought Mushrooms","damage_taken":0,"max_hp_gain":0,"max_hp_loss":0,"event_name":"Mushrooms","floor":11,"gold_loss":0},{"damage_healed":0,"gold_gain":75,"player_choice":"Gather Gold","damage_taken":11,"max_hp_gain":0,"max_hp_loss":0,"event_name":"World of Goop","floor":13,"gold_loss":0},{"damage_healed":0,"gold_gain":0,"player_choice":"Fought Bandits","damage_taken":0,"max_hp_gain":0,"max_hp_loss":0,"event_name":"Masked Bandits","floor":19,"gold_loss":0},{"damage_healed":0,"gold_gain":0,"player_choice":"Inject Mutagens","damage_taken":0,"relics_obtained":["MutagenicStrength"],"max_hp_gain":0,"max_hp_loss":0,"event_name":"Drug Dealer","floor":27,"gold_loss":0},{"damage_healed":0,"gold_gain":0,"player_choice":"Fight","damage_taken":0,"max_hp_gain":0,"max_hp_loss":0,"event_name":"Colosseum","floor":31,"gold_loss":0},{"damage_healed":0,"gold_gain":0,"player_choice":"Fought Nobs","damage_taken":0,"max_hp_gain":0,"max_hp_loss":0,"event_name":"Colosseum","floor":31,"gold_loss":0},{"cards_removed":["Storm of Steel"],"damage_healed":2,"gold_gain":0,"player_choice":"Offered Rare","damage_taken":0,"max_hp_gain":10,"max_hp_loss":0,"event_name":"Bonfire Elementals","floor":36,"gold_loss":0},{"damage_healed":0,"gold_gain":0,"player_choice":"Fight","damage_taken":0,"max_hp_gain":0,"max_hp_loss":0,"event_name":"MindBloom","floor":41,"gold_loss":0}],"is_beta":false,"boss_relics":[{"not_picked":["Runic Dome","HoveringKite"],"picked":"Calling Bell"},{"not_picked":["Pandora\u0027s Box","Runic Pyramid"],"picked":"Busted Crown"}],"items_purged_floors":[],"is_endless":false,"potions_floor_spawned":[1,11,14,16,20,24,25,28,31,38,39,41,47],"ascension_level":4}}