{"host":"esx1hwjnbftf3eqj","time":1608160577,"event":{"mods":["BaseMod","Colored Map","Minty Spire (QoL Compilation)","StSLib","Wandering Minibosses"],"gold_per_floor":[117,192,19,33,51,80,80,109,180,180,206,217,217,229,229,329,329,292,292,305,51,51,51,78,78,78,78,111,111,26,79,79,179,179,130,130,84,49,99,99,426,445,526,526,544,555,569,333,333,333],"floor_reached":51,"playtime":10940,"items_purged":["Defend_B","Strike_B"],"score":901,"play_id":"ee896771-4167-4eae-b596-c7cb59f1cf32","local_time":"20201216151617","is_ascension_mode":true,"campfire_choices":[{"data":"Zap","floor":7,"key":"SMITH"},{"floor":10,"key":"REST"},{"data":"Defragment","floor":13,"key":"SMITH"},{"data":"Dualcast","floor":15,"key":"SMITH"},{"data":"Loop","floor":23,"key":"SMITH"},{"data":"Consume","floor":25,"key":"SMITH"},{"data":"Strike_B","floor":29,"key":"PURGE"},{"floor":32,"key":"REST"},{"floor":40,"key":"REST"},{"data":"Darkness","floor":44,"key":"SMITH"},{"floor":49,"key":"REST"}],"circlet_count":0,"master_deck":["Strike_B","Strike_B","Defend_B","Defend_B","Defend_B","Zap+1","Dualcast+1","Redo","Master of Strategy","Loop+1","Conserve Battery","Leap","Defragment+1","Genetic Algorithm","BootSequence","Cold Snap","Reboot","Ghostly","Ghostly","Ghostly","Ghostly","Ghostly","Capacitor","Magnetism","Glacier","Consume+1","Loop+1","Conserve Battery","Cold Snap","Thunder Strike","Streamline+1","Enlightenment","Barrage","Darkness+1","Redo","Streamline","Leap","Parasite","BootSequence","Redo","Defragment","Leap","Streamline"],"relics":["Peace Pipe","Dream Catcher","Symbiotic Virus","Kunai","Snecko Eye","Incense Burner","Lizard Tail","Sundial","Ancient Tea Set","Calling Bell","Oddly Smooth Stone","HornCleat","Emotion Chip","Old Coin","Bottled Tornado"],"acts_visited":["Exordium","TheCity","TheBeyond"],"potions_floor_usage":[8,8,12,24,28,28,45,46,46,50,50,50],"damage_taken":[{"damage":0,"enemies":"2 Louse","floor":1,"turns":2},{"damage":0,"enemies":"Small Slimes","floor":4,"turns":3},{"damage":2,"enemies":"Jaw Worm","floor":5,"turns":3},{"damage":24,"enemies":"Lagavulin","floor":6,"turns":8},{"damage":33,"enemies":"Gremlin Nob","floor":8,"turns":4},{"damage":2,"enemies":"Lagavulin","floor":11,"turns":5},{"damage":5,"enemies":"Exordium Thugs","floor":12,"turns":4},{"damage":0,"enemies":"Red Slaver","floor":14,"turns":3},{"damage":16,"enemies":"Slime Boss","floor":16,"turns":8},{"damage":19,"enemies":"Shell Parasite","floor":18,"turns":7},{"damage":4,"enemies":"3 Byrds","floor":20,"turns":4},{"damage":17,"enemies":"Book of Stabbing","floor":24,"turns":8},{"damage":20,"enemies":"Slavers","floor":28,"turns":5},{"damage":2,"enemies":"Gremlin Leader","floor":31,"turns":12},{"damage":6,"enemies":"Automaton","floor":33,"turns":14},{"damage":1,"enemies":"Orb Walker","floor":35,"turns":7},{"damage":13,"enemies":"3 Darklings","floor":37,"turns":13},{"damage":0,"enemies":"Mind Bloom Boss Battle","floor":39,"turns":6},{"damage":0,"enemies":"Giant Head","floor":41,"turns":9},{"damage":14,"enemies":"4 Shapes","floor":42,"turns":12},{"damage":19,"enemies":"Jaw Worm Horde","floor":45,"turns":5},{"damage":16,"enemies":"Spire Growth","floor":46,"turns":5},{"damage":0,"enemies":"Writhing Mass","floor":47,"turns":6},{"damage":7,"enemies":"Time Eater","floor":50,"turns":10}],"seed_played":"-2860159065793507680","potions_obtained":[{"floor":5,"key":"ColorlessPotion"},{"floor":6,"key":"AttackPotion"},{"floor":11,"key":"DistilledChaos"},{"floor":16,"key":"DistilledChaos"},{"floor":18,"key":"Weak Potion"},{"floor":24,"key":"GamblersBrew"},{"floor":33,"key":"Ancient Potion"},{"floor":37,"key":"Regen Potion"},{"floor":41,"key":"PowerPotion"},{"floor":45,"key":"Strength Potion"},{"floor":46,"key":"Fruit Juice"},{"floor":47,"key":"LiquidBronze"}],"is_trial":false,"path_per_floor":["M","?","$","M","M","E","R","E","T","R","E","M","R","M","R","B",null,"M","?","M","$","?","R","E","R","T","$","E","R","?","E","R","B",null,"M","?","M","$","?","R","E","M","T","R","M","M","M","$","R","B",null],"character_chosen":"DEFECT","items_purchased":["Master of Strategy","Magnetism","Darkness","Redo","Defragment","Leap"],"campfire_rested":4,"item_purchase_floors":[3,21,38,48,48,48],"current_hp_per_floor":[82,71,71,71,69,45,45,12,12,36,34,29,29,29,29,13,82,63,41,37,37,37,37,20,20,20,20,20,20,20,18,30,24,41,40,40,27,27,27,39,39,25,25,25,6,9,9,9,22,15],"gold":333,"neow_bonus":"TEN_PERCENT_HP_BONUS","is_daily":false,"chose_seed":false,"campfire_upgraded":6,"win_rate":0.0,"timestamp":1608160577,"path_taken":["M","?","$","M","M","E","R","E","T","R","E","M","R","M","R","BOSS","M","?","M","$","?","R","E","R","T","$","E","R","?","E","R","BOSS","M","?","M","$","?","R","E","M","T","R","M","M","M","$","R","BOSS"],"items_purchased_type":["Card","Card","Card","Card","Card","Card"],"build_version":"2020-12-13","purchased_purges":2,"victory":true,"max_hp_per_floor":[82,82,82,82,82,82,82,82,82,82,82,82,82,82,82,82,82,82,41,41,41,41,41,41,41,41,41,41,41,41,41,41,41,41,41,41,41,41,41,41,41,41,41,41,41,46,46,46,46,46],"card_choices":[{"not_picked":["Barrage","Recycle"],"picked":"Redo","floor":1},{"not_picked":["Reprogram","Beam Cell"],"picked":"Loop","floor":4},{"not_picked":["Streamline","Ball Lightning"],"picked":"Conserve Battery","floor":5},{"not_picked":["Tempest","Recycle"],"picked":"Leap","floor":6},{"not_picked":["Static Discharge","Sweeping Beam"],"picked":"Defragment","floor":8},{"not_picked":["Double Energy","Doom and Gloom"],"picked":"Genetic Algorithm","floor":10},{"not_picked":["Skim","Undo","Stack"],"picked":"SKIP","floor":11},{"not_picked":["Fusion","Redo"],"picked":"BootSequence","floor":12},{"not_picked":["Turbo","Static Discharge"],"picked":"Cold Snap","floor":14},{"not_picked":["Multi-Cast","Hyperbeam"],"picked":"Reboot","floor":16},{"not_picked":["Coolheaded","Stack","Gash+1"],"picked":"SKIP","floor":18},{"not_picked":["Barrage","Ball Lightning"],"picked":"Capacitor","floor":20},{"not_picked":["Hello World+1","Fusion"],"picked":"Consume","floor":24},{"not_picked":["Stack","Chill+1"],"picked":"Loop+1","floor":28},{"not_picked":["BootSequence","Go for the Eyes"],"picked":"Conserve Battery","floor":31},{"not_picked":["Go for the Eyes","Hologram"],"picked":"Cold Snap","floor":32},{"not_picked":["Reboot","Rainbow"],"picked":"Thunder Strike","floor":33},{"not_picked":["Hologram+1","Barrage"],"picked":"Streamline+1","floor":35},{"not_picked":["Jack Of All Trades","Blind"],"picked":"Enlightenment","floor":36},{"not_picked":["Redo+1","Cold Snap+1"],"picked":"Barrage","floor":37},{"not_picked":["Sweeping Beam","Hologram"],"picked":"Redo","floor":40},{"not_picked":["BootSequence+1","FTL+1"],"picked":"Streamline","floor":41},{"not_picked":["Beam Cell","Cold Snap","Conserve Battery"],"picked":"SKIP","floor":42},{"not_picked":["Rebound","Amplify"],"picked":"Leap","floor":45},{"not_picked":["Compile Driver+1","Sweeping Beam+1","Go for the Eyes+1"],"picked":"SKIP","floor":46},{"not_picked":["FTL","Rip and Tear"],"picked":"BootSequence","floor":47},{"not_picked":["Gash+1","Chill+1"],"picked":"Streamline","floor":49}],"player_experience":401813,"relics_obtained":[{"floor":6,"key":"Peace Pipe"},{"floor":8,"key":"Dream Catcher"},{"floor":9,"key":"Symbiotic Virus"},{"floor":11,"key":"Kunai"},{"floor":24,"key":"Incense Burner"},{"floor":26,"key":"Lizard Tail"},{"floor":28,"key":"Omamori"},{"floor":31,"key":"Ancient Tea Set"},{"floor":34,"key":"Oddly Smooth Stone"},{"floor":34,"key":"HornCleat"},{"floor":34,"key":"Ice Cream"},{"floor":39,"key":"Emotion Chip"},{"floor":41,"key":"Old Coin"},{"floor":43,"key":"Bottled Tornado"}],"event_choices":[{"damage_healed":0,"gold_gain":75,"player_choice":"Gather Gold","damage_taken":11,"max_hp_gain":0,"max_hp_loss":0,"event_name":"World of Goop","floor":2,"gold_loss":0},{"damage_healed":0,"gold_gain":0,"player_choice":"Became a Ghost","damage_taken":0,"max_hp_gain":0,"max_hp_loss":41,"event_name":"Ghosts","floor":19,"gold_loss":0,"cards_obtained":["Ghostly","Ghostly","Ghostly","Ghostly","Ghostly"]},{"damage_healed":0,"gold_gain":0,"player_choice":"Read","damage_taken":0,"max_hp_gain":0,"max_hp_loss":0,"event_name":"The Library","floor":22,"gold_loss":0,"cards_obtained":["Glacier"]},{"damage_healed":0,"gold_gain":0,"player_choice":"Obtained Relic","damage_taken":0,"relics_obtained":["Sundial"],"max_hp_gain":0,"max_hp_loss":0,"event_name":"Addict","floor":30,"gold_loss":85},{"damage_healed":0,"gold_gain":0,"player_choice":"Memory 1","damage_taken":0,"max_hp_gain":0,"max_hp_loss":0,"event_name":"SensoryStone","floor":36,"gold_loss":0},{"damage_healed":0,"gold_gain":0,"player_choice":"Fight","damage_taken":0,"max_hp_gain":0,"max_hp_loss":0,"event_name":"MindBloom","floor":39,"gold_loss":0}],"is_beta":false,"boss_relics":[{"not_picked":["Runic Dome","Cursed Key"],"picked":"Snecko Eye"},{"not_picked":["Tiny House","Philosopher\u0027s Stone"],"picked":"Calling Bell"}],"items_purged_floors":[21,48],"is_endless":false,"potions_floor_spawned":[5,6,11,16,18,24,33,37,41,45,46,47],"ascension_level":2}}