{"host":"jx3f6ezc0g3s9edc","time":1608080632,"event":{"mods":["AchievementEnabler","BaseMod","Bestiary","Colored Map","Highlight Path","Minty Spire (QoL Compilation)","StSLib"],"gold_per_floor":[99,99,99,24,24,24,24,24,24,24,24,24,24,24,24,24,24,0,0,0,0,0,0,0,0,0,0,0,0,0,0,0,0,0],"floor_reached":33,"playtime":1997,"items_purged":["Strike_R"],"score":486,"play_id":"3dd055b4-9a12-4226-a862-04cc91ec22c8","local_time":"20201215200352","is_ascension_mode":true,"campfire_choices":[{"data":"Bash","floor":6.0,"key":"SMITH"},{"data":"Body Slam","floor":8.0,"key":"SMITH"},{"data":"Headbutt","floor":10.0,"key":"SMITH"},{"floor":15.0,"key":"REST"},{"data":"True Grit","floor":24,"key":"SMITH"},{"floor":32,"key":"REST"}],"circlet_count":0,"master_deck":["AscendersBane","Defend_R","Defend_R","Defend_R","Defend_R","Bash+1","Body Slam+1","Battle Trance","Headbutt+1","Burning Pact","Thunderclap","Feed","True Grit+1","Shrug It Off+1","Bite","Bite","Bite","Bite","Bite","Entrench","Ghostly Armor","Spot Weakness"],"relics":["Ectoplasm","Letter Opener","Bag of Marbles","Black Star","Champion Belt","Nunchaku","Potion Belt","Oddly Smooth Stone","Regal Pillow"],"acts_visited":["Exordium","TheCity"],"potions_floor_usage":[23,33],"damage_taken":[{"damage":2.0,"enemies":"Jaw Worm","floor":1.0,"turns":3.0},{"damage":3.0,"enemies":"2 Louse","floor":3.0,"turns":3.0},{"damage":24.0,"enemies":"Gremlin Nob","floor":7.0,"turns":4.0},{"damage":0.0,"enemies":"Small Slimes","floor":12.0,"turns":1.0},{"damage":0.0,"enemies":"2 Fungi Beasts","floor":13.0,"turns":2.0},{"damage":41.0,"enemies":"Hexaghost","floor":16.0,"turns":8.0},{"damage":12,"enemies":"2 Thieves","floor":18,"turns":3},{"damage":17,"enemies":"3 Byrds","floor":19,"turns":6},{"damage":32,"enemies":"Slavers","floor":23,"turns":7},{"damage":38,"enemies":"Book of Stabbing","floor":25,"turns":5},{"damage":16,"enemies":"Snake Plant","floor":27,"turns":4},{"damage":2,"enemies":"3 Cultists","floor":29,"turns":6},{"damage":119,"enemies":"Automaton","floor":33,"turns":12}],"seed_played":"5508114364336172695","potions_obtained":[{"floor":3.0,"key":"BlessingOfTheForge"},{"floor":12.0,"key":"FearPotion"},{"floor":19,"key":"DuplicationPotion"},{"floor":29,"key":"SteroidPotion"}],"is_trial":false,"path_per_floor":["M","?","M","$","?","R","E","R","T","R","?","M","M","?","R","B",null,"M","M","?","?","$","E","R","E","T","M","$","M","?","$","R","B"],"character_chosen":"IRONCLAD","items_purchased":[],"campfire_rested":2,"item_purchase_floors":[],"current_hp_per_floor":[70,70,67,67,72,72,48,48,48,48,45,47,49,49,74,35,73,66,54,54,54,54,38,38,16,16,13,13,30,30,30,74,0,0],"gold":0,"neow_bonus":"BOSS_RELIC","is_daily":false,"chose_seed":false,"campfire_upgraded":4,"win_rate":0.0,"timestamp":1608080632,"path_taken":["M","?","M","$","?","R","E","R","T","R","?","M","M","?","R","BOSS","M","M","?","?","?","E","R","E","T","M","$","?","?","$","R","BOSS"],"items_purchased_type":[],"build_version":"2020-12-13","purchased_purges":1,"victory":false,"max_hp_per_floor":[80,80,80,80,85,85,85,85,85,85,85,85,85,85,85,85,85,88,91,91,91,91,91,91,91,91,94,94,97,97,97,97,97,97],"card_choices":[{"not_picked":["Iron Wave","Inflame"],"picked":"Body Slam","floor":1.0},{"not_picked":["Pommel Strike","Perfected Strike"],"picked":"Battle Trance","floor":3.0},{"not_picked":["Sentinel","Shrug It Off"],"picked":"Headbutt","floor":7.0},{"not_picked":["Rage","Armaments"],"picked":"Burning Pact","floor":12.0},{"not_picked":["Wild Strike","Flex"],"picked":"Thunderclap","floor":13.0},{"not_picked":["Bludgeon","Double Tap"],"picked":"Feed","floor":16.0},{"not_picked":["Flex","Wild Strike+1"],"picked":"True Grit","floor":18},{"not_picked":["Clothesline","Rampage"],"picked":"Shrug It Off+1","floor":19},{"not_picked":["Sword Boomerang+1","Headbutt","Warcry"],"picked":"SKIP","floor":23},{"not_picked":["Wild Strike","Dropkick"],"picked":"Entrench","floor":25},{"not_picked":["Flex+1","Pummel"],"picked":"Ghostly Armor","floor":27},{"not_picked":["Rage+1","Thunderclap"],"picked":"Spot Weakness","floor":29}],"player_experience":677573,"relics_obtained":[{"floor":7.0,"key":"Letter Opener"},{"floor":9.0,"key":"Blood Vial"},{"floor":23,"key":"Champion Belt"},{"floor":23,"key":"Nunchaku"},{"floor":25,"key":"Potion Belt"},{"floor":25,"key":"Oddly Smooth Stone"},{"floor":26,"key":"Regal Pillow"}],"event_choices":[{"damage_healed":0.0,"max_hp_gain":0.0,"max_hp_loss":0.0,"gold_gain":0.0,"event_name":"Golden Idol","player_choice":"Ignored","floor":2.0,"gold_loss":0.0,"damage_taken":0.0},{"damage_healed":0.0,"max_hp_gain":5.0,"max_hp_loss":0.0,"gold_gain":0.0,"event_name":"Big Fish","player_choice":"Donut","floor":5.0,"gold_loss":0.0,"damage_taken":0.0},{"damage_healed":0.0,"max_hp_gain":0.0,"max_hp_loss":0.0,"gold_gain":0.0,"event_name":"Scrap Ooze","player_choice":"Success","floor":11.0,"gold_loss":0.0,"damage_taken":3.0,"relics_obtained":["Bag of Marbles"]},{"damage_healed":0.0,"max_hp_gain":0.0,"max_hp_loss":0.0,"gold_gain":0.0,"event_name":"Liars Game","player_choice":"Ignored","floor":14.0,"gold_loss":0.0,"damage_taken":0.0},{"damage_healed":0,"gold_gain":0,"player_choice":"Ignored","damage_taken":0,"max_hp_gain":0,"max_hp_loss":0,"event_name":"The Mausoleum","floor":20,"gold_loss":0},{"damage_healed":0,"gold_gain":0,"player_choice":"Became a vampire (Vial)","damage_taken":0,"max_hp_gain":0,"max_hp_loss":0,"event_name":"Vampires","floor":21,"relics_lost":["Blood Vial"],"gold_loss":0,"cards_obtained":["Bite","Bite","Bite","Bite","Bite"]}],"is_beta":false,"boss_relics":[{"not_picked":["Busted Crown","Runic Pyramid"],"picked":"Black Star"}],"items_purged_floors":[4],"is_endless":false,"potions_floor_spawned":[3,12,19,29],"killed_by":"Automaton","ascension_level":11}}