{"host":"m2106ztvmcgfoyc9","time":1608140900,"event":{"mods":["BaseMod","Minty Spire (QoL Compilation)","Relic Stats"],"gold_per_floor":[119,119,138,1,20,50,50,91,152,152,192,192,50,71,71,158,158,169,181,10,22,50,50,83,83,92,92],"floor_reached":26,"playtime":879,"items_purged":["Doubt","Strike_G"],"score":492,"play_id":"15b237ba-c846-4f72-9bce-8c3d7c054591","local_time":"20201216184820","is_ascension_mode":true,"campfire_choices":[{"floor":7,"key":"REST"},{"floor":10,"key":"REST"},{"data":"Crippling Poison","floor":12,"key":"SMITH"},{"data":"Footwork","floor":15,"key":"SMITH"},{"floor":23,"key":"REST"},{"floor":25,"key":"REST"}],"circlet_count":0,"master_deck":["AscendersBane","Strike_G","Strike_G","Strike_G","Strike_G+1","Defend_G","Defend_G","Defend_G","Defend_G+1","Defend_G","Survivor","Neutralize","Choke","Quick Slash","Footwork+1","Cloak And Dagger","Crippling Poison+1","Backstab","Terror","Infinite Blades","Calculated Gamble","Corpse Explosion","Footwork","Blade Dance","Skewer+1","Decay"],"relics":["Cursed Key","HornCleat","CeramicFish","Strawberry","Busted Crown","Blood Vial"],"acts_visited":["Exordium","TheCity"],"potions_floor_usage":[11,16],"damage_taken":[{"damage":2,"enemies":"Small Slimes","floor":1,"turns":5},{"damage":0,"enemies":"Jaw Worm","floor":3,"turns":3},{"damage":0,"enemies":"2 Louse","floor":5,"turns":2},{"damage":22,"enemies":"Gremlin Nob","floor":6,"turns":4},{"damage":18,"enemies":"3 Sentries","floor":8,"turns":10},{"damage":1,"enemies":"Lagavulin","floor":11,"turns":6},{"damage":7,"enemies":"Looter","floor":14,"turns":4},{"damage":5,"enemies":"The Guardian","floor":16,"turns":10},{"damage":16,"enemies":"Chosen","floor":18,"turns":5},{"damage":15,"enemies":"Shell Parasite","floor":19,"turns":3},{"damage":0,"enemies":"3 Cultists","floor":21,"turns":3},{"damage":8,"enemies":"Snake Plant","floor":22,"turns":4},{"damage":36,"enemies":"Book of Stabbing","floor":24,"turns":5}],"seed_played":"-8617303750307444412","potions_obtained":[{"floor":3,"key":"Energy Potion"},{"floor":11,"key":"Dexterity Potion"},{"floor":21,"key":"Fire Potion"}],"is_trial":false,"path_per_floor":["M","?","M","$","M","E","R","E","T","R","E","R","$","M","R","B",null,"M","M","$","M","M","R","E","R","T"],"character_chosen":"THE_SILENT","items_purchased":["Fire Potion","Footwork","Infinite Blades","Footwork","Blade Dance"],"campfire_rested":4,"item_purchase_floors":[4,4,13,20,20],"current_hp_per_floor":[57,37,37,37,37,15,34,16,16,35,41,41,41,34,34,29,62,46,31,31,31,23,44,8,29,29,29],"gold":92,"neow_bonus":"BOSS_RELIC","is_daily":false,"chose_seed":false,"campfire_upgraded":2,"win_rate":0.0,"timestamp":1608140900,"path_taken":["M","?","M","$","M","E","R","E","T","R","E","R","?","M","R","BOSS","M","M","$","M","M","R","E","R","T"],"items_purchased_type":["Potion","Card","Card","Card","Card"],"build_version":"2020-12-13","purchased_purges":2,"victory":false,"max_hp_per_floor":[66,66,66,66,66,66,66,66,66,66,73,73,73,73,73,73,73,73,73,73,73,73,73,73,73,73,73],"relic_stats":{"Blood Vial":0,"Busted Crown":10,"counters":[13,64],"CeramicFish":90,"Cursed Key":2,"obtain_stats":[{"Blood Vial":24,"HornCleat":6,"Busted Crown":17,"CeramicFish":8,"Strawberry":11,"Cursed Key":0,"Ring of the Snake":0},{"Blood Vial":13,"HornCleat":4,"Busted Crown":8,"CeramicFish":5,"Strawberry":6,"Cursed Key":0,"Ring of the Snake":0},{"Blood Vial":64,"HornCleat":14,"Busted Crown":44,"CeramicFish":24,"Strawberry":30,"Cursed Key":0,"Ring of the Snake":0}]},"card_choices":[{"not_picked":["Bane","Backflip"],"picked":"Choke","floor":1},{"not_picked":["Outmaneuver","PiercingWail"],"picked":"Quick Slash","floor":3},{"not_picked":["Bane","Poisoned Stab"],"picked":"Cloak And Dagger","floor":5},{"not_picked":["Dagger Throw","Heel Hook"],"picked":"Crippling Poison","floor":6},{"not_picked":["Well Laid Plans","Dagger Spray"],"picked":"Backstab","floor":8},{"not_picked":["PiercingWail","Cloak And Dagger"],"picked":"Terror","floor":11},{"not_picked":["Cloak And Dagger","Flying Knee"],"picked":"Calculated Gamble","floor":14},{"not_picked":["Tools of the Trade","Glass Knife"],"picked":"Corpse Explosion","floor":16},{"not_picked":["Underhanded Strike"],"picked":"SKIP","floor":18},{"not_picked":["Flying Knee"],"picked":"SKIP","floor":19},{"not_picked":["Poisoned Stab"],"picked":"SKIP","floor":21},{"not_picked":[],"picked":"Skewer+1","floor":22},{"not_picked":["Slice"],"picked":"SKIP","floor":24}],"player_experience":956434,"relics_obtained":[{"floor":6,"key":"HornCleat"},{"floor":8,"key":"CeramicFish"},{"floor":11,"key":"Strawberry"},{"floor":24,"key":"Blood Vial"}],"event_choices":[{"damage_healed":0,"gold_gain":0,"player_choice":"Entered Light","damage_taken":20,"max_hp_gain":0,"max_hp_loss":0,"event_name":"Shining Light","floor":2,"gold_loss":0,"cards_upgraded":["Strike_G","Defend_G"]}],"is_beta":false,"boss_relics":[{"not_picked":["Coffee Dripper","Velvet Choker"],"picked":"Busted Crown"}],"items_purged_floors":[13,20],"is_endless":false,"potions_floor_spawned":[3,6,11,21],"ascension_level":20}}