{"host":"m7ng6g84rp2fqrpe","time":1608102836,"event":{"mods":["Aspiration","BaseMod","Better Note","Better Third Choice","Colored Map","Colored Powertips","Hermit","Highlight Path","Minty Spire (QoL Compilation)","Rare Cards Sparkle","Spicy Shops","StSLib"],"gold_per_floor":[113,133,133,143,153,186,186,361,386,386,400,411,411,422,422,422,422],"floor_reached":16,"playtime":623,"items_purged":[],"score":104,"play_id":"6c196621-7672-4d83-8d96-d4caefc7f175","local_time":"20201216001356","is_ascension_mode":false,"campfire_choices":[{"data":"hermit:EternalForm","floor":7.0,"key":"SMITH"},{"data":"hermit:Combo","floor":10.0,"key":"SMITH"},{"data":"Trip","floor":13,"key":"SMITH"},{"floor":15,"key":"REST"}],"circlet_count":0,"master_deck":["hermit:Strike_Hermit","hermit:Strike_Hermit","hermit:Strike_Hermit","hermit:Strike_Hermit","hermit:Defend_Hermit","hermit:Defend_Hermit","hermit:Defend_Hermit","hermit:Defend_Hermit","hermit:Snapshot","hermit:Covet","hermit:CalledShot","hermit:TrackingShot","hermit:EternalForm+1","Trip+1","hermit:ItchyTrigger","hermit:Snipe","hermit:Combo+1","Doubt","hermit:Virtue","hermit:TakeAim","hermit:Dive"],"relics":["hermit:Momento","aspiration:Nostalgia","Burning Blood","Boot","aspiration:HiddenCompartment"],"acts_visited":["Exordium"],"potions_floor_usage":[16],"damage_taken":[{"damage":0.0,"enemies":"Small Slimes","floor":1.0,"turns":3.0},{"damage":1.0,"enemies":"Cultist","floor":2.0,"turns":4.0},{"damage":1.0,"enemies":"Jaw Worm","floor":4.0,"turns":3.0},{"damage":5.0,"enemies":"Looter","floor":5.0,"turns":2.0},{"damage":31.0,"enemies":"Lagavulin","floor":6.0,"turns":6.0},{"damage":21.0,"enemies":"Exordium Thugs","floor":11.0,"turns":4.0},{"damage":15,"enemies":"2 Fungi Beasts","floor":12,"turns":4},{"damage":22,"enemies":"Gremlin Gang","floor":14,"turns":5},{"damage":58,"enemies":"The Guardian","floor":16,"turns":8}],"seed_played":"-8234560626530061262","potions_obtained":[{"floor":2.0,"key":"GamblersBrew"},{"floor":5.0,"key":"LiquidMemories"},{"floor":6.0,"key":"FairyPotion"},{"floor":11.0,"key":"Dexterity Potion"}],"is_trial":false,"path_per_floor":["M","M","?","M","M","E","R","?","T","R","M","M","R","M","R","B"],"character_chosen":"HERMIT","items_purchased":[],"campfire_rested":1,"item_purchase_floors":[],"current_hp_per_floor":[75,75,75,75,75,50,50,50,50,50,35,26,26,10,32,0,0],"gold":422,"neow_bonus":"NOSTALGIA","is_daily":false,"chose_seed":false,"campfire_upgraded":3,"win_rate":0.0,"timestamp":1608102836,"path_taken":["M","M","?","?","M","E","R","?","T","R","M","M","R","M","R","BOSS"],"items_purchased_type":[],"build_version":"2020-12-13","purchased_purges":0,"victory":false,"max_hp_per_floor":[75,75,75,75,75,75,75,75,75,75,75,75,75,75,75,75,75],"card_choices":[{"not_picked":["hermit:WideOpen","hermit:Feint"],"picked":"hermit:CalledShot","floor":1.0},{"not_picked":["hermit:LowProfile","hermit:BlackWind"],"picked":"hermit:TrackingShot","floor":2.0},{"not_picked":["hermit:Roulette","hermit:BodyArmor"],"picked":"hermit:ItchyTrigger","floor":4.0},{"not_picked":["hermit:Manifest","hermit:Vantage"],"picked":"hermit:Snipe","floor":5.0},{"not_picked":["hermit:Snipe","hermit:Reprieve"],"picked":"hermit:Combo","floor":6.0},{"not_picked":["hermit:Quickdraw","hermit:WideOpen"],"picked":"hermit:Virtue","floor":11.0},{"not_picked":["hermit:Maintenance","hermit:Enervate"],"picked":"hermit:TakeAim","floor":12},{"not_picked":["hermit:DeadMansHand","hermit:Grudge"],"picked":"hermit:Dive","floor":14}],"player_experience":28961,"relics_obtained":[{"floor":6.0,"key":"Boot"},{"floor":9.0,"key":"aspiration:HiddenCompartment"}],"event_choices":[{"damage_healed":0.0,"max_hp_gain":0.0,"max_hp_loss":0.0,"gold_gain":0.0,"event_name":"Match and Keep!","player_choice":"2 cards matched","floor":3.0,"gold_loss":0.0,"damage_taken":0.0,"cards_obtained":["hermit:EternalForm","Trip"]},{"damage_healed":0.0,"max_hp_gain":0.0,"max_hp_loss":0.0,"gold_gain":175.0,"event_name":"betterThird:BetterSerpent","player_choice":"AGREE","floor":8.0,"gold_loss":0.0,"damage_taken":186.0}],"is_beta":false,"boss_relics":[],"items_purged_floors":[],"is_endless":false,"potions_floor_spawned":[2,5,6,11],"killed_by":"The Guardian","ascension_level":0}}