{"host":"h7xtspmc2x3i8s2i","time":1608163006,"event":{"mods":["2.2 Compatiblity","AchievementEnabler","Act Like it!","AlwaysNeverKeys","Ascension Reborn","Aspiration","Astrologer","BaseMod","Beaked The Cultist","Better Match","Better Sensory Stone","Better Third Choice","Better Vampires","BetterRewards","Challenge The Spire","Colored Map","Colored Powertips","Colorless Booster Pack","Curses Come First","Defuse TimeMaze Blight","Dio Mod","Downfall","Duelist Mod","EXCEPTION","Energized Spire","Friendly Minions","GifTheSpireLib","Gold Saver","Gremlin Skip","Halation","Hubris","Jedi Mod","Key Reminder","Marked Mod","Minty Spire (QoL Compilation)","Pale of the Ancients","Permanent Neow","Random Character Button","Random Character Mod","Rare Cards Sparkle","Relic Filter","Relic Stats","Replay The Spire","SacredBarkPlus","Shop Mod","Somnambulant","Spikes Relics","Spire Birthday Party","StSLib","Steal the Spire","Stuff the Spire","SuperFastMode","The Awakened One except there are too many feathers","The Blue Laboratory","The Cursed","The Death Knight","The Dragon Tamer","The Edgeheg","The Hierophant","The Problem Sleuth","The Wild Card","Transform Curses","Unceasing Turn Reminder","everything is the same but u backflip on backflip","slay the spire mod where everything is the same but ironclad has a cowboy hat","vexMod"],"gold_per_floor":[1166,1166,1166,1183,19,34,34,58,87,12,31,16,26,26,36,133,133,58,91,91,104,104,117,117,42,42,42,54,39,50,69,86,183,183,183,200,249,61,74,74,74,91,121,121,173,183,97,97,108,108,108],"floor_reached":50,"playtime":2233,"items_purged":["hexamod:Defend"],"score":567,"play_id":"17ba27ad-a004-43f5-8c11-9de4fd330695","local_time":"20201216185646","is_ascension_mode":true,"campfire_choices":[{"floor":1,"key":"RECALL"},{"data":"hexamod:SearingWound","floor":10,"key":"SMITH"},{"data":"Specialist","floor":18,"key":"SMITH"},{"data":"Sadistic Nature","floor":25,"key":"SMITH"},{"data":"hexamod:FlamesFromBeyond","floor":27,"key":"SMITH"},{"data":"hexamod:HeatShield","floor":35,"key":"SMITH"},{"floor":40,"key":"REST"},{"floor":44,"key":"REST"}],"circlet_count":0,"master_deck":["hexamod:Strike","hexamod:Strike","hexamod:Strike","hexamod:Defend","hexamod:Defend+1","hexamod:Defend","hexamod:Sear","hexamod:Float+1","hexamod:SearingWound+1","hexamod:CatchUp+1","hexamod:FlamesFromBeyond+1","Specialist+1","hexamod:HeatShield+1","hexamod:PhantomFireball+1","Sadistic Nature+1","hexamod:HeatMetal","hexamod:BurningTouch","hexamod:ThermalTransfer","hexamod:HeatMetal","hexamod:FlamesFromBeyond","hexamod:VolcanoVisage","hexamod:SpectralSpark","hexamod:PowerFromBeyond+1","hexamod:RainOfEmbers","hexamod:HeatMetal","hexamod:SearingWound","hexamod:RainOfEmbers","hexamod:ThermalTransfer","hexamod:SixthSeal","hexamod:HeatShield","hexamod:SpectralSpark+1","hexamod:BurningTouch+1","hexamod:ChargedBarrage","hexamod:BurningTouch+1","hexamod:ChargedBarrage+1","hexamod:PhantomFireball","hexamod:HeatShield+1","hexamod:Toasty","hexamod:ExtraCrispy","hexamod:ThermalTransfer","Dramatic Entrance","Finesse","hexamod:RadiantFlame+1"],"relics":["hexamod:SpiritBrand","StuffTheSpire:GrapeVine","aspiration:FrozenJewel","Toolbox","MerchantsRug","aspiration:ChemicalBlood","ReplayFunnel","downfall:HeartBlessingRed","aspiration:RandomNobGenerator","downfall:HeartBlessingGreen","SpikesRelics:ToyHorsey","Chameleon Ring","downfall:HeartBlessingBlue","hubris:Stopwatch","hexamod:SoulConsumer","Art of War","hubris:MysteriousPyramids","Ornamental Fan","hubris:GlazedTorus","aspiration:HiddenCompartment"],"acts_visited":["Exordium","TheCity","TheBeyond"],"potions_floor_usage":[15,15,19,23,28,30,32,33,33,33,36,37,37,38,43,46,46,49,50],"damage_taken":[{"damage":0,"enemies":"Jaw Worm","floor":4,"turns":3},{"damage":0,"enemies":"downfall:FleeingMerchant","floor":5,"turns":4},{"damage":0,"enemies":"Small Slimes","floor":6,"turns":3},{"damage":6,"enemies":"Replay:BlueRogue","floor":9,"turns":4},{"damage":0,"enemies":"2 Louse","floor":11,"turns":2},{"damage":7,"enemies":"downfall:FleeingMerchant","floor":12,"turns":4},{"damage":0,"enemies":"Large Slime","floor":13,"turns":3},{"damage":4,"enemies":"Exordium Thugs","floor":15,"turns":3},{"damage":5,"enemies":"downfall:Watcher","floor":16,"turns":5},{"damage":0,"enemies":"Slavers","floor":19,"turns":4},{"damage":0,"enemies":"Shell Parasite","floor":21,"turns":4},{"damage":2,"enemies":"Shelled Parasite and Fungi","floor":23,"turns":3},{"damage":0,"enemies":"3 Cultists","floor":28,"turns":3},{"damage":2,"enemies":"downfall:FleeingMerchant","floor":29,"turns":4},{"damage":13,"enemies":"Snake Plant","floor":30,"turns":3},{"damage":3,"enemies":"Centurion and Healer","floor":31,"turns":3},{"damage":3,"enemies":"Shelled Parasite and Fungi","floor":32,"turns":4},{"damage":43,"enemies":"downfall:Silent","floor":33,"turns":6},{"damage":0,"enemies":"3 Darklings","floor":36,"turns":3},{"damage":43,"enemies":"2 Orb Walkers","floor":37,"turns":6},{"damage":0,"enemies":"downfall:FleeingMerchant","floor":38,"turns":4},{"damage":0,"enemies":"Orb Walker","floor":39,"turns":2},{"damage":23,"enemies":"Jaw Worm Horde","floor":42,"turns":5},{"damage":20,"enemies":"Nemesis","floor":43,"turns":3},{"damage":0,"enemies":"3 Darklings","floor":46,"turns":4},{"damage":0,"enemies":"Transient","floor":49,"turns":5},{"damage":20,"enemies":"downfall:Ironclad","floor":50,"turns":4}],"seed_played":"-8662099942993237343","potions_obtained":[{"floor":6,"key":"Swift Potion"},{"floor":11,"key":"Regen Potion"},{"floor":21,"key":"PowerPotion"},{"floor":23,"key":"Milkshake"},{"floor":28,"key":"blueLaboratory:EnragingPotion"},{"floor":30,"key":"Milkshake"},{"floor":31,"key":"Swift Potion"},{"floor":37,"key":"Strength Potion"},{"floor":45,"key":"blueLaboratory:ImpenetrablePotion"},{"floor":46,"key":"PowerPotion"},{"floor":46,"key":"Explosive Potion"},{"floor":49,"key":"blueLaboratory:BottledHope"}],"is_trial":false,"path_per_floor":["R","?","?","M","$","M","T","T","E","R","M","$","M","?","M","B",null,"R","E","?","M","?","M","T","R","?","R","M","$","M","M","M","B",null,"R","M","?","$","M","R","T","M","E","R","?","M","$","?","M","B"],"character_chosen":"THE_SPIRIT","items_purchased":["Specialist","hexamod:HeatShield","hexamod:PhantomFireball","StuffTheSpire:GrapeVine","aspiration:FrozenJewel","Toolbox","MerchantsRug","Sadistic Nature","Art of War","hubris:MysteriousPyramids","hexamod:BurningTouch","hexamod:ChargedBarrage","hexamod:ExtraCrispy","hexamod:ThermalTransfer"],"campfire_rested":2,"item_purchase_floors":[5,5,5,5,5,5,5,5,38,38,38,38,47,47],"current_hp_per_floor":[70,70,70,70,70,70,70,70,64,64,64,57,57,57,62,57,70,70,70,57,57,69,67,67,77,77,77,77,75,62,59,56,13,79,79,79,36,36,36,59,59,36,16,39,20,20,20,20,20,0,0],"gold":108,"neow_bonus":"ONE_RANDOM_RARE_CARD","is_daily":false,"chose_seed":false,"campfire_upgraded":5,"win_rate":0.0,"timestamp":1608163006,"path_taken":["R","?","?","M","$","M","T","?","E","R","M","?","?","?","M","BOSS","R","E","?","M","?","M","T","R","?","R","M","$","?","M","M","BOSS","R","M","?","$","M","R","T","M","E","R","?","?","$","?","M","BOSS"],"items_purchased_type":["Card","Card","Card","Relic","Relic","Relic","Relic","Card","Relic","Relic","Card","Card","Card","Card"],"build_version":"2020-12-13","purchased_purges":1,"victory":false,"max_hp_per_floor":[70,70,70,70,70,70,70,70,70,70,70,70,70,70,70,70,70,70,70,75,75,69,69,69,79,79,79,79,79,79,79,79,79,79,79,79,79,79,79,79,79,79,79,79,79,79,79,79,79,79,79],"relic_stats":{"counters":[27,101],"Ornamental Fan":[16],"Art of War":[0],"obtain_stats":[{"ReplayFunnel":9,"MerchantsRug":5,"downfall:HeartBlessingRed":10,"downfall:HeartBlessingGreen":18,"StuffTheSpire:GrapeVine":5,"aspiration:RandomNobGenerator":17,"hubris:MysteriousPyramids":38,"aspiration:HiddenCompartment":45,"aspiration:FrozenJewel":5,"keyreminder:keyreminder":1,"SpikesRelics:ToyHorsey":19,"Chameleon Ring":24,"downfall:HeartBlessingBlue":25,"Ornamental Fan":41,"hubris:Stopwatch":34,"Toolbox":5,"Art of War":38,"hexamod:SoulConsumer":37,"hexamod:SpiritBrand":0,"aspiration:ChemicalBlood":8,"hubris:GlazedTorus":43},{"ReplayFunnel":4,"MerchantsRug":2,"downfall:HeartBlessingRed":4,"downfall:HeartBlessingGreen":9,"StuffTheSpire:GrapeVine":2,"aspiration:RandomNobGenerator":9,"hubris:MysteriousPyramids":21,"aspiration:HiddenCompartment":24,"aspiration:FrozenJewel":2,"keyreminder:keyreminder":0,"SpikesRelics:ToyHorsey":10,"Chameleon Ring":12,"downfall:HeartBlessingBlue":12,"Ornamental Fan":22,"hubris:Stopwatch":18,"Toolbox":2,"Art of War":21,"hexamod:SoulConsumer":20,"hexamod:SpiritBrand":0,"aspiration:ChemicalBlood":3,"hubris:GlazedTorus":24},{"ReplayFunnel":14,"MerchantsRug":7,"downfall:HeartBlessingRed":14,"downfall:HeartBlessingGreen":31,"StuffTheSpire:GrapeVine":7,"aspiration:RandomNobGenerator":31,"hubris:MysteriousPyramids":78,"aspiration:HiddenCompartment":88,"aspiration:FrozenJewel":7,"keyreminder:keyreminder":0,"SpikesRelics:ToyHorsey":35,"Chameleon Ring":42,"downfall:HeartBlessingBlue":42,"Ornamental Fan":80,"hubris:Stopwatch":65,"Toolbox":7,"Art of War":78,"hexamod:SoulConsumer":74,"hexamod:SpiritBrand":0,"aspiration:ChemicalBlood":10,"hubris:GlazedTorus":88}]},"card_choices":[{"not_picked":["hexamod:BacktrackSmack","hexamod:Again"],"picked":"hexamod:CatchUp","floor":4},{"not_picked":["hexamod:PhantomFireball","hexamod:AdvancingGuard"],"picked":"hexamod:FlamesFromBeyond","floor":5},{"not_picked":["hexamod:HauntingEcho","hexamod:GhostShield","hexamod:GhostLash"],"picked":"SKIP","floor":6},{"not_picked":["hexamod:RetreatToShadows","hexamod:ShieldOfDarkness"],"picked":"hexamod:HeatMetal","floor":9},{"not_picked":["hexamod:RainOfEmbers","hexamod:NightmareGuise"],"picked":"hexamod:BurningTouch","floor":11},{"not_picked":["hexamod:BacktrackSmack","hexamod:EmpoweredFlame"],"picked":"hexamod:ThermalTransfer","floor":12},{"not_picked":["hexamod:SuperheatedStrike","hexamod:Hexaguard"],"picked":"hexamod:HeatMetal","floor":13},{"not_picked":["hexamod:InspiringFlames","hexamod:GhostShield"],"picked":"hexamod:FlamesFromBeyond","floor":15},{"not_picked":["hexamod:CrushingStance","hexamod:ParanormalForm"],"picked":"hexamod:VolcanoVisage","floor":16},{"not_picked":["hexamod:Haunt","hexamod:GhostShield"],"picked":"hexamod:SpectralSpark","floor":19},{"not_picked":["hexamod:ShieldOfDarkness","hexamod:FastForward"],"picked":"hexamod:PowerFromBeyond+1","floor":21},{"not_picked":["hexamod:GhostLash+1","hexamod:SwordOfDarkness","hexamod:InspiringFlames"],"picked":"SKIP","floor":23},{"not_picked":["hexamod:PhantomCloak","hexamod:ShieldOfDarkness"],"picked":"hexamod:RainOfEmbers","floor":28},{"not_picked":["hexamod:RetreatToShadows","hexamod:FourthSeal"],"picked":"hexamod:HeatMetal","floor":29},{"not_picked":["hexamod:ShieldOfDarkness","hexamod:InspiringFlames"],"picked":"hexamod:SearingWound","floor":30},{"not_picked":["hexamod:FourthSeal","hexamod:NightmareStrike"],"picked":"hexamod:RainOfEmbers","floor":31},{"not_picked":["hexamod:Firestarter","hexamod:HeatCrush"],"picked":"hexamod:ThermalTransfer","floor":32},{"not_picked":["hexamod:CrushingStance","hexamod:TurnItUp"],"picked":"hexamod:SixthSeal","floor":33},{"not_picked":["hexamod:SwordOfDarkness","hexamod:HauntingEcho+1","hexamod:StepThrough"],"picked":"SKIP","floor":36},{"not_picked":["hexamod:GhostLash+1","hexamod:SwordOfDarkness+1"],"picked":"hexamod:HeatShield","floor":37},{"not_picked":["hexamod:SecondSeal","hexamod:RetreatToShadows"],"picked":"hexamod:SpectralSpark","floor":38},{"not_picked":["hexamod:HauntingEcho+1","hexamod:GhostShield"],"picked":"hexamod:BurningTouch+1","floor":39},{"not_picked":["hexamod:ShieldOfDarkness","hexamod:NightmareStrike","hexamod:PhantomCloak+1"],"picked":"SKIP","floor":42},{"not_picked":["hexamod:PhantomCloak+1","hexamod:RecurringNightmare+1"],"picked":"hexamod:ChargedBarrage+1","floor":43},{"not_picked":["hexamod:ShieldOfDarkness+1","hexamod:AdvancingGuard+1"],"picked":"hexamod:PhantomFireball","floor":45},{"not_picked":["hexamod:HauntingEcho","hexamod:ShieldOfDarkness+1"],"picked":"hexamod:HeatShield+1","floor":45},{"not_picked":["hexamod:HauntingEcho","hexamod:GhostShield"],"picked":"hexamod:Toasty","floor":46},{"not_picked":["Mind Blast","Sharp Hide"],"picked":"Dramatic Entrance","floor":48},{"not_picked":["Chrysalis","Poisoned Strike"],"picked":"Finesse","floor":48},{"not_picked":["hexamod:HauntingEcho","hexamod:DynamicBlow+1"],"picked":"hexamod:RadiantFlame+1","floor":49}],"player_experience":489076,"relics_obtained":[{"floor":8,"key":"aspiration:ChemicalBlood"},{"floor":9,"key":"ReplayFunnel"},{"floor":19,"key":"SpikesRelics:ToyHorsey"},{"floor":24,"key":"Chameleon Ring"},{"floor":37,"key":"hexamod:SoulConsumer"},{"floor":41,"key":"Ornamental Fan"},{"floor":43,"key":"hubris:GlazedTorus"},{"floor":45,"key":"aspiration:HiddenCompartment"}],"event_choices":[{"cards_removed":["hexamod:Strike"],"damage_healed":0,"gold_gain":0,"player_choice":"Card Removal","damage_taken":0,"max_hp_gain":0,"max_hp_loss":0,"event_name":"The Cleric","floor":3,"gold_loss":0},{"damage_healed":0,"gold_gain":0,"player_choice":"Got Potions","damage_taken":0,"max_hp_gain":0,"max_hp_loss":0,"event_name":"Lab","floor":14,"gold_loss":0},{"damage_healed":0,"gold_gain":0,"player_choice":"Fight","damage_taken":0,"max_hp_gain":0,"max_hp_loss":0,"event_name":"Mysterious Sphere","floor":37,"gold_loss":0},{"damage_healed":0,"gold_gain":3,"player_choice":"1","damage_taken":0,"max_hp_gain":0,"max_hp_loss":0,"event_name":"betterStone:BetterStone","floor":48,"gold_loss":0}],"is_beta":false,"boss_relics":[{"not_picked":["Abe\u0027s Treasure","StuffTheSpire:Kangaroo"],"picked":"aspiration:RandomNobGenerator"},{"not_picked":["Snecko Eye","Kintsugi"],"picked":"hubris:Stopwatch"}],"items_purged_floors":[5],"is_endless":false,"potions_floor_spawned":[6,11,15,21,23,28,31,37,46,49],"killed_by":"downfall:Ironclad","ascension_level":0}}