{"host":"utqe55yv0jihe4d6","time":1608155208,"event":{"mods":["2.2 Compatiblity","AchievementEnabler","BaseMod","Block Reminder","Colored Map","Colored Powertips","Minty Spire (QoL Compilation)","Quick Restart","Rare Cards Sparkle","Relic Stats","SuperFastMode"],"gold_per_floor":[115,115,133,18,34,34,61,61,108,118,146,163,188,188,188,188,188],"floor_reached":16,"playtime":490,"items_purged":["Strike_G"],"score":240,"play_id":"d58c979e-6491-402b-b9ab-66cf860530a9","local_time":"20201216164648","is_ascension_mode":true,"campfire_choices":[{"data":"Skewer","floor":6,"key":"SMITH"},{"data":"Envenom","floor":8,"key":"SMITH"},{"data":"Infinite Blades","floor":15,"key":"SMITH"}],"circlet_count":0,"master_deck":["AscendersBane","Strike_G","Strike_G","Strike_G","Strike_G","Defend_G","Defend_G","Defend_G","Defend_G","Defend_G","Survivor","Neutralize","Envenom+1","Quick Slash","Skewer+1","Noxious Fumes","Dagger Spray","Predator","Calculated Gamble","Infinite Blades+1","Cloak And Dagger+1","Tools of the Trade"],"relics":["Ring of the Snake","Dead Branch","Mango","Vajra","Toxic Egg 2","Tiny Chest"],"acts_visited":["Exordium"],"potions_floor_usage":[13],"damage_taken":[{"damage":4,"enemies":"Cultist","floor":1,"turns":5},{"damage":0,"enemies":"Small Slimes","floor":3,"turns":4},{"damage":4,"enemies":"Jaw Worm","floor":5,"turns":4},{"damage":32,"enemies":"Gremlin Nob","floor":7,"turns":4},{"damage":4,"enemies":"Exordium Wildlife","floor":10,"turns":4},{"damage":14,"enemies":"Lagavulin","floor":11,"turns":6},{"damage":0,"enemies":"Looter","floor":12,"turns":3},{"damage":9,"enemies":"Gremlin Nob","floor":13,"turns":4},{"damage":38,"enemies":"Slime Boss","floor":16,"turns":3}],"seed_played":"35503024431204606","potions_obtained":[{"floor":5,"key":"SmokeBomb"},{"floor":10,"key":"DistilledChaos"}],"is_trial":false,"path_per_floor":["M","T","M","$","M","R","E","R","T","M","E","M","E","?","R","B"],"character_chosen":"THE_SILENT","items_purchased":["Noxious Fumes"],"campfire_rested":0,"item_purchase_floors":[4],"current_hp_per_floor":[55,55,55,55,51,51,33,33,33,29,15,15,6,6,6,0,0],"gold":188,"neow_bonus":"ONE_RANDOM_RARE_CARD","is_daily":false,"chose_seed":false,"campfire_upgraded":3,"win_rate":0.0,"timestamp":1608155208,"path_taken":["M","?","M","$","M","R","E","R","T","M","E","M","E","?","R","BOSS"],"items_purchased_type":["Card"],"build_version":"2020-12-13","purchased_purges":1,"victory":false,"max_hp_per_floor":[66,66,66,66,66,66,80,80,80,80,80,80,80,80,80,80,80],"relic_stats":{"counters":[9,37],"Dead Branch":[19],"Tiny Chest":0,"obtain_stats":[{"Dead Branch":2,"Vajra":9,"Mango":7,"Tiny Chest":13,"Toxic Egg 2":11,"Ring of the Snake":0},{"Dead Branch":1,"Vajra":4,"Mango":4,"Tiny Chest":8,"Toxic Egg 2":6,"Ring of the Snake":0},{"Dead Branch":5,"Vajra":17,"Mango":17,"Tiny Chest":34,"Toxic Egg 2":27,"Ring of the Snake":0}],"Ring of the Snake":[18]},"card_choices":[{"not_picked":["Underhanded Strike","Backflip"],"picked":"Quick Slash","floor":1},{"not_picked":["Backflip","Cloak And Dagger"],"picked":"Skewer","floor":3},{"not_picked":["Sucker Punch","Prepared"],"picked":"Dagger Spray","floor":5},{"not_picked":["Calculated Gamble","Finisher"],"picked":"Predator","floor":7},{"not_picked":["Accuracy","Outmaneuver"],"picked":"Calculated Gamble","floor":10},{"not_picked":["Heel Hook","All Out Attack"],"picked":"Infinite Blades","floor":11},{"not_picked":["Deadly Poison+1","Underhanded Strike"],"picked":"Cloak And Dagger+1","floor":12},{"not_picked":["Predator","Slice"],"picked":"Tools of the Trade","floor":13}],"player_experience":2770149,"relics_obtained":[{"floor":2,"key":"Dead Branch"},{"floor":7,"key":"Mango"},{"floor":9,"key":"Vajra"},{"floor":11,"key":"Toxic Egg 2"},{"floor":13,"key":"Tiny Chest"}],"event_choices":[{"damage_healed":0,"gold_gain":0,"player_choice":"0 cards matched","damage_taken":0,"max_hp_gain":0,"max_hp_loss":0,"event_name":"Match and Keep!","floor":14,"gold_loss":0,"cards_obtained":[]}],"is_beta":false,"boss_relics":[],"items_purged_floors":[4],"is_endless":false,"potions_floor_spawned":[5,10],"killed_by":"Slime Boss","ascension_level":20}}