{"host":"2hea6pl5vmah38iy","time":1608116429,"event":{"mods":["AchievementEnabler","BaseMod","Colored Map","DeckTracker","Keyboard Shortcuts","Minty Spire (QoL Compilation)","Rare Cards Sparkle","StSLib","SuperFastMode","everything is the same but u backflip on backflip"],"gold_per_floor":[112,112,62,62,79,109,125,155,155,155,171,171,46,73,73,148,148,167,167,184,198,209,234,234,234],"floor_reached":24,"playtime":783,"items_purged":[],"score":497,"play_id":"08d31884-9dcc-4ac8-bf68-07048635555d","local_time":"20201216200029","is_ascension_mode":true,"campfire_choices":[{"data":"Eruption","floor":10.0,"key":"SMITH"},{"floor":12.0,"key":"REST"},{"data":"CrushJoints","floor":15.0,"key":"SMITH"}],"circlet_count":0,"master_deck":["AscendersBane","Strike_P+1","Strike_P","Strike_P","Defend_P","Defend_P","Defend_P","Eruption+1","Vigilance","FlurryOfBlows","ReachHeaven+1","Tantrum","FlurryOfBlows","Halt","CrushJoints+1","MentalFortress+1","EmptyFist","Blasphemy","Decay","ClearTheMind+1","FlurryOfBlows"],"relics":["PureWater","NeowsBlessing","Pen Nib","Frozen Egg 2","Potion Belt","Bag of Preparation","SlaversCollar","Dream Catcher"],"acts_visited":["Exordium","TheCity"],"potions_floor_usage":[],"damage_taken":[{"damage":0.0,"enemies":"Jaw Worm","floor":1.0,"turns":1.0},{"damage":0.0,"enemies":"Small Slimes","floor":5.0,"turns":1.0},{"damage":0.0,"enemies":"Gremlin Nob","floor":6.0,"turns":1.0},{"damage":0.0,"enemies":"2 Louse","floor":7.0,"turns":2.0},{"damage":17.0,"enemies":"Lagavulin","floor":8.0,"turns":5.0},{"damage":17.0,"enemies":"Looter","floor":11.0,"turns":2.0},{"damage":0.0,"enemies":"Slime Boss","floor":16.0,"turns":2.0},{"damage":0.0,"enemies":"3 Byrds","floor":18.0,"turns":3.0},{"damage":6.0,"enemies":"Chosen","floor":20.0,"turns":3.0},{"damage":0.0,"enemies":"3 Cultists","floor":21.0,"turns":3.0},{"damage":0.0,"enemies":"Centurion and Healer","floor":22.0,"turns":2.0},{"damage":15.0,"enemies":"Gremlin Leader","floor":23.0,"turns":3.0},{"damage":15,"enemies":"Snake Plant","floor":24,"turns":3}],"seed_played":"8892238756475841072","potions_obtained":[{"floor":7.0,"key":"Weak Potion"},{"floor":11.0,"key":"BottledMiracle"},{"floor":16.0,"key":"StancePotion"},{"floor":21.0,"key":"Ancient Potion"}],"is_trial":false,"path_per_floor":["M","?","?","?","M","E","M","E","T","R","M","R","$","T","R","B",null,"M","?","M","M","M","E","M"],"character_chosen":"WATCHER","items_purchased":["MentalFortress+1","EmptyFist"],"campfire_rested":1,"item_purchase_floors":[13,13],"current_hp_per_floor":[65,65,65,51,51,51,51,34,34,34,17,38,38,38,38,38,64,64,64,58,58,58,43,28,28],"gold":234,"neow_bonus":"THREE_ENEMY_KILL","is_daily":false,"chose_seed":false,"campfire_upgraded":2,"win_rate":0.0,"timestamp":1608116429,"path_taken":["M","?","?","?","M","E","M","E","T","R","M","R","?","?","R","BOSS","M","?","M","M","M","E","?"],"items_purchased_type":["Card","Card"],"build_version":"2020-12-13","purchased_purges":0,"victory":false,"max_hp_per_floor":[72,72,72,72,72,72,72,72,72,72,72,72,72,72,72,72,72,72,72,72,72,72,72,72,72],"card_choices":[{"not_picked":["CrushJoints","DeceiveReality"],"picked":"FlurryOfBlows","floor":1.0},{"not_picked":["WindmillStrike","PathToVictory"],"picked":"Tantrum","floor":5.0},{"not_picked":["Wallop","ReachHeaven","WreathOfFlame"],"picked":"SKIP","floor":6.0},{"not_picked":["Indignation","FearNoEvil"],"picked":"FlurryOfBlows","floor":7.0},{"not_picked":["Weave","JustLucky"],"picked":"Halt","floor":8.0},{"not_picked":["BattleHymn+1","ThirdEye"],"picked":"CrushJoints","floor":11.0},{"not_picked":["Brilliance","Vault"],"picked":"Blasphemy","floor":16.0},{"not_picked":["TalkToTheHand+1","WreathOfFlame","Evaluate"],"picked":"SKIP","floor":18.0},{"not_picked":["Wireheading+1","CutThroughFate","Swivel"],"picked":"SKIP","floor":20.0},{"not_picked":["JustLucky","DeceiveReality"],"picked":"ClearTheMind+1","floor":21.0},{"not_picked":["FollowUp","Evaluate"],"picked":"FlurryOfBlows","floor":22.0},{"not_picked":["Crescendo+1","Wallop","JustLucky+1"],"picked":"SKIP","floor":23.0}],"player_experience":421671,"relics_obtained":[{"floor":6.0,"key":"Pen Nib"},{"floor":8.0,"key":"Frozen Egg 2"},{"floor":9.0,"key":"Potion Belt"},{"floor":14.0,"key":"Bag of Preparation"},{"floor":23.0,"key":"Dream Catcher"}],"event_choices":[{"damage_healed":0.0,"max_hp_gain":0.0,"max_hp_loss":0.0,"gold_gain":0.0,"cards_transformed":["Defend_P"],"event_name":"Living Wall","player_choice":"Change","floor":2.0,"gold_loss":0.0,"damage_taken":0.0,"cards_obtained":["ReachHeaven"]},{"cards_removed":["Strike_P"],"damage_healed":0.0,"max_hp_gain":0.0,"max_hp_loss":0.0,"gold_gain":0.0,"event_name":"The Cleric","player_choice":"Card Removal","floor":3.0,"gold_loss":50.0,"damage_taken":0.0},{"damage_healed":0.0,"max_hp_gain":0.0,"max_hp_loss":0.0,"gold_gain":0.0,"event_name":"Shining Light","player_choice":"Entered Light","floor":4.0,"gold_loss":0.0,"damage_taken":14.0,"cards_upgraded":["ReachHeaven","Strike_P"]},{"damage_healed":0.0,"max_hp_gain":0.0,"max_hp_loss":0.0,"gold_gain":0.0,"event_name":"Wheel of Change","player_choice":"Cursed","floor":19.0,"gold_loss":0.0,"damage_taken":0.0,"cards_obtained":["Decay"]}],"is_beta":false,"boss_relics":[{"not_picked":["Velvet Choker","Ectoplasm"],"picked":"SlaversCollar"}],"items_purged_floors":[],"is_endless":false,"potions_floor_spawned":[7,11,16,21],"killed_by":"Snake Plant","ascension_level":13}}