{"host":"684z1xpuwaoqmmh1","time":1608144582,"event":{"mods":["Bard","BaseMod","Downfall","Hermit","Jorbs\u0027s Wanderer Trilogy","Marisa????????","Minty Spire (QoL Compilation)","StSLib","The Hierophant","The Mystic","The Runesmith"],"gold_per_floor":[99,99,99,131,56,56,56,56,71,98,117,132,132,80,95,196,196,121,137,137,171,189,207,207,223,148,179,179,199,234,244,254,254,254],"floor_reached":33,"playtime":1180,"items_purged":["Regret"],"score":528,"play_id":"be90e839-035a-4a93-9238-b276b591218a","local_time":"20201216204942","is_ascension_mode":true,"campfire_choices":[{"floor":1,"key":"RECALL"},{"data":"champ:Taunt","floor":6,"key":"SMITH"},{"data":"champ:SwordThrow","floor":8,"key":"SMITH"},{"data":"champ:HeavySlash","floor":18,"key":"SMITH"},{"data":"champ:PerfectForm","floor":26,"key":"SMITH"}],"circlet_count":0,"master_deck":["champ:Strike","champ:Strike","champ:Strike","champ:Strike","champ:Defend","champ:Defend","champ:Defend","champ:Defend","champ:Execute","champ:Taunt+1","champ:RisingSlash","champ:FanOfKnives","champ:SwordThrow+1","champ:Encircle","champ:LastStand","champ:EndlessRage","champ:BringItOn","champ:Backstep","champ:CalledShot","champ:AdrenalArmor","champ:HeavySlash+1","champ:RecklessLeap","champ:PerfectForm+1","champ:FocusedBerserking+1","champ:Balance","champ:Backstep","champ:FlashCut"],"relics":["champ:ChampionCrown","downfall:HeartsMalice","Mummified Hand","Matryoshka","Omamori","Pear","Mercury Hourglass","Pen Nib","Busted Crown","downfall:HeartBlessingRed","Runesmith:Locket","Kunai","downfall:HeartBlessingBlue","Peace Pipe","Red Mask"],"acts_visited":["Exordium","TheCity"],"potions_floor_usage":[15,16,21,31],"damage_taken":[{"damage":0,"enemies":"Cultist","floor":2,"turns":1},{"damage":0,"enemies":"Lagavulin","floor":4,"turns":1},{"damage":0,"enemies":"downfall:FleeingMerchant","floor":5,"turns":1},{"damage":0,"enemies":"2 Louse","floor":9,"turns":1},{"damage":16,"enemies":"Gremlin Nob","floor":10,"turns":3},{"damage":2,"enemies":"Small Slimes","floor":11,"turns":2},{"damage":9,"enemies":"3 Louse","floor":12,"turns":2},{"damage":15,"enemies":"downfall:FleeingMerchant","floor":14,"turns":4},{"damage":15,"enemies":"2 Fungi Beasts","floor":15,"turns":2},{"damage":29,"enemies":"downfall:Defect","floor":16,"turns":5},{"damage":7,"enemies":"Chosen","floor":19,"turns":3},{"damage":39,"enemies":"Slavers","floor":21,"turns":4},{"damage":10,"enemies":"3 Byrds","floor":22,"turns":3},{"damage":25,"enemies":"Snake Plant","floor":23,"turns":4},{"damage":28,"enemies":"Snecko","floor":25,"turns":4},{"damage":33,"enemies":"Gremlin Leader","floor":27,"turns":5},{"damage":14,"enemies":"Centurion and Healer","floor":29,"turns":2},{"damage":11,"enemies":"Masked Bandits","floor":30,"turns":2},{"damage":13,"enemies":"Shelled Parasite and Fungi","floor":31,"turns":5},{"damage":35,"enemies":"Snake Plant","floor":32,"turns":2},{"damage":38,"enemies":"downfall:Silent","floor":33,"turns":2}],"seed_played":"4563297259879428289","potions_obtained":[{"floor":10,"key":"SpeedPotion"},{"floor":11,"key":"Dexterity Potion"},{"floor":12,"key":"ColorlessPotion"},{"floor":15,"key":"Explosive Potion"},{"floor":16,"key":"Fire Potion"},{"floor":25,"key":"champ:CounterPotion"},{"floor":29,"key":"Regen Potion"},{"floor":31,"key":"champ:TechniquePotion"}],"is_trial":false,"path_per_floor":["R","M","?","E","$","R","T","R","M","E","M","M","?","$","M","B",null,"R","M","?","E","M","M","T","M","R","E","?","M","?","M","M","B"],"character_chosen":"THE_CHAMP","items_purchased":["champ:CalledShot"],"campfire_rested":0,"item_purchase_floors":[14],"current_hp_per_floor":[81,81,81,81,81,81,91,91,91,84,84,75,50,47,33,14,79,79,76,76,63,60,54,54,45,55,57,34,38,38,47,31,0,0],"gold":254,"neow_bonus":"THREE_ENEMY_KILL","is_daily":false,"chose_seed":false,"campfire_upgraded":4,"win_rate":0.0,"timestamp":1608144582,"path_taken":["R","M","?","E","$","R","T","R","M","E","M","M","?","$","M","BOSS","R","M","?","E","M","?","T","M","R","E","?","M","?","M","M","BOSS"],"items_purchased_type":["Card"],"build_version":"2020-12-13","purchased_purges":1,"victory":false,"max_hp_per_floor":[90,90,90,90,90,90,100,100,100,100,100,100,100,100,100,100,100,100,100,100,100,100,100,100,100,110,110,115,115,115,115,115,115,115],"card_choices":[{"not_picked":["champ:Backstep","champ:TornadoPunch"],"picked":"champ:RisingSlash","floor":2},{"not_picked":["champ:Riposte","champ:BladeFlurry"],"picked":"champ:FanOfKnives","floor":4},{"not_picked":["champ:BerserkersShout","champ:CrookedStrike"],"picked":"champ:SwordThrow","floor":5},{"not_picked":["champ:ShieldSigil","champ:EnragedBash"],"picked":"champ:Encircle","floor":9},{"not_picked":["champ:DefensiveShout","champ:FanOfKnives"],"picked":"champ:LastStand","floor":10},{"not_picked":["champ:FaceSlap","champ:TornadoPunch"],"picked":"champ:EndlessRage","floor":11},{"not_picked":["champ:BladeFlurry","champ:CrookedStrike"],"picked":"champ:BringItOn","floor":12},{"not_picked":["champ:FlashCut","champ:BerserkersShout"],"picked":"champ:Backstep","floor":14},{"not_picked":["champ:BerserkersShout","champ:Encircle"],"picked":"champ:AdrenalArmor","floor":15},{"not_picked":["champ:LastStand","champ:MurderStrike"],"picked":"champ:HeavySlash","floor":16},{"not_picked":["champ:TornadoPunch"],"picked":"SKIP","floor":19},{"not_picked":[],"picked":"champ:FocusedBerserking+1","floor":21},{"not_picked":["champ:FocusedDefense"],"picked":"SKIP","floor":22},{"not_picked":["champ:GladiatorsShout"],"picked":"SKIP","floor":23},{"not_picked":["champ:TornadoPunch"],"picked":"SKIP","floor":25},{"not_picked":[],"picked":"champ:Balance","floor":27},{"not_picked":[],"picked":"champ:Backstep","floor":29},{"not_picked":[],"picked":"champ:FlashCut","floor":30},{"not_picked":["champ:FalseCounter"],"picked":"SKIP","floor":31},{"not_picked":["champ:FlashCut+1"],"picked":"SKIP","floor":32}],"player_experience":2334865,"relics_obtained":[{"floor":4,"key":"Matryoshka"},{"floor":7,"key":"Omamori"},{"floor":7,"key":"Pear"},{"floor":10,"key":"Mercury Hourglass"},{"floor":21,"key":"Runesmith:Locket"},{"floor":24,"key":"Kunai"},{"floor":27,"key":"Peace Pipe"},{"floor":30,"key":"Red Mask"}],"event_choices":[{"damage_healed":0,"gold_gain":0,"player_choice":"Box","damage_taken":0,"relics_obtained":["Mummified Hand"],"max_hp_gain":0,"max_hp_loss":0,"event_name":"Big Fish","floor":3,"gold_loss":0,"cards_obtained":["Regret"]},{"damage_healed":0,"gold_gain":0,"player_choice":"Success","damage_taken":25,"relics_obtained":["Pen Nib"],"max_hp_gain":0,"max_hp_loss":0,"event_name":"Scrap Ooze","floor":13,"gold_loss":0},{"damage_healed":0,"gold_gain":0,"player_choice":"Fought Bandits","damage_taken":0,"max_hp_gain":0,"max_hp_loss":0,"event_name":"Masked Bandits","floor":30,"gold_loss":0}],"is_beta":false,"boss_relics":[{"not_picked":["Black Star","champ:ChampionCrownUpgraded"],"picked":"Busted Crown"}],"items_purged_floors":[5],"is_endless":false,"potions_floor_spawned":[10,11,12,15,16,25,27,29,31,32],"killed_by":"downfall:Silent","ascension_level":9}}