{"host":"5tnmlfm2arf82kze","time":1608111205,"event":{"mods":["Act Like it!","BaseMod","CapriCore","Colored Powertips","Downfall","Gensokyo","Lobotomy","LobotomyExtend","Minty Spire (QoL Compilation)","MostiFishMod","Replay The Spire","RumiaBox-露米娅的神秘盒子","Shop Mod","Spicy Shops","StSLib","Waifu the Spire","【功能Mod】聪明的最终Boss"],"gold_per_floor":[99,99,119,139,172,184,257,290,290,322,342,181,99,167,182,288,288,156,183,183,216,216,232,232,225,192,224,243,274,274,292,310,436,436,436,484,300,300,300,336,336,381,399,442,455,471,45,55,72,72,72,72,119,2,2,2],"floor_reached":57,"playtime":6899,"items_purged":["Delirium"],"score":1608,"play_id":"4d63e1c2-b1f4-4dbf-8536-1e59951ca995","local_time":"20201216173325","is_ascension_mode":true,"campfire_choices":[{"floor":9.0,"key":"RECALL"},{"data":"hexamod:FastForward","floor":20.0,"key":"SMITH"},{"data":"hexamod:TimeWarp","floor":35.0,"key":"SMITH"},{"data":"hexamod:EmpoweringStance","floor":39.0,"key":"SMITH"},{"floor":55.0,"key":"DIG"}],"circlet_count":0,"master_deck":["hexamod:Strike","hexamod:Defend","hexamod:Defend","hexamod:Defend","hexamod:Defend","hexamod:Sear","hexamod:Float","Parasite","hexamod:NecessarySacrifice","hexamod:DynamicBlow","hexamod:HauntingEcho","hexamod:EmpoweringStance+1","hexamod:ExtraCrispy","hexamod:ThermalTransfer+1","hexamod:RecurringNightmare","hexamod:EmpoweredFlame","hexamod:StepThrough","hexamod:StepThrough","hexamod:TimeWarp+1","hexamod:FastForward+1","hexamod:WildfireWeapon","hexamod:FifthSeal","hexamod:SpectersWail+1","hexamod:InspiringFlames","hexamod:FirstSeal","hexamod:GhostflameBarrier","hexamod:RecurringNightmare","hexamod:StepThrough","hexamod:WildfireWeapon","hexamod:RainOfEmbers+1","hexamod:SearingWound","hexamod:NightmareGuise+1","hexamod:PowerFromBeyond","hexamod:FifthSeal","hexamod:SearingWound+1","hexamod:InspiringFlames+1","hexamod:FifthSeal","hexamod:SecondSeal","hexamod:CatchUp+1","hexamod:AdvancingGuard+1","hexamod:SecondSeal","hexamod:FirstSeal","hexamod:HexaLevel+1","hexamod:TurnItUp+1","hexamod:FastForward+1","hexamod:SecondSeal","hexamod:FourthSeal","hexamod:FourthSeal","hexamod:ThirdSeal","hexamod:ThirdSeal","hexamod:FirstSeal","hexamod:ThirdSeal","hexamod:FourthSeal","hexamod:SwordOfDarkness","hexamod:WildfireWeapon+1","hexamod:HexaLevel+1","Amnesia","hexamod:UnleashSpirits+1","hexamod:GhostLash+1","hexamod:Again+1","hexamod:GiftsFromTheDead+1","hexamod:SpectersWail+1","hexamod:ChargedBarrage+1","hexamod:GhostOfSpireFuture+1","hexamod:ParanormalForm+1","hexamod:FirstSeal","hexamod:ThermalTransfer+1","hexamod:RecurringNightmare+1","hexamod:HeatMetal","hexamod:ThermalTransfer+1","Parasite","hexamod:Hexaguard+1","hexamod:ShieldOfDarkness+1","hexamod:PowerFromBeyond","hexamod:TimeOfNeed+1","hexamod:ThermalTransfer+1","hexamod:HexaLevel+1","hexamod:BurningTouch+1","hexamod:SoulSteal"],"relics":["hexamod:SpiritBrand","DaveBox","RhineSuit","Gremlin Food","GodSword4","Tiny Chest","Potion Belt","TungstenRod","ImportantClient","Coffee Dripper","downfall:HeartBlessingBlue","downfall:HeartBlessingRed","downfall:HeartBlessingGreen","Orichalcum","GodSword5","Guardian:GemstoneGun","BrkXgEgg","DaCapo","Kintsugi","hexamod:TheBrokenSeal","Torii","ClockworkSouvenir","Oddly Smooth Stone","Replay:WaspNest","Replay:Mystery Machine","Bottled Lightning","ReplayFunnel","Toy Ornithopter","Replay:Multitool","TimeFreeze","Iron Hammer"],"acts_visited":["Exordium","TheCity","TheBeyond","TheEnding"],"potions_floor_usage":[56,56,56,56,56,56],"damage_taken":[{"damage":0.0,"enemies":"2 Louse","floor":3.0,"turns":2.0},{"damage":0.0,"enemies":"Cultist","floor":4.0,"turns":3.0},{"damage":5.0,"enemies":"Gremlin Nob","floor":5.0,"turns":3.0},{"damage":0.0,"enemies":"Small Slimes","floor":6.0,"turns":3.0},{"damage":3.0,"enemies":"3 Sentries","floor":8.0,"turns":6.0},{"damage":0.0,"enemies":"Gremlin Nob","floor":10.0,"turns":4.0},{"damage":0.0,"enemies":"3 Louse","floor":11.0,"turns":3.0},{"damage":10.0,"enemies":"downfall:FleeingMerchant","floor":12.0,"turns":4.0},{"damage":3.0,"enemies":"downfall:FleeingMerchant","floor":13.0,"turns":4.0},{"damage":0.0,"enemies":"Blue Slaver","floor":15.0,"turns":2.0},{"damage":8.0,"enemies":"downfall:Silent","floor":16.0,"turns":7.0},{"damage":3.0,"enemies":"Chosen","floor":19.0,"turns":4.0},{"damage":4.0,"enemies":"Gremlin Leader","floor":21.0,"turns":7.0},{"damage":6.0,"enemies":"Snake Plant","floor":23.0,"turns":3.0},{"damage":13.0,"enemies":"downfall:FleeingMerchant","floor":25.0,"turns":4.0},{"damage":15.0,"enemies":"downfall:FleeingMerchant","floor":26.0,"turns":3.0},{"damage":0.0,"enemies":"Replay:Snechameleon","floor":27.0,"turns":3.0},{"damage":0.0,"enemies":"Centurion and Healer","floor":28.0,"turns":7.0},{"damage":13.0,"enemies":"Sentry and Sphere","floor":29.0,"turns":7.0},{"damage":0.0,"enemies":"Snecko","floor":31.0,"turns":6.0},{"damage":7.0,"enemies":"Shelled Parasite and Fungi","floor":32.0,"turns":5.0},{"damage":23.0,"enemies":"downfall:Defect","floor":33.0,"turns":8.0},{"damage":5.0,"enemies":"Nemesis","floor":36.0,"turns":9.0},{"damage":15.0,"enemies":"3 Darklings","floor":40.0,"turns":6.0},{"damage":12.0,"enemies":"Giant Head","floor":42.0,"turns":8.0},{"damage":0.0,"enemies":"Orb Walker","floor":43.0,"turns":3.0},{"damage":40.0,"enemies":"Nemesis","floor":44.0,"turns":7.0},{"damage":12.0,"enemies":"Writhing Mass","floor":45.0,"turns":4.0},{"damage":0.0,"enemies":"Spire Growth","floor":46.0,"turns":4.0},{"damage":0.0,"enemies":"4 Shapes","floor":48.0,"turns":3.0},{"damage":25.0,"enemies":"Jaw Worm Horde","floor":49.0,"turns":5.0},{"damage":0.0,"enemies":"downfall:Watcher","floor":50.0,"turns":7.0},{"damage":104.0,"enemies":"downfall:CharBossMerchant","floor":53.0,"turns":9.0},{"damage":30,"enemies":"downfall:NeowBoss","floor":56,"turns":18}],"seed_played":"-5163827454481651007","potions_obtained":[{"floor":2.0,"key":"downfall:CursedFountainPotion"},{"floor":5.0,"key":"Adrenaline Potion"},{"floor":6.0,"key":"champ:CounterPotion"},{"floor":8.0,"key":"Guardian:BlockOnCardUsePotion"},{"floor":12.0,"key":"Block Potion"},{"floor":13.0,"key":"Block Potion"},{"floor":16.0,"key":"Death Potion"},{"floor":19.0,"key":"Venom Potion"},{"floor":22.0,"key":"CultistPotion"},{"floor":25.0,"key":"SmokeBomb"},{"floor":28.0,"key":"CultistPotion"},{"floor":42.0,"key":"Venom Potion"},{"floor":45.0,"key":"hexamod:EctoCoolerPotion"},{"floor":49.0,"key":"LiquidMemories"},{"floor":53.0,"key":"Death Potion"},{"floor":53.0,"key":"EntropicBrew"}],"is_trial":false,"path_per_floor":["R","?","M","M","E","M","T","E","R","E","M","$","$","T","M","B",null,"R","M","R","E","?","M","T","$","$","E","M","M","?","M","M","B",null,"R","E","$","T","R","M","T","E","M","E","M","M","$","M","M","B",null,null,"E","$","R","B",null],"character_chosen":"THE_SPIRIT","items_purchased":["TungstenRod","hexamod:SecondSeal","hexamod:FirstSeal","Guardian:GemstoneGun","BrkXgEgg","ClockworkSouvenir","ReplayFunnel","Toy Ornithopter","FairyPotion","hexamod:TimeOfNeed+1","TimeFreeze"],"campfire_rested":0,"item_purchase_floors":[12,12,13,26,26,37,47,47,47,47,54],"current_hp_per_floor":[84,84,84,84,79,79,79,76,76,76,76,66,63,63,70,69,84,94,91,91,94,94,88,88,75,68,68,85,80,80,94,94,94,94,94,104,104,104,104,104,104,104,104,90,95,103,103,104,79,87,87,104,23,23,23,64],"gold":2,"neow_bonus":"TWENTY_PERCENT_HP_BONUS","is_daily":false,"chose_seed":false,"campfire_upgraded":3,"win_rate":0.0,"timestamp":1608111205,"path_taken":["R","?","M","M","E","M","T","E","R","E","M","$","$","?","M","BOSS","R","M","R","E","?","M","T","$","$","E","M","M","?","M","M","BOSS","R","E","$","?","R","M","T","E","M","E","M","M","$","M","M","BOSS","E","$","R","BOSS"],"items_purchased_type":["Relic","Card","Card","Relic","Relic","Relic","Relic","Relic","Potion","Card","Relic"],"build_version":"2020-12-13","purchased_purges":1,"victory":true,"max_hp_per_floor":[84,84,84,84,84,84,84,84,84,84,84,84,84,84,84,84,84,94,94,94,94,94,94,94,94,94,94,94,94,94,94,94,94,94,94,104,104,104,104,104,104,104,104,104,104,104,104,104,104,104,104,104,104,104,104,104],"card_choices":[{"not_picked":["hexamod:ThermalTransfer","hexamod:SpectersWail"],"picked":"hexamod:DynamicBlow","floor":3.0},{"not_picked":["hexamod:Hexaguard","hexamod:SwordOfDarkness"],"picked":"hexamod:HauntingEcho","floor":4.0},{"not_picked":["hexamod:SwordOfDarkness","hexamod:Incineration"],"picked":"hexamod:EmpoweringStance","floor":5.0},{"not_picked":["hexamod:ThermalTransfer","hexamod:FlamesFromBeyond"],"picked":"hexamod:FourthSeal","floor":6.0},{"not_picked":["hexamod:PowerFromBeyond","hexamod:Hexaguard"],"picked":"hexamod:ExtraCrispy","floor":8.0},{"not_picked":["hexamod:InspiringFlames","hexamod:PhantomCloak"],"picked":"hexamod:ThirdSeal","floor":10.0},{"not_picked":["hexamod:NightmareStrike","hexamod:AdvancingGuard"],"picked":"hexamod:ThermalTransfer","floor":11.0},{"not_picked":["hexamod:NightmareGuise","hexamod:AdvancingGuard"],"picked":"hexamod:RecurringNightmare","floor":11.0},{"not_picked":["hexamod:HeatMetal","hexamod:NightmareStrike"],"picked":"hexamod:EmpoweredFlame","floor":12.0},{"not_picked":["hexamod:BacktrackSmack","hexamod:Firestarter"],"picked":"hexamod:StepThrough","floor":12.0},{"not_picked":["hexamod:SpectersWail","hexamod:HauntingEcho"],"picked":"hexamod:StepThrough","floor":13.0},{"not_picked":["hexamod:Incineration","hexamod:HeatCrush"],"picked":"hexamod:TimeWarp","floor":13.0},{"not_picked":["hexamod:GhostShield","hexamod:PhantomFireball"],"picked":"hexamod:FastForward","floor":15.0},{"not_picked":["hexamod:EmpoweringStance","hexamod:TimeWarp"],"picked":"hexamod:WildfireWeapon","floor":16.0},{"not_picked":["hexamod:VolcanoVisage","hexamod:WildfireWeapon"],"picked":"hexamod:FifthSeal","floor":16.0},{"not_picked":["hexamod:ThirdSeal","hexamod:FourthSeal"],"picked":"hexamod:FifthSeal","floor":19.0},{"not_picked":["hexamod:BacktrackSmack","hexamod:AdvancingGuard"],"picked":"hexamod:SpectersWail+1","floor":19.0},{"not_picked":["hexamod:ShieldOfDarkness","hexamod:SwordOfDarkness"],"picked":"hexamod:InspiringFlames","floor":19.0},{"not_picked":["hexamod:FourthSeal","hexamod:SecondSeal"],"picked":"hexamod:FirstSeal","floor":21.0},{"not_picked":["hexamod:BurningTouch","hexamod:Firestarter+1"],"picked":"hexamod:GhostflameBarrier","floor":21.0},{"not_picked":["hexamod:Firestarter","hexamod:Rewind"],"picked":"hexamod:RecurringNightmare","floor":21.0},{"not_picked":["hexamod:InspiringFlames","hexamod:DynamicBlow"],"picked":"hexamod:StepThrough","floor":23.0},{"not_picked":["hexamod:ThermalTransfer","hexamod:FastForward+1"],"picked":"hexamod:WildfireWeapon","floor":23.0},{"not_picked":["hexamod:FastForward","hexamod:GhostOfSpirePresent+1"],"picked":"hexamod:RainOfEmbers+1","floor":25.0},{"not_picked":["hexamod:ShieldOfDarkness+1","hexamod:NightmareStrike"],"picked":"hexamod:SearingWound","floor":25.0},{"not_picked":["hexamod:RadiantFlame","hexamod:Firestarter"],"picked":"hexamod:NightmareGuise+1","floor":26.0},{"not_picked":["hexamod:ThermalTransfer","hexamod:ShieldOfDarkness"],"picked":"hexamod:PowerFromBeyond","floor":26.0},{"not_picked":["hexamod:FourthSeal","hexamod:SecondSeal"],"picked":"hexamod:FifthSeal","floor":27.0},{"not_picked":["hexamod:GhostOfSpirePresent","hexamod:HauntingEcho"],"picked":"hexamod:SearingWound+1","floor":27.0},{"not_picked":["hexamod:NightmareGuise","hexamod:SwordOfDarkness"],"picked":"hexamod:InspiringFlames+1","floor":27.0},{"not_picked":["hexamod:FourthSeal","hexamod:SecondSeal"],"picked":"hexamod:FifthSeal","floor":28.0},{"not_picked":["hexamod:FirstSeal","hexamod:ThirdSeal"],"picked":"hexamod:FifthSeal","floor":28.0},{"not_picked":["hexamod:ThirdSeal","hexamod:FourthSeal"],"picked":"hexamod:SecondSeal","floor":28.0},{"not_picked":["hexamod:NightmareGuise+1","hexamod:DynamicBlow"],"picked":"hexamod:CatchUp+1","floor":28.0},{"not_picked":["hexamod:GhostLash","hexamod:PhantomCloak"],"picked":"hexamod:AdvancingGuard+1","floor":28.0},{"not_picked":["hexamod:ThirdSeal","hexamod:FourthSeal"],"picked":"hexamod:SecondSeal","floor":29.0},{"not_picked":["hexamod:ThirdSeal","hexamod:FourthSeal"],"picked":"hexamod:FirstSeal","floor":29.0},{"not_picked":["hexamod:FirstSeal","hexamod:FourthSeal"],"picked":"hexamod:FifthSeal","floor":29.0},{"not_picked":["hexamod:ThirdSeal","hexamod:FourthSeal"],"picked":"hexamod:FifthSeal","floor":29.0},{"not_picked":["hexamod:NightmareStrike","hexamod:Haunt"],"picked":"hexamod:HexaLevel+1","floor":29.0},{"not_picked":["hexamod:EmpoweredFlame","hexamod:HeatCrush"],"picked":"hexamod:TurnItUp+1","floor":31.0},{"not_picked":["hexamod:BurningTouch","hexamod:Hexaguard"],"picked":"hexamod:FastForward+1","floor":31.0},{"not_picked":["hexamod:ThirdSeal","hexamod:FifthSeal"],"picked":"hexamod:SecondSeal","floor":31.0},{"not_picked":["hexamod:ThirdSeal","hexamod:FirstSeal"],"picked":"hexamod:FourthSeal","floor":31.0},{"not_picked":["hexamod:FifthSeal","hexamod:FirstSeal"],"picked":"hexamod:FourthSeal","floor":31.0},{"not_picked":["hexamod:FifthSeal","hexamod:SecondSeal"],"picked":"hexamod:ThirdSeal","floor":31.0},{"not_picked":["hexamod:FirstSeal","hexamod:FourthSeal"],"picked":"hexamod:ThirdSeal","floor":31.0},{"not_picked":["hexamod:SecondSeal","hexamod:FifthSeal"],"picked":"hexamod:FirstSeal","floor":31.0},{"not_picked":["hexamod:SecondSeal","hexamod:FifthSeal"],"picked":"hexamod:ThirdSeal","floor":32.0},{"not_picked":["hexamod:SecondSeal","hexamod:FifthSeal"],"picked":"hexamod:FourthSeal","floor":32.0},{"not_picked":["hexamod:AdvancingGuard","hexamod:SkipABeat"],"picked":"hexamod:SwordOfDarkness","floor":32.0},{"not_picked":["hexamod:ThirdSeal","hexamod:FirstSeal","hexamod:FourthSeal"],"picked":"SKIP","floor":32.0},{"not_picked":["hexamod:TimeWarp+1","hexamod:GhostflameInferno+1"],"picked":"hexamod:SixthSeal","floor":33.0},{"not_picked":["hexamod:TimeOfNeed+1","hexamod:EmpoweringStance+1"],"picked":"hexamod:WildfireWeapon+1","floor":33.0},{"not_picked":["hexamod:CrushingStance+1","hexamod:SearingWound+1"],"picked":"hexamod:HexaLevel+1","floor":33.0},{"not_picked":["hexamod:GhostShield","hexamod:AdvancingGuard+1"],"picked":"hexamod:UnleashSpirits+1","floor":36.0},{"not_picked":["hexamod:Hexaguard","hexamod:ShieldOfDarkness"],"picked":"hexamod:GhostLash+1","floor":36.0},{"not_picked":["hexamod:PhantomFireball","hexamod:GhostShield"],"picked":"hexamod:Again+1","floor":36.0},{"not_picked":["hexamod:FastForward","hexamod:CatchUp+1"],"picked":"hexamod:GiftsFromTheDead+1","floor":36.0},{"not_picked":["hexamod:ExtraCrispy+1","hexamod:NightmareStrike+1"],"picked":"hexamod:SpectersWail+1","floor":40.0},{"not_picked":["hexamod:BurningTouch+1","hexamod:SpectralAdrenaline+1"],"picked":"hexamod:ChargedBarrage+1","floor":40.0},{"not_picked":["hexamod:HeatMetal","hexamod:HauntingEcho"],"picked":"hexamod:GhostOfSpireFuture+1","floor":40.0},{"not_picked":["hexamod:FastForward+1","hexamod:GhostShield"],"picked":"hexamod:ParanormalForm+1","floor":42.0},{"not_picked":["hexamod:FifthSeal","hexamod:ThirdSeal"],"picked":"hexamod:FirstSeal","floor":42.0},{"not_picked":["hexamod:StepThrough","hexamod:Firestarter"],"picked":"hexamod:ThermalTransfer+1","floor":42.0},{"not_picked":["hexamod:SpectersWail+1","hexamod:RetreatToShadows"],"picked":"hexamod:RecurringNightmare+1","floor":43.0},{"not_picked":["hexamod:SecondSeal","hexamod:PowerFromBeyond"],"picked":"hexamod:HeatMetal","floor":44.0},{"not_picked":["hexamod:BacktrackSmack","hexamod:FirstSeal"],"picked":"hexamod:ThermalTransfer+1","floor":44.0},{"not_picked":["hexamod:FastForward","hexamod:SwordOfDarkness"],"picked":"hexamod:Hexaguard+1","floor":45.0},{"not_picked":["hexamod:Firestarter+1","hexamod:PhantomFireball"],"picked":"hexamod:ShieldOfDarkness+1","floor":46.0},{"not_picked":["hexamod:ExtraCrispy","hexamod:ThirdSeal"],"picked":"hexamod:PowerFromBeyond","floor":46.0},{"not_picked":["hexamod:NightmareGuise","hexamod:SwordOfDarkness","hexamod:ShieldOfDarkness"],"picked":"SKIP","floor":46.0},{"not_picked":["hexamod:RainOfEmbers+1","hexamod:BacktrackSmack"],"picked":"hexamod:ThermalTransfer+1","floor":48.0},{"not_picked":["hexamod:PowerFromBeyond","hexamod:NightmareGuise"],"picked":"hexamod:HexaLevel+1","floor":48.0},{"not_picked":["hexamod:Firestarter+1","hexamod:RainOfEmbers+1"],"picked":"hexamod:BurningTouch+1","floor":49.0},{"not_picked":["hexamod:Again+1","hexamod:FirstSeal"],"picked":"hexamod:SoulSteal","floor":53.0},{"not_picked":["hexamod:FirstSeal","hexamod:ThirdSeal","hexamod:FourthSeal"],"picked":"SKIP","floor":53.0}],"player_experience":155508,"relics_obtained":[{"floor":5.0,"key":"Gremlin Food"},{"floor":7.0,"key":"GodSword4"},{"floor":8.0,"key":"Tiny Chest"},{"floor":10.0,"key":"Potion Belt"},{"floor":16.0,"key":"ImportantClient"},{"floor":21.0,"key":"Orichalcum"},{"floor":24.0,"key":"GodSword5"},{"floor":27.0,"key":"DaCapo"},{"floor":36.0,"key":"Torii"},{"floor":38.0,"key":"Oddly Smooth Stone"},{"floor":41.0,"key":"Replay:WaspNest"},{"floor":42.0,"key":"Replay:Mystery Machine"},{"floor":44.0,"key":"Bottled Lightning"},{"floor":53.0,"key":"Replay:Multitool"},{"floor":55.0,"key":"Iron Hammer"}],"event_choices":[],"is_beta":false,"boss_relics":[{"not_picked":["BirthdayGift-Icosahedron","FixedStarFall"],"picked":"Coffee Dripper"},{"not_picked":["GuanYuAspect","EasyGame_NEW"],"picked":"Kintsugi"}],"items_purged_floors":[37],"is_endless":false,"potions_floor_spawned":[5,6,8,43,45,46,49],"ascension_level":1}}