{"host":"qg654vxoo1kzp6cj","time":1608135961,"event":{"mods":["2.2 Compatiblity","Act Like it!","Aspiration","BaseMod","Better Altar","Better Skull","Better Third Choice","Better Vampires","Conspire","Dio Mod","Displayed Cursed Tome","Dota2Spire","Downfall","Elementarium","Gensokyo","GifTheSpireLib","Hallownest","Hermit","Hubris","Ironclad Rager","Jedi Mod","KinomotoSakuraMod(????)","Melee Mod","Menagerie","Minty Spire (QoL Compilation)","MostiFishMod","Pale of the Ancients","Permanent Neow","Replay The Spire","Retaliation","Robot Space Explorer","Shade Mod","Spicy Shops","Spikes Relics","StSLib","Strawberry Spire","Stuff the Spire","The Alterego","The Animator","The Blackbeard","The Bug Knight","The Death Knight","The Druid","The Forsaken","The Kombatant","The Runesmith","The Senshi","The Wild Card","TheHero","TheVelvet","Trackpad","Waifu the Spire","Wandering Minibosses","WarShipGirlsR/????R mod","vexMod"],"gold_per_floor":[110,35,35,10,562,562,593,593,593,619,638,669,681,706,706,801,801,814,829,533,582,582,616,616,641,692,708,725,218,138,173,173,277,277,292,44,64,64,64,64],"floor_reached":39,"playtime":3134,"items_purged":["Decay"],"score":767,"play_id":"56289647-da33-4ba7-b918-e8fc42b702fb","local_time":"20201216112601","is_ascension_mode":true,"campfire_choices":[{"floor":6,"key":"REST"},{"floor":8,"key":"REST"},{"floor":15,"key":"RECALL"}],"circlet_count":0,"master_deck":["animeID:Deku","animeID:Bakugo","animeID:Smash","animeID:Smash","animeID:Smash","animeID:Smash","animeID:DefendMH","animeID:DefendMH","animeID:DefendMH","animeID:ShootStyle","Hallownest:skillGreenpathMap","animeID:DetroitSmash","animeID:TetsuTetsu","animeID:Tamaki","animeID:MirioTogata+1","animeID:Mina","animeID:Hatsume","animeID:DetroitSmash+1","animeID:DelawareSmash","animeID:Momo","animeID:DelawareSmash+1","Ghostly Armor","Flex","animeID:Kirishima","animeID:DetroitDelaware","Hallownest:skillCityofTearsMap","Disarm","animeID:Eri","animeID:Kendo","animeID:Smash","animeID:Smash"],"relics":["animeID:HeroCostume","DaveBox","SentryEyes","aspiration:Nostalgia","alterego_mod:MasochisticConstitution","Question Card","hubris:BottledRain","StuffTheSpire:Rhapsscallions","Replay:Bottled Steam","StuffTheSpire:MayFlowers","StuffTheSpire:Barrel","trackpad:ByrdBGone","ImportantClient","ShadowXiaoBlade","strawberrySpire:MawJerky","Pet Ghost","hubris:DisguiseKit","Bronze Scales","vexMod:PaidLearning","trackpad:DisasterInABottle","ChiLing","Chi","Ling","conspire:DeflatedDodgeball","Hallownest:NailmastersGloryRelic","PatriotShield","hubris:Potato"],"acts_visited":["Exordium","Hallownest:Greenpath","Hallownest:CityofTears"],"potions_floor_usage":[16,23],"damage_taken":[{"damage":0,"enemies":"Hallownest:2_Baldur","floor":1,"turns":2},{"damage":1,"enemies":"Hallownest:eliteVengeflyKing","floor":7,"turns":4},{"damage":6,"enemies":"Hallownest:eliteCrystalGuardian","floor":10,"turns":5},{"damage":1,"enemies":"Hallownest:2_Tiktiks_and_1_Crawlid","floor":11,"turns":2},{"damage":0,"enemies":"Hallownest:eliteMossKnight","floor":12,"turns":8},{"damage":7,"enemies":"2_ Uuma","floor":13,"turns":2},{"damage":0,"enemies":"Hallownest:eliteVengeflyKing","floor":14,"turns":4},{"damage":18,"enemies":"Hallownest:BossFalseKnight","floor":16,"turns":10},{"damage":0,"enemies":"Hallownest:Flukemon_and_Top","floor":18,"turns":3},{"damage":1,"enemies":"Hallownest:2_Mistakes","floor":19,"turns":3},{"damage":24,"enemies":"Hallownest:Glutton_and_Coward","floor":21,"turns":2},{"damage":4,"enemies":"Hallownest:eliteWatcherKnight","floor":23,"turns":8},{"damage":0,"enemies":"Hallownest:Nosk","floor":25,"turns":4},{"damage":9,"enemies":"Hallownest:2_Husk_Sentries","floor":27,"turns":3},{"damage":0,"enemies":"Hallownest:Master_and_Novice","floor":28,"turns":2},{"damage":2,"enemies":"Hallownest:eliteSoulWarrior","floor":31,"turns":4},{"damage":3,"enemies":"Hallownest:BossMantisLord","floor":33,"turns":4},{"damage":1,"enemies":"Hallownest:2_Littles","floor":35,"turns":1},{"damage":0,"enemies":"Hallownest:Shield_Heavy","floor":37,"turns":2}],"seed_played":"4034257150811392092","potions_obtained":[{"floor":11,"key":"Doom Potion"},{"floor":14,"key":"Fire Potion"},{"floor":16,"key":"FearPotion"},{"floor":21,"key":"SpeedPotion"},{"floor":23,"key":"DDmod:CleansePotion"},{"floor":28,"key":"Adrenaline Potion"}],"is_trial":false,"path_per_floor":["M","?","$","?","?","R","E","R","T","E","M","E","M","E","R","B",null,"M","M","$","M","?","E","?","E","T","M","M","$","?","E","R","B",null,"M","$","M","?","?"],"character_chosen":"THE_HERO","items_purchased":["strawberrySpire:MawJerky","animeID:Momo","Pet Ghost","animeID:DetroitDelaware","vexMod:PaidLearning","trackpad:DisasterInABottle","ChiLing","hubris:Potato"],"campfire_rested":2,"item_purchase_floors":[20,20,20,29,29,29,29,36],"current_hp_per_floor":[75,75,75,75,29,51,58,81,81,76,76,83,77,79,79,72,85,85,85,85,64,73,82,82,90,90,84,86,86,86,89,89,89,103,103,103,104,104,0,0],"gold":64,"neow_bonus":"NOSTALGIA","is_daily":false,"chose_seed":false,"campfire_upgraded":0,"win_rate":0.0,"timestamp":1608135961,"path_taken":["M","?","?","?","?","R","E","R","T","E","?","E","M","E","R","BOSS","M","M","$","?","?","E","?","E","T","?","M","$","?","E","R","BOSS","M","?","M","?","?"],"items_purchased_type":["Relic","Card","Relic","Card","Relic","Relic","Relic","Relic"],"build_version":"2020-12-13","purchased_purges":1,"victory":false,"max_hp_per_floor":[75,75,75,75,75,75,81,81,81,82,83,83,84,84,84,85,85,85,86,86,87,87,92,92,96,96,97,97,97,97,102,102,103,103,104,104,104,104,104,104],"card_choices":[{"not_picked":["animeID:Tsuyu","animeID:Kaminari"],"picked":"animeID:ShootStyle","floor":1},{"not_picked":["animeID:SkinnyGum","animeID:Aoyama","animeID:Ojiro"],"picked":"animeID:DetroitSmash","floor":7},{"not_picked":["animeID:Aoyama","animeID:NightEye","animeID:Kirishima"],"picked":"animeID:TetsuTetsu","floor":10},{"not_picked":["animeID:Momo","animeID:GentleCriminal","animeID:Rei"],"picked":"animeID:Tamaki","floor":11},{"not_picked":["animeID:RedRiot","animeID:Kirishima","animeID:PresentMic"],"picked":"animeID:MirioTogata","floor":12},{"not_picked":["animeID:GentleCriminal","animeID:Kurono","animeID:Mineta"],"picked":"animeID:Mina","floor":13},{"not_picked":["animeID:Cementoss","animeID:Bakugo","animeID:Tsuyu"],"picked":"animeID:Hatsume","floor":14},{"not_picked":["animeID:Chisaki","animeID:AllForOne","animeID:ProminenceBurn"],"picked":"animeID:MirioTogata","floor":16},{"not_picked":["animeID:MtLady","animeID:Mezo","animeID:Mineta"],"picked":"animeID:DetroitSmash+1","floor":18},{"not_picked":["animeID:Dabi","animeID:GranTorino","animeID:Aoyama"],"picked":"animeID:DelawareSmash","floor":19},{"not_picked":["animeID:Aoyama","animeID:Kaminari","animeID:Nomu"],"picked":"animeID:DelawareSmash+1","floor":21},{"not_picked":["animeID:Bakugo","animeID:Thirteen+1","animeID:Twice+1"],"picked":"animeID:HowitzerImpact","floor":23},{"not_picked":["animeID:Tsuyu+1","animeID:Tomura+1","animeID:Mineta+1","animeID:ToruHagakure"],"picked":"Ghostly Armor","floor":25},{"not_picked":["animeID:Shigaraki","animeID:ToruHagakure","animeID:ShootStyle","animeID:TodorokiShoto+1"],"picked":"Flex","floor":27},{"not_picked":["animeID:Momo+1","animeID:Tsuyu","animeID:Nomu","strawberrySpire:Taunt"],"picked":"animeID:Kirishima","floor":28},{"not_picked":["animeID:DelawareSmash","animeID:Cementoss","animeID:Mezo","animeID:Momo"],"picked":"Disarm","floor":31},{"not_picked":["animeID:AllForOne","animeID:PresentMic","animeID:Endeavor","hubris:StunningStrike"],"picked":"animeID:Eri","floor":33},{"not_picked":["animeID:Tomura+1","animeID:Mezo","animeID:SkinnyGum","animeID:DetroitSmash","Ghostly Armor"],"picked":"SKIP","floor":35},{"not_picked":["animeID:Tomura+1","animeID:Aoyama","animeID:Tsuyu","DDmod:CallousedSkill"],"picked":"animeID:Kendo","floor":37}],"player_experience":922326,"relics_obtained":[{"floor":1,"key":"Question Card"},{"floor":7,"key":"StuffTheSpire:Rhapsscallions"},{"floor":9,"key":"Replay:Bottled Steam"},{"floor":10,"key":"StuffTheSpire:MayFlowers"},{"floor":12,"key":"StuffTheSpire:Barrel"},{"floor":14,"key":"trackpad:ByrdBGone"},{"floor":16,"key":"ImportantClient"},{"floor":23,"key":"hubris:DisguiseKit"},{"floor":25,"key":"Bronze Scales"},{"floor":31,"key":"conspire:DeflatedDodgeball"}],"event_choices":[{"damage_healed":0,"gold_gain":552,"player_choice":"GO GO GO GO GO ","damage_taken":51,"relics_obtained":[],"max_hp_gain":0,"max_hp_loss":0,"event_name":"betterSkull:BetterSkull","floor":5,"gold_loss":0,"cards_upgraded":[]},{"damage_healed":0,"gold_gain":0,"player_choice":"Leave","damage_taken":0,"max_hp_gain":0,"max_hp_loss":0,"event_name":"conspire:Investor","floor":24,"gold_loss":0}],"is_beta":false,"boss_relics":[{"not_picked":["SlaversCollar","Busted Crown"],"picked":"ShadowXiaoBlade"},{"not_picked":["TakeMeEscape","xbg"],"picked":"PatriotShield"}],"items_purged_floors":[20],"is_endless":false,"potions_floor_spawned":[11,14,16,21,23,28],"ascension_level":2}}