{"host":"qqjv58wfhopf6ysa","time":1608126556,"event":{"mods":["AchievementEnabler","Aspiration","BaseMod","Conspire","Hubris","Infinite Spire","Minty Spire (QoL Compilation)","Permanent Neow","Quick Restart","Replay The Spire","StSLib","SuperFastMode","vexMod"],"gold_per_floor":[110,126,126,140,151,151,151,151,151,151,170,22,36,70,70,173,173,184,195,213,213,213,213,247,247,247,280,294,71,71,71,11,116,116,128,141,20,31,31,31,41,41,41,60,72,122,122,122],"floor_reached":47,"playtime":1547,"items_purged":["Defend_G","Strike_G","Strike_G"],"score":492,"play_id":"5f2eb783-442c-4ec7-8b56-aefeb29e7ae3","local_time":"20201216224916","is_ascension_mode":false,"campfire_choices":[{"floor":6,"key":"REST"},{"floor":15,"key":"REST"},{"floor":23,"key":"REST"},{"floor":40,"key":"REST"}],"circlet_count":0,"master_deck":["Strike_G","Strike_G","Strike_G+1","Defend_G+1","Defend_G","Defend_G","Defend_G","Survivor","Neutralize","Dagger Spray","Dagger Throw+1","Tactician","Cloak And Dagger+1","Cloak And Dagger","Dagger Throw","Acrobatics","ReplayTheSpireMod:Shiv Toss","Calculated Gamble","Pommel Strike+1","hubris:DuctTapeCard","Hidden Blade+1","Footwork","Envenom","Infinite Blades","Infinite Blades","conspire:DoublingDagger"],"relics":["Fusion Hammer","infinitespire:EmpoweringShard","Happy Flower","Philosopher\u0027s Stone","Cauldron","Whetstone","conspire:InfiniteJournal","hubris:DuctTape","aspiration:ChemicalBlood","infinitespire:Lucky Rock","aspiration:SecretTechniqueScroll","Ice Cream","Question Card","vexMod:RedPlottingStone"],"acts_visited":["Exordium","TheCity","TheBeyond"],"potions_floor_usage":[14,38,41,46,47],"damage_taken":[{"damage":0,"enemies":"conspire:RoseBush","floor":1,"turns":3},{"damage":16,"enemies":"infinitespire:Voidling","floor":2,"turns":4},{"damage":0,"enemies":"Small Slimes","floor":4,"turns":2},{"damage":0,"enemies":"2 Fungi Beasts","floor":5,"turns":3},{"damage":0,"enemies":"Large Slime","floor":11,"turns":4},{"damage":0,"enemies":"Blue Slaver","floor":13,"turns":3},{"damage":0,"enemies":"3 Sentries","floor":14,"turns":6},{"damage":37,"enemies":"Fading Forest","floor":16,"turns":11},{"damage":5,"enemies":"Shell Parasite","floor":18,"turns":4},{"damage":7,"enemies":"2 Thieves","floor":19,"turns":4},{"damage":10,"enemies":"conspire:HollyBat","floor":20,"turns":7},{"damage":8,"enemies":"Nightmare","floor":24,"turns":8},{"damage":5,"enemies":"Book of Stabbing","floor":27,"turns":5},{"damage":0,"enemies":"Centurion and Healer","floor":28,"turns":5},{"damage":36,"enemies":"hubris:MusketHawk","floor":33,"turns":7},{"damage":27,"enemies":"3 Darklings","floor":35,"turns":4},{"damage":5,"enemies":"Orb Walker","floor":36,"turns":3},{"damage":11,"enemies":"Maw","floor":38,"turns":6},{"damage":12,"enemies":"Spire Growth","floor":41,"turns":4},{"damage":0,"enemies":"Jaw Worm Horde","floor":44,"turns":4},{"damage":17,"enemies":"Sphere and 2 Shapes","floor":45,"turns":5},{"damage":0,"enemies":"Mind Bloom Boss Battle","floor":46,"turns":4},{"damage":19,"enemies":"Nightmare","floor":47,"turns":5}],"seed_played":"-7856101752163701094","potions_obtained":[{"floor":1,"key":"Energy Potion"},{"floor":4,"key":"Energy Potion"},{"floor":13,"key":"PowerPotion"},{"floor":18,"key":"CunningPotion"},{"floor":21,"key":"infinitespire:BlackPotion"},{"floor":38,"key":"EssenceOfSteel"}],"is_trial":false,"path_per_floor":["M","M","?","M","M","R","?","?","T","?","M","$","M","E","R","B",null,"M","M","M","AVR","?","R","NM","?","T","E","M","$","?","$","R","B",null,"M","M","$","M","AVR","R","M","?","T","M","M","?","NM"],"character_chosen":"THE_SILENT","items_purchased":["Cloak And Dagger","Dagger Throw","infinitespire:Lucky Rock","Footwork","Infinite Blades","conspire:DoublingDagger"],"campfire_rested":4,"item_purchase_floors":[12,12,29,29,37,37],"current_hp_per_floor":[70,61,61,61,61,70,70,70,70,56,56,56,56,56,70,33,70,65,58,48,48,48,69,61,61,61,56,56,56,56,56,56,20,70,43,38,38,27,27,48,36,36,36,36,19,19,0,0],"gold":122,"neow_bonus":"BOSS_RELIC","is_daily":false,"chose_seed":false,"campfire_upgraded":0,"win_rate":0.0,"timestamp":1608126556,"path_taken":["M","M","?","?","M","R","?","?","T","?","M","?","?","E","R","BOSS","M","M","M","AVR","?","R","NM","?","T","E","M","$","?","$","R","BOSS","M","M","$","M","AVR","R","M","?","T","M","M","?","NM"],"items_purchased_type":["Card","Card","Relic","Card","Card","Card"],"build_version":"2020-12-13","purchased_purges":3,"victory":false,"max_hp_per_floor":[70,70,70,70,70,70,70,70,70,70,70,70,70,70,70,70,70,70,70,70,70,70,70,70,70,70,70,70,70,70,70,70,70,70,70,70,70,70,70,70,70,70,70,70,70,70,70,70],"card_choices":[{"not_picked":["Quick Slash","Flechettes"],"picked":"Dagger Spray","floor":1},{"not_picked":["PiercingWail","Backflip"],"picked":"Dagger Throw","floor":2},{"not_picked":["Prepared","hubris:SlightOfHand"],"picked":"Tactician","floor":4},{"not_picked":["Eviscerate","Blade Dance"],"picked":"Cloak And Dagger","floor":5},{"not_picked":["Dodge and Roll","Outmaneuver","Noxious Fumes"],"picked":"SKIP","floor":11},{"not_picked":["ReplayTheSpireMod:Necrosis","Distraction"],"picked":"Acrobatics","floor":13},{"not_picked":["Sneak Up","Outmaneuver","Deadly Poison"],"picked":"SKIP","floor":14},{"not_picked":["Venomology","Glass Knife"],"picked":"After Image","floor":16},{"not_picked":["Endless Agony","Choke"],"picked":"ReplayTheSpireMod:Shiv Toss","floor":18},{"not_picked":["Underhanded Strike","Flying Knee"],"picked":"Calculated Gamble","floor":19},{"not_picked":["Bane","Dagger Spray+1","Acrobatics+1"],"picked":"SKIP","floor":20},{"not_picked":["infinitespire:FutureSight","infinitespire:FinalStrike"],"picked":"infinitespire:NeuralNetwork","floor":24},{"not_picked":["Draining Mist","Concentrate","Outmaneuver"],"picked":"SKIP","floor":24},{"not_picked":["Backflip","Slice","Deadly Poison"],"picked":"SKIP","floor":27},{"not_picked":["Flying Knee","Bouncing Flask"],"picked":"Hidden Blade+1","floor":28},{"not_picked":["Adrenaline","Tools of the Trade"],"picked":"Envenom","floor":33},{"not_picked":["Deadly Poison","Slice","Dagger Spray+1"],"picked":"SKIP","floor":35},{"not_picked":["Bane+1","Glass Knife","Hidden Blade+1"],"picked":"SKIP","floor":36},{"not_picked":["Flying Knee","Deflect","Blade Dance+1"],"picked":"SKIP","floor":38},{"not_picked":["Flying Knee","Deflect","Blade Dance+1"],"picked":"SKIP","floor":38},{"not_picked":["Wraith Form v2","Deflect+1","hubris:SlightOfHand"],"picked":"SKIP","floor":41},{"not_picked":["Prepared+1","Tools of the Trade","Distraction","hubris:SlightOfHand+1"],"picked":"SKIP","floor":44},{"not_picked":["Acrobatics","Dagger Spray","Outmaneuver","Poisoned Stab"],"picked":"SKIP","floor":45}],"player_experience":345518,"relics_obtained":[{"floor":9,"key":"infinitespire:EmpoweringShard"},{"floor":14,"key":"Happy Flower"},{"floor":24,"key":"Whetstone"},{"floor":26,"key":"hubris:DuctTape"},{"floor":27,"key":"aspiration:ChemicalBlood"},{"floor":43,"key":"Question Card"},{"floor":46,"key":"vexMod:RedPlottingStone"}],"event_choices":[{"damage_healed":0,"gold_gain":0,"player_choice":"Ignored","damage_taken":0,"max_hp_gain":0,"max_hp_loss":0,"event_name":"NoteForYourself","floor":3,"gold_loss":0},{"damage_healed":0,"gold_gain":0,"player_choice":"Entered Light","damage_taken":14,"max_hp_gain":0,"max_hp_loss":0,"event_name":"Shining Light","floor":10,"gold_loss":0,"cards_upgraded":["Strike_G","Defend_G"]},{"damage_healed":0,"gold_gain":0,"player_choice":"Read","damage_taken":0,"max_hp_gain":0,"max_hp_loss":0,"event_name":"The Library","floor":22,"gold_loss":0,"cards_obtained":["Pommel Strike"]},{"damage_healed":0,"gold_gain":0,"player_choice":"Memory 1","damage_taken":0,"max_hp_gain":0,"max_hp_loss":0,"event_name":"SensoryStone","floor":42,"gold_loss":0},{"damage_healed":0,"gold_gain":0,"player_choice":"Fight","damage_taken":0,"max_hp_gain":0,"max_hp_loss":0,"event_name":"MindBloom","floor":46,"gold_loss":0}],"is_beta":false,"boss_relics":[{"not_picked":["hubris:TerracottaHorce","hubris:GrandSneckoEye"],"picked":"Philosopher\u0027s Stone"},{"not_picked":["Abe\u0027s Treasure","Replay:Wanted Poster"],"picked":"aspiration:SecretTechniqueScroll"}],"items_purged_floors":[12,21,39],"is_endless":true,"potions_floor_spawned":[1,4,13,18,27,28,33,36,38],"killed_by":"Nightmare","ascension_level":0}}