{"host":"wxm9nhpxzwflah6x","time":1608103549,"event":{"mods":["2.2 Compatiblity","AchievementEnabler","BaseMod","Bestiary","Better Third Choice","Curses Come First","Minty Spire (QoL Compilation)","Quick Restart","Rare Cards Sparkle","Replay The Spire","StSLib","The Blue Laboratory"],"gold_per_floor":[111,167,179,202,224,269,281,323,335,307,319,331,343,372,384,396,396],"floor_reached":16,"playtime":408,"items_purged":[],"score":124,"play_id":"bef4dc71-28c4-4f09-8070-63b40b61850d","local_time":"20201215232549","is_ascension_mode":true,"campfire_choices":[{"floor":7,"key":"REST"},{"floor":11,"key":"REST"},{"data":"Defragment","floor":15,"key":"SMITH"}],"circlet_count":0,"master_deck":["Strike_B","Strike_B","Strike_B","Strike_B","Defend_B","Defend_B","Defend_B","Defend_B","Zap","Dualcast","Leap","Gash","Aggregate","Sunder","Gash","Turbo","Defragment+1"],"relics":["Cracked Core","NeowsBlessing","MawBank","Mango","InkBottle","Mirror","Frozen Egg 2"],"acts_visited":["Exordium"],"potions_floor_usage":[6],"damage_taken":[{"damage":0,"enemies":"Cultist","floor":1,"turns":1},{"damage":0,"enemies":"2 Louse","floor":4,"turns":1},{"damage":0,"enemies":"Jaw Worm","floor":5,"turns":1},{"damage":28,"enemies":"Lagavulin","floor":6,"turns":6},{"damage":20,"enemies":"Gremlin Nob","floor":8,"turns":4},{"damage":11,"enemies":"Gremlin Gang","floor":14,"turns":3},{"damage":67,"enemies":"Slime Boss","floor":16,"turns":9}],"seed_played":"1075011669198547113","potions_obtained":[{"floor":2,"key":"SpeedPotion"},{"floor":5,"key":"blueLaboratory:SystemWipe"}],"is_trial":false,"path_per_floor":["M","?","T","M","M","E","R","E","T","?","R","?","?","M","R","B"],"character_chosen":"DEFECT","items_purchased":[],"campfire_rested":2,"item_purchase_floors":[],"current_hp_per_floor":[75,45,59,59,59,31,57,37,37,37,63,85,85,74,74,7,7],"gold":396,"neow_bonus":"THREE_ENEMY_KILL","is_daily":false,"chose_seed":false,"campfire_upgraded":1,"win_rate":0.0,"timestamp":1608103549,"path_taken":["M","?","?","M","?","E","R","E","T","?","R","?","?","?","R","BOSS"],"items_purchased_type":[],"build_version":"2020-12-13","purchased_purges":0,"victory":false,"max_hp_per_floor":[75,75,89,89,89,89,89,89,89,89,89,89,86,86,86,86,86],"card_choices":[{"not_picked":["Steam","Reinforced Body"],"picked":"Leap","floor":1},{"not_picked":["Streamline","Turbo"],"picked":"Gash","floor":2},{"not_picked":["Hello World","Cold Snap"],"picked":"Aggregate","floor":2},{"not_picked":["Streamline","ReplayTheSpireMod:Repulse"],"picked":"Sunder","floor":4},{"not_picked":["Hologram","ReplayTheSpireMod:GoodbyeWorld"],"picked":"Gash","floor":5},{"not_picked":["Go for the Eyes","Steam"],"picked":"Turbo","floor":6},{"not_picked":["Turbo","FTL"],"picked":"Defragment","floor":8},{"not_picked":["ReplayTheSpireMod:Reroute Power","Barrage","BasicCrystalCard"],"picked":"SKIP","floor":14}],"player_experience":212930,"relics_obtained":[{"floor":2,"key":"MawBank"},{"floor":3,"key":"Mango"},{"floor":6,"key":"InkBottle"},{"floor":8,"key":"Mirror"},{"floor":9,"key":"Frozen Egg 2"}],"event_choices":[{"damage_healed":0,"gold_gain":0,"player_choice":"Left","damage_taken":0,"max_hp_gain":0,"max_hp_loss":0,"event_name":"betterThird:BetterGoop","floor":10,"gold_loss":40},{"damage_healed":22,"gold_gain":0,"player_choice":"Healed and dodged fight","damage_taken":0,"max_hp_gain":0,"max_hp_loss":0,"event_name":"Mushrooms","floor":12,"gold_loss":0,"cards_obtained":["Parasite"]},{"cards_removed":["Parasite"],"damage_healed":0,"gold_gain":0,"player_choice":"Purged","damage_taken":0,"max_hp_gain":0,"max_hp_loss":0,"event_name":"Purifier","floor":13,"gold_loss":0}],"is_beta":false,"boss_relics":[],"items_purged_floors":[],"is_endless":false,"potions_floor_spawned":[5],"killed_by":"Slime Boss","ascension_level":3}}