{"host":"951sez6ulsv0fw1i","time":1608138228,"event":{"mods":["2.2 Compatiblity","Aspiration","BaseMod","Better Third Choice","BetterRewards","CCEM","CapriCore","Conspire","Downfall","Googly Eyes","Hermit","Infinite Spire","JesterMod","Luminous","Mari Mod (Legacy)","Mari\u0027s V1 Patch","Marisa????????","Minty Spire (QoL Compilation)","Potionbrewer","Reimu??????","Shade Mod","StSLib","The Bug Knight","The Cursed","The Forsaken","The Immortal","The Mystic","The Poker Player","The Runesmith","The Servant 0.9.4","TheBandit","TheSwordswoman"],"gold_per_floor":[111,111,126,91,109,141,1,1,78,108,120,139,139,150,150,251,251,266,266,16,36,51,79,93,109,135,151,176,176,191,191,191,294,294,306,256,271,271,271,300,316,334,357,357,371,416,416,435,435,435,435,435],"floor_reached":50,"playtime":2720,"items_purged":[],"score":553,"play_id":"2f38c75c-c707-4e92-aa52-5cc969937ce4","local_time":"20201216180348","is_ascension_mode":false,"campfire_choices":[{"data":"MokouMod:TemporalFireSeal","floor":13,"key":"SMITH"},{"data":"MokouMod:Sear","floor":15,"key":"SMITH"},{"floor":29,"key":"REST"},{"floor":32,"key":"RECALL"},{"data":"MokouMod:Rekindle","floor":44,"key":"SMITH"},{"floor":49,"key":"REST"}],"circlet_count":0,"master_deck":["MokouMod:Strike","MokouMod:Strike","MokouMod:Strike+1","MokouMod:Strike+1","MokouMod:Strike","MokouMod:Defend","MokouMod:Defend","MokouMod:Defend","MokouMod:Defend","MokouMod:HeatSpark","MokouMod:IndiscriminateIgnition","MokouMod:TemporalFireSeal+1","MokouMod:Ember","MokouMod:Fireball","MokouMod:Sear+1","expansioncontent:Chronoboost","MokouMod:GuidingSmoke","MokouMod:BurningDraft","expansioncontent:TimeRipple+1","Finesse+1","MokouMod:Scorch","Magnetism+1","MokouMod:HeatCyclone","MokouMod:Rekindle+1","MokouMod:UncontrollableSolarReaction","MokouMod:PhoenixFeathers","MokouMod:BurningDraft","MokouMod:TemporalFireSeal+1","MokouMod:Stoke","MokouMod:ScorchingColumn+1","MokouMod:SubterraneanCore+1","MokouMod:ResonatingAura","MokouMod:AdaptivePyromancy+1","CurseOfTheBell","MokouMod:HouraiForge","Runesmith:Grindstone+1","MokouMod:ScorchingColumn+1","Runesmith:ChiselStab+1","MokouMod:InfernalWave+1","MokouMod:Afterburner+1","Runesmith:Permafrost","MokouMod:HeatFactory+1"],"relics":["MokouMod:PhoenixFeather","CCEMRelics:SpiritsEdge","Akabeko","CCEMRelics:FestiveHat","aspiration:SecretTechniqueScroll","Molten Egg 2","potionbrewer:MortarAndPestle","Potion Belt","HornCleat","potionbrewer:DrinkingBird","Calling Bell","aspiration:ChemicalBlood","aspiration:StickyExplosives_weak","Peace Pipe","aspiration:RunesmithSkillbook","conspire:TopHat","Art of War","CCEMRelics:GrindingGear"],"acts_visited":["Exordium","TheCity","TheBeyond"],"potions_floor_usage":[25,33,40,42,45,48,48,50,50,50],"damage_taken":[{"damage":6,"enemies":"Jaw Worm","floor":1,"turns":3},{"damage":7,"enemies":"2 Louse","floor":3,"turns":3},{"damage":0,"enemies":"Cultist","floor":5,"turns":2},{"damage":36,"enemies":"Lagavulin","floor":6,"turns":6},{"damage":13,"enemies":"HollowMod:MossKnight","floor":10,"turns":4},{"damage":0,"enemies":"Exordium Wildlife","floor":11,"turns":1},{"damage":0,"enemies":"2 Fungi Beasts","floor":12,"turns":1},{"damage":0,"enemies":"Large Slime","floor":14,"turns":2},{"damage":17,"enemies":"Slime Boss","floor":16,"turns":6},{"damage":20,"enemies":"2 Thieves","floor":18,"turns":2},{"damage":12,"enemies":"3 Cultists","floor":21,"turns":3},{"damage":19,"enemies":"Centurion and Healer","floor":22,"turns":4},{"damage":27,"enemies":"Slavers","floor":23,"turns":2},{"damage":16,"enemies":"Cultist and Chosen","floor":24,"turns":5},{"damage":12,"enemies":"Shelled Parasite and Fungi","floor":25,"turns":2},{"damage":32,"enemies":"conspire:HollyBat","floor":27,"turns":6},{"damage":19,"enemies":"HollowMod:Nosk","floor":28,"turns":6},{"damage":0,"enemies":"Snecko","floor":30,"turns":3},{"damage":48,"enemies":"Champ","floor":33,"turns":8},{"damage":11,"enemies":"3 Darklings","floor":35,"turns":5},{"damage":0,"enemies":"Orb Walker","floor":37,"turns":1},{"damage":70,"enemies":"Nemesis","floor":40,"turns":7},{"damage":3,"enemies":"4 Shapes","floor":41,"turns":2},{"damage":13,"enemies":"Transient","floor":42,"turns":5},{"damage":9,"enemies":"Sphere and 2 Shapes","floor":45,"turns":4},{"damage":10,"enemies":"Spire Growth","floor":48,"turns":3},{"damage":53,"enemies":"Donu and Deca","floor":50,"turns":4}],"seed_played":"-6240293063693595890","potions_obtained":[{"floor":5,"key":"PowerPotion"},{"floor":6,"key":"SpeedPotion"},{"floor":14,"key":"Dexterity Potion"},{"floor":16,"key":"ZuzhouPotion:ReiMu"},{"floor":18,"key":"ColorlessPotion"},{"floor":24,"key":"SpeedPotion"},{"floor":28,"key":"DistilledChaos"},{"floor":30,"key":"SpeedPotion"},{"floor":33,"key":"GamblersBrew"},{"floor":35,"key":"DuplicationPotion"},{"floor":40,"key":"CultistPotion"},{"floor":40,"key":"champ:CounterPotion"},{"floor":40,"key":"potionbrewer:NoxiousPotion"},{"floor":40,"key":"SkillPotion"},{"floor":40,"key":"hexamod:EctoCoolerPotion"},{"floor":42,"key":"ZuzhouPotion:ReiMu"},{"floor":48,"key":"Dexterity Potion"}],"is_trial":false,"path_per_floor":["M","?","M","?","M","E","$","?","T","E","M","M","R","M","R","B",null,"M","?","$","M","M","E","M","M","T","M","E","R","M","AVR","R","B",null,"M","?","M","?","?","E","M","M","T","R","M","T","?","M","R","B"],"character_chosen":"MKU","items_purchased":["MokouMod:Sear","expansioncontent:Chronoboost","Molten Egg 2"],"campfire_rested":2,"item_purchase_floors":[7,7,20],"current_hp_per_floor":[76,60,53,73,73,37,37,37,37,24,24,24,24,24,24,7,82,62,62,62,50,31,4,25,13,13,11,20,44,44,44,44,1,82,76,76,76,76,82,37,34,21,21,21,17,17,17,7,31,0,0,0],"gold":435,"neow_bonus":"TEN_PERCENT_HP_BONUS","is_daily":false,"chose_seed":false,"campfire_upgraded":3,"win_rate":0.0,"timestamp":1608138228,"path_taken":["M","?","M","?","M","E","$","?","T","E","M","?","R","M","R","BOSS","M","?","$","M","M","E","M","M","T","M","E","R","M","AVR","R","BOSS","M","?","M","?","?","E","M","M","T","R","M","?","?","?","R","BOSS"],"items_purchased_type":["Card","Card","Relic"],"build_version":"2020-12-13","purchased_purges":0,"victory":false,"max_hp_per_floor":[82,82,82,82,82,82,82,82,82,82,82,82,82,82,82,82,82,82,82,82,82,82,82,82,82,82,82,82,82,82,82,82,82,82,82,82,82,82,82,82,82,82,82,82,82,82,82,82,82,82,82,82],"card_choices":[{"not_picked":["MokouMod:HeartofFire","MokouMod:Firecracker"],"picked":"MokouMod:IndiscriminateIgnition","floor":1},{"not_picked":["MokouMod:FlareStarter","MokouMod:ResonanceReactor"],"picked":"MokouMod:TemporalFireSeal","floor":3},{"not_picked":["MokouMod:InfernalWave","MokouMod:Singe"],"picked":"MokouMod:Ember","floor":5},{"not_picked":["MokouMod:ScorchingColumn","MokouMod:Sear"],"picked":"MokouMod:Fireball","floor":6},{"not_picked":["MokouMod:CrimsonArmoury","MokouMod:Combust"],"picked":"MokouMod:GuidingSmoke","floor":10},{"not_picked":["MokouMod:Stoke","MokouMod:AdaptivePyromancy"],"picked":"MokouMod:BurningDraft","floor":11},{"not_picked":["expansioncontent:Hexaburn+1","expansioncontent:Torchfire+1"],"picked":"expansioncontent:TimeRipple+1","floor":11},{"not_picked":["Deep Breath+1","Forethought+1"],"picked":"Finesse+1","floor":12},{"not_picked":["MokouMod:Overheat","MokouMod:FlareStarter"],"picked":"MokouMod:Scorch","floor":12},{"not_picked":["expansioncontent:DecasProtection+1","Secret Technique+1"],"picked":"Magnetism+1","floor":14},{"not_picked":["MokouMod:Trailblazer","MokouMod:BurningDraft"],"picked":"MokouMod:HeatCyclone","floor":14},{"not_picked":["MokouMod:RadiantBlade","MokouMod:Rebirth"],"picked":"MokouMod:Rekindle","floor":16},{"not_picked":["MokouMod:BlazingComet","MokouMod:Meltdown"],"picked":"MokouMod:UncontrollableSolarReaction","floor":18},{"not_picked":["MokouMod:FlickeringFlame+1","MokouMod:BlazingComet+1"],"picked":"MokouMod:PhoenixFeathers","floor":21},{"not_picked":["MokouMod:FlareStarter","MokouMod:SearingShot+1"],"picked":"MokouMod:BurningDraft","floor":22},{"not_picked":["MokouMod:Wildfire","MokouMod:UncontrollableSolarReaction+1"],"picked":"MokouMod:TemporalFireSeal+1","floor":23},{"not_picked":["MokouMod:ThermalPressure","MokouMod:ShiftIgnition+1"],"picked":"MokouMod:Stoke","floor":24},{"not_picked":["MokouMod:Rebirth","MokouMod:Meltdown+1"],"picked":"MokouMod:ScorchingColumn+1","floor":25},{"not_picked":["MokouMod:TemporalFireSeal+1","MokouMod:AdaptivePyromancy+1"],"picked":"MokouMod:SubterraneanCore+1","floor":27},{"not_picked":["MokouMod:AdaptivePyromancy+1","MokouMod:RoaringFlare+1"],"picked":"MokouMod:ResonatingAura","floor":28},{"not_picked":["MokouMod:FlickeringFlame+1","MokouMod:BlazingComet+1"],"picked":"MokouMod:AdaptivePyromancy+1","floor":30},{"not_picked":["MokouMod:ProfanedFlare","MokouMod:SearingBlow+1"],"picked":"MokouMod:HouraiForge","floor":33},{"not_picked":["MokouMod:ScorchingColumn+1","MokouMod:Stoke","MokouMod:IndiscriminateIgnition+1"],"picked":"Runesmith:Grindstone+1","floor":35},{"not_picked":["Runesmith:HeatedChisel+1","MokouMod:Stoke+1","Runesmith:GoWithTheFlow+1"],"picked":"MokouMod:ScorchingColumn+1","floor":37},{"not_picked":["MokouMod:Burn","Runesmith:CraftIndustria","Runesmith:HeatedChisel+1"],"picked":"Runesmith:ChiselStab+1","floor":40},{"not_picked":["MokouMod:ResoluteFlare+1","MokouMod:FlickeringFlame+1","Runesmith:Firewall+1"],"picked":"MokouMod:InfernalWave+1","floor":41},{"not_picked":["MokouMod:IllusoryBattlefield+1","Runesmith:UnstableHammer+1","Runesmith:BackupBattery+1"],"picked":"MokouMod:Afterburner+1","floor":42},{"not_picked":["Runesmith:DuctTape","Runesmith:HeatedChisel+1","MokouMod:SearingShot+1"],"picked":"Runesmith:Permafrost","floor":45},{"not_picked":["Runesmith:Discharge+1","Runesmith:StaticCage+1","MokouMod:SearingShot+1"],"picked":"MokouMod:HeatFactory+1","floor":48}],"player_experience":512256,"relics_obtained":[{"floor":6,"key":"CCEMRelics:SpiritsEdge"},{"floor":10,"key":"CCEMRelics:FestiveHat"},{"floor":23,"key":"potionbrewer:MortarAndPestle"},{"floor":26,"key":"Potion Belt"},{"floor":28,"key":"HornCleat"},{"floor":31,"key":"aspiration:ChemicalBlood"},{"floor":31,"key":"aspiration:StickyExplosives_weak"},{"floor":31,"key":"Peace Pipe"},{"floor":40,"key":"conspire:TopHat"},{"floor":43,"key":"Art of War"},{"floor":46,"key":"CCEMRelics:GrindingGear"}],"event_choices":[{"damage_healed":76,"gold_gain":0,"player_choice":"Upgrade","damage_taken":16,"max_hp_gain":0,"max_hp_loss":82,"event_name":"betterThird:BetterShining","floor":2,"gold_loss":0,"cards_upgraded":["MokouMod:Strike","MokouMod:Strike"]},{"damage_healed":20,"gold_gain":0,"player_choice":"Healed","damage_taken":0,"max_hp_gain":0,"max_hp_loss":0,"event_name":"The Cleric","floor":4,"gold_loss":35},{"damage_healed":0,"gold_gain":0,"player_choice":"Gave Potion","damage_taken":0,"relics_obtained":["Akabeko"],"max_hp_gain":0,"max_hp_loss":0,"event_name":"WeMeetAgain","floor":8,"gold_loss":0},{"damage_healed":0,"gold_gain":0,"player_choice":"Invest 1","damage_taken":0,"max_hp_gain":0,"max_hp_loss":0,"event_name":"conspire:Investor","floor":36,"gold_loss":0},{"damage_healed":0,"gold_gain":0,"player_choice":"Ignored","damage_taken":0,"max_hp_gain":0,"max_hp_loss":0,"event_name":"Tomb of Lord Red Mask","floor":47,"gold_loss":0}],"is_beta":false,"boss_relics":[{"not_picked":["Coffee Dripper","RedLine:ReiMu"],"picked":"aspiration:SecretTechniqueScroll"},{"not_picked":["Tiny House","infinitespire:Cupcake"],"picked":"aspiration:RunesmithSkillbook"}],"items_purged_floors":[],"is_endless":false,"potions_floor_spawned":[5,6,14,16,18,24,28,30,35,40,42,48],"killed_by":"Donu and Deca","ascension_level":0}}