{"host":"vxxgntm1odai56nh","time":1608082426,"event":{"mods":["AchievementEnabler","BaseMod","Colored Map","Colored Powertips","Highlight Path","Minty Spire (QoL Compilation)","Permanent Neow","Rare Cards Sparkle","Relic Stats","StSLib"],"gold_per_floor":[362,41,55,55,71,71,97,97,144,173,191,217,217,62,62,164,164,164,65,85,85,85],"floor_reached":21,"playtime":1315,"items_purged":["Defend_P"],"score":217,"play_id":"a28e97e2-3155-4be4-bcda-f6b0a400743b","local_time":"20201215203346","is_ascension_mode":true,"campfire_choices":[{"data":"Eruption","floor":6,"key":"SMITH"},{"data":"Vigilance","floor":8,"key":"SMITH"},{"floor":13,"key":"REST"},{"data":"WindmillStrike","floor":15,"key":"SMITH"}],"circlet_count":0,"master_deck":["Strike_P","Strike_P","Strike_P","Strike_P","Defend_P+1","Defend_P","Eruption+1","Vigilance+1","Vengeance","MentalFortress","FollowUp","Worship","Halt+1","Wireheading","WindmillStrike+1","EmptyBody","DevaForm","Consecrate","Tantrum"],"relics":["PureWater","TeardropLocket","War Paint","Nunchaku","Strawberry","HornCleat","ClockworkSouvenir","VioletLotus"],"acts_visited":["Exordium","TheCity"],"potions_floor_usage":[7,10,10,18],"damage_taken":[{"damage":0,"enemies":"Jaw Worm","floor":1,"turns":3},{"damage":3,"enemies":"2 Louse","floor":3,"turns":4},{"damage":0,"enemies":"Cultist","floor":5,"turns":2},{"damage":8,"enemies":"Gremlin Nob","floor":7,"turns":3},{"damage":6,"enemies":"Lagavulin","floor":10,"turns":5},{"damage":24,"enemies":"Exordium Thugs","floor":11,"turns":5},{"damage":18,"enemies":"3 Sentries","floor":12,"turns":5},{"damage":21,"enemies":"Hexaghost","floor":16,"turns":8},{"damage":0,"enemies":"Chosen","floor":18,"turns":4},{"damage":47,"enemies":"2 Thieves","floor":20,"turns":4},{"damage":30,"enemies":"Cultist and Chosen","floor":21,"turns":4}],"seed_played":"6759036044904264352","potions_obtained":[{"floor":1,"key":"Explosive Potion"},{"floor":3,"key":"StancePotion"},{"floor":7,"key":"AttackPotion"},{"floor":16,"key":"SmokeBomb"},{"floor":20,"key":"Energy Potion"}],"is_trial":false,"path_per_floor":["M","$","M","?","M","R","E","R","T","E","M","E","R","$","R","B",null,"M","$","M","M"],"character_chosen":"WATCHER","items_purchased":["TeardropLocket","MentalFortress","ClockworkSouvenir","Consecrate"],"campfire_rested":1,"item_purchase_floors":[2,2,14,19],"current_hp_per_floor":[65,65,62,62,62,62,54,54,54,55,31,13,34,34,34,13,72,72,72,25,0,0],"gold":85,"neow_bonus":"TWO_FIFTY_GOLD","is_daily":false,"chose_seed":false,"campfire_upgraded":3,"win_rate":0.0,"timestamp":1608082426,"path_taken":["M","$","M","?","M","R","E","R","T","E","M","E","R","$","R","BOSS","M","$","M","M"],"items_purchased_type":["Relic","Card","Relic","Card"],"build_version":"2020-12-13","purchased_purges":1,"victory":false,"max_hp_per_floor":[65,65,65,65,65,65,65,65,65,72,72,72,72,72,72,72,72,72,72,72,72,72],"relic_stats":{"Nunchaku":[6],"counters":[11,47],"VioletLotus":[3],"War Paint":["Halt","Defend_P"],"obtain_stats":[{"Nunchaku":9,"HornCleat":12,"Strawberry":10,"VioletLotus":17,"TeardropLocket":2,"PureWater":0,"War Paint":7,"ClockworkSouvenir":14},{"Nunchaku":4,"HornCleat":7,"Strawberry":5,"VioletLotus":8,"TeardropLocket":1,"PureWater":0,"War Paint":4,"ClockworkSouvenir":7},{"Nunchaku":12,"HornCleat":27,"Strawberry":17,"VioletLotus":35,"TeardropLocket":3,"PureWater":0,"War Paint":12,"ClockworkSouvenir":27}]},"card_choices":[{"not_picked":["FlyingSleeves","PathToVictory"],"picked":"Vengeance","floor":1},{"not_picked":["Tantrum","Swivel"],"picked":"FollowUp","floor":3},{"not_picked":["WreathOfFlame","PathToVictory"],"picked":"Worship","floor":5},{"not_picked":["CutThroughFate","FollowUp"],"picked":"Halt","floor":7},{"not_picked":["Halt","Crescendo"],"picked":"Wireheading","floor":10},{"not_picked":["JustLucky","PathToVictory"],"picked":"WindmillStrike","floor":11},{"not_picked":["TalkToTheHand","FlurryOfBlows"],"picked":"EmptyBody","floor":12},{"not_picked":["LessonLearned","Omniscience"],"picked":"DevaForm","floor":16},{"not_picked":["PathToVictory","FollowUp+1"],"picked":"Tantrum","floor":20}],"player_experience":106748,"relics_obtained":[{"floor":7,"key":"War Paint"},{"floor":9,"key":"Nunchaku"},{"floor":10,"key":"Strawberry"},{"floor":12,"key":"HornCleat"}],"event_choices":[{"cards_removed":["Defend_P"],"damage_healed":0,"gold_gain":0,"player_choice":"Forget","damage_taken":0,"max_hp_gain":0,"max_hp_loss":0,"event_name":"Living Wall","floor":4,"gold_loss":0}],"is_beta":false,"boss_relics":[{"not_picked":["Velvet Choker","Tiny House"],"picked":"VioletLotus"}],"items_purged_floors":[19],"is_endless":false,"potions_floor_spawned":[1,3,7,16,20],"killed_by":"Cultist and Chosen","ascension_level":2}}