{"host":"g60qzgg9idfs5btx","time":1608108757,"event":{"mods":["AchievementEnabler","BaseMod","Better Match","BetterRewards","Colored Map","Colored Powertips","DeckTracker","Hubris","Infinite Spire","Marisa????????","Minty Spire (QoL Compilation)","Quick Restart","Relic Stats","Shop Mod","StSLib","The Cursed","The Servant 0.9.4"],"gold_per_floor":[115,130,130,39,39,39,58,58,140,140,175,141,160,172,172,272,272,288,301,301,301,301,301,301],"floor_reached":23,"playtime":687,"items_purged":[],"score":201,"play_id":"e32e5fd1-d482-48a1-8eb6-c6ca6ec00a9b","local_time":"20201216025237","is_ascension_mode":true,"campfire_choices":[{"data":"Noxious Fumes","floor":6,"key":"SMITH"},{"floor":15,"key":"REST"}],"circlet_count":0,"master_deck":["Strike_G","Strike_G","Strike_G","Strike_G","Strike_G","Defend_G","Defend_G","Defend_G","Defend_G","Defend_G","Survivor","Neutralize","Noxious Fumes+1","Terror+1","Slice","Poisoned Stab","Catalyst","Backstab","Storm of Steel","Blade Dance","Catalyst","Unload","infinitespire:Neurotoxin","Sucker Punch+1","Footwork+1","infinitespire:Starlight","Decay"],"relics":["Uniform","The Specimen","infinitespire:Cubic Diamond","hubris:Icosahedron","infinitespire:Satchel","Akabeko","hubris:Backtick","Dead Branch","hubris:OldNail"],"acts_visited":["Exordium","TheCity"],"potions_floor_usage":[11,14,16,19,23],"damage_taken":[{"damage":2,"enemies":"Jaw Worm","floor":1,"turns":5},{"damage":4,"enemies":"Cultist","floor":2,"turns":5},{"damage":0,"enemies":"Small Slimes","floor":7,"turns":3},{"damage":25,"enemies":"3 Sentries","floor":11,"turns":7},{"damage":0,"enemies":"3 Louse","floor":12,"turns":3},{"damage":13,"enemies":"2 Fungi Beasts","floor":13,"turns":3},{"damage":24,"enemies":"Large Slime","floor":14,"turns":6},{"damage":16,"enemies":"Slime Boss","floor":16,"turns":6},{"damage":31,"enemies":"Shell Parasite","floor":18,"turns":4},{"damage":25,"enemies":"2 Thieves","floor":19,"turns":4},{"damage":22,"enemies":"Nightmare","floor":23,"turns":3}],"seed_played":"9067603171722912294","potions_obtained":[{"floor":7,"key":"Swift Potion"},{"floor":11,"key":"SneckoOil"},{"floor":13,"key":"LiquidMemories"},{"floor":14,"key":"FearPotion"}],"is_trial":false,"path_per_floor":["M","M","?","$","?","R","M","?","T","?","E","M","M","M","R","B",null,"M","M","AVR","?","?","NM"],"character_chosen":"THE_SILENT","items_purchased":["The Specimen","Noxious Fumes","Noxious Fumes","Poisoned Stab","Catalyst"],"campfire_rested":1,"item_purchase_floors":[0,0,0,4,4],"current_hp_per_floor":[36,32,32,32,70,70,70,70,70,70,45,45,32,8,29,13,70,39,14,14,14,14,0,0],"gold":301,"neow_bonus":"","is_daily":false,"chose_seed":false,"campfire_upgraded":1,"win_rate":0.0,"timestamp":1608108757,"path_taken":["M","M","?","$","?","R","?","?","T","?","E","M","M","M","R","BOSS","M","M","AVR","?","?","NM"],"items_purchased_type":["Relic","Card","Card","Card","Card"],"build_version":"2020-12-13","purchased_purges":0,"victory":false,"max_hp_per_floor":[70,70,70,70,70,70,70,70,70,70,70,70,70,70,70,70,70,70,70,70,70,70,70,70],"relic_stats":{"counters":[17,65],"Dead Branch":[23],"obtain_stats":[{"TwistedFunnel":0,"The Specimen":0,"CeramicFish":0,"Dead Branch":17,"Snake Skull":0,"infinitespire:Cubic Diamond":3,"Uniform":3,"Boot":0,"Akabeko":11,"hubris:Icosahedron":8,"hubris:Backtick":17,"Orrery":0,"infinitespire:Satchel":10,"Tiny Chest":0,"CultistMask":7,"Membership Card":0,"Unceasing Top":0,"hubris:OldNail":20,"Ring of the Snake":0,"Pocketwatch":6},{"TwistedFunnel":0,"The Specimen":6,"CeramicFish":0,"Dead Branch":14,"Snake Skull":0,"infinitespire:Cubic Diamond":8,"Uniform":8,"Boot":0,"Akabeko":10,"hubris:Icosahedron":9,"hubris:Backtick":14,"Orrery":0,"infinitespire:Satchel":9,"Tiny Chest":0,"CultistMask":5,"Membership Card":0,"Unceasing Top":0,"hubris:OldNail":16,"Ring of the Snake":0,"Pocketwatch":5},{"TwistedFunnel":0,"The Specimen":16,"CeramicFish":0,"Dead Branch":54,"Snake Skull":0,"infinitespire:Cubic Diamond":26,"Uniform":26,"Boot":0,"Akabeko":36,"hubris:Icosahedron":29,"hubris:Backtick":54,"Orrery":0,"infinitespire:Satchel":29,"Tiny Chest":0,"CultistMask":15,"Membership Card":0,"Unceasing Top":0,"hubris:OldNail":62,"Ring of the Snake":0,"Pocketwatch":15}]},"card_choices":[{"not_picked":["Flying Knee","hubris:TrickCloak"],"picked":"Terror","floor":1},{"not_picked":["Accuracy","Flechettes"],"picked":"Slice","floor":2},{"not_picked":["Calculated Gamble","Sucker Punch"],"picked":"Backstab","floor":7},{"not_picked":["Dagger Throw","Prepared"],"picked":"Storm of Steel","floor":11},{"not_picked":["Acrobatics","Finisher"],"picked":"Blade Dance","floor":12},{"not_picked":["Concentrate","Outmaneuver"],"picked":"Catalyst","floor":13},{"not_picked":["Backflip","Deflect"],"picked":"Unload","floor":14},{"not_picked":["Burst","Venomology"],"picked":"infinitespire:Neurotoxin","floor":16},{"not_picked":["Eviscerate+1","hubris:SlightOfHand"],"picked":"Sucker Punch+1","floor":18},{"not_picked":["Backflip","Poisoned Stab"],"picked":"Footwork+1","floor":19}],"player_experience":250568,"relics_obtained":[{"floor":10,"key":"infinitespire:Satchel"},{"floor":11,"key":"Akabeko"}],"event_choices":[{"cards_removed":["Noxious Fumes"],"damage_healed":38,"gold_gain":0,"player_choice":"Offered Uncommon","damage_taken":0,"max_hp_gain":0,"max_hp_loss":0,"event_name":"Bonfire Elementals","floor":5,"gold_loss":0},{"damage_healed":0,"gold_gain":0,"player_choice":"Smashed Altar","damage_taken":0,"max_hp_gain":0,"max_hp_loss":0,"event_name":"Forgotten Altar","floor":21,"gold_loss":0,"cards_obtained":["Decay"]},{"damage_healed":0,"gold_gain":0,"player_choice":"Upgraded","damage_taken":0,"max_hp_gain":0,"max_hp_loss":0,"event_name":"Upgrade Shrine","floor":22,"gold_loss":0,"cards_upgraded":["Terror"]}],"is_beta":false,"boss_relics":[{"not_picked":["hubris:CrackedHourglass","Black Star"],"picked":"hubris:Backtick"}],"items_purged_floors":[],"is_endless":false,"potions_floor_spawned":[7,11,13,14],"killed_by":"Nightmare","ascension_level":1}}