{"host":"0cm5wy4nhuju7tij","time":1608096732,"event":{"mods":["2.2 Compatiblity","AchievementEnabler","BaseMod","Better Third Choice","BetterRewards","CCEM","Colored Powertips","Curses Come First","Custom Start","Displayed Cursed Tome","Downfall","Energized Spire","Filter the Spire","Fireblade Mod","Highlight Path","Minty Spire (QoL Compilation)","Permanent Neow","Railgun Mod","Robot Space Explorer","Shop Mod","Spicy Shops","StSLib","The Elementalist","The Mystic","The Servant 0.9.4"],"gold_per_floor":[118,118,134,151,151,151,3,31,31,31,47,47,57,90,90,185,185,197,217,228,240,240,240,252,252,330,330,330,362,18,49,49,148,148,163,183,58,58,75,75,75],"floor_reached":40,"playtime":2907,"items_purged":["Pain","Strike_S","Strike_S"],"score":484,"play_id":"f760b70a-f6c8-4646-b567-8fd8d0b7d127","local_time":"20201216003212","is_ascension_mode":true,"campfire_choices":[{"data":"KidneyShot","floor":6,"key":"SMITH"},{"data":"SurpressingFire","floor":10,"key":"SMITH"},{"data":"Ragnarok","floor":12,"key":"SMITH"},{"floor":15,"key":"REST"},{"floor":23,"key":"REST"},{"data":"TrueSight","floor":25,"key":"SMITH"},{"data":"Embodiment","floor":28,"key":"SMITH"},{"data":"Barrier","floor":32,"key":"SMITH"}],"circlet_count":0,"master_deck":["Strike_S","Defend_S","Defend_S","Defend_S+1","Defend_S","KidneyShot+1","Exchange+1","DoubleEdge","Ragnarok+1","Ricochet","Contraction","SurpressingFire+1","Misdirection","Moonlight","TrueSight+1","Barrier+1","Embodiment+1","BottledTime","SilverBlades","Rearm","TimeTheft+1","Desolation","Rewind","Desolation+1","FlawlessForm+1","Rearm+1","GearUp+1","Ricochet+1"],"relics":["Uniform","War Paint","TungstenRod","Regal Pillow","Ginger","CCEMRelics:DerglesHeadphones","Cursed Key","Frozen Egg 2","Nilry\u0027s Codex","CCEMRelics:SpiritsEdge","Pan","Pocketwatch","Snecko Eye"],"acts_visited":["Exordium","TheCity","TheBeyond"],"potions_floor_usage":[],"damage_taken":[{"damage":1,"enemies":"Cultist","floor":1,"turns":4},{"damage":5,"enemies":"Jaw Worm","floor":3,"turns":3},{"damage":0,"enemies":"2 Louse","floor":4,"turns":2},{"damage":0,"enemies":"Lagavulin","floor":8,"turns":9},{"damage":1,"enemies":"Looter","floor":11,"turns":2},{"damage":0,"enemies":"Lots of Slimes","floor":13,"turns":4},{"damage":11,"enemies":"3 Sentries","floor":14,"turns":9},{"damage":22,"enemies":"Slime Boss","floor":16,"turns":13},{"damage":18,"enemies":"Spheric Guardian","floor":18,"turns":6},{"damage":0,"enemies":"Chosen","floor":19,"turns":4},{"damage":14,"enemies":"Shelled Parasite and Fungi","floor":20,"turns":7},{"damage":0,"enemies":"Centurion and Healer","floor":21,"turns":6},{"damage":0,"enemies":"Snecko","floor":24,"turns":5},{"damage":19,"enemies":"Gremlin Leader","floor":29,"turns":7},{"damage":3,"enemies":"Book of Stabbing","floor":31,"turns":4},{"damage":30,"enemies":"Automaton","floor":33,"turns":11},{"damage":5,"enemies":"Orb Walker","floor":35,"turns":3},{"damage":0,"enemies":"3 Shapes","floor":36,"turns":2},{"damage":6,"enemies":"Spire Growth","floor":39,"turns":2},{"damage":70,"enemies":"Reptomancer","floor":40,"turns":3}],"seed_played":"3896679592875515657","potions_obtained":[{"floor":3,"key":"GamblersBrew"},{"floor":4,"key":"Guardian:BlockOnCardUsePotion"},{"floor":8,"key":"SmokeBomb"}],"is_trial":false,"path_per_floor":["M","?","M","M","?","R","$","E","T","R","M","R","M","E","R","B",null,"M","M","M","M","?","R","M","R","T","?","R","E","$","E","R","B",null,"M","M","$","?","M","E"],"character_chosen":"THE_SERVANT","items_purchased":["SurpressingFire","Misdirection","Pan","Rewind"],"campfire_rested":2,"item_purchase_floors":[7,7,30,30],"current_hp_per_floor":[64,56,51,51,51,51,51,51,51,51,50,50,50,39,65,43,65,47,47,33,33,33,65,65,65,65,53,65,46,46,43,55,25,65,60,60,60,60,54,0,0],"gold":75,"neow_bonus":"RANDOM_COMMON_RELIC","is_daily":false,"chose_seed":false,"campfire_upgraded":6,"win_rate":0.0,"timestamp":1608096732,"path_taken":["M","?","M","M","?","R","$","E","T","R","?","R","M","E","R","BOSS","M","M","M","M","?","R","M","R","T","?","R","E","$","E","R","BOSS","M","M","$","?","M","E"],"items_purchased_type":["Card","Card","Relic","Card"],"build_version":"2020-12-13","purchased_purges":3,"victory":false,"max_hp_per_floor":[65,65,65,65,65,65,65,65,65,65,65,65,65,65,65,65,65,65,65,65,65,65,65,65,65,65,65,65,65,65,65,65,65,65,65,65,65,62,62,62,62],"card_choices":[{"not_picked":["Rewind","Revamp"],"picked":"DoubleEdge","floor":1},{"not_picked":["Spin","ShatteredReality"],"picked":"Ricochet","floor":3},{"not_picked":["ShatteredReality","DoubleEdge"],"picked":"Contraction","floor":4},{"not_picked":["Rewind","Comet"],"picked":"Moonlight","floor":8},{"not_picked":["Moondial","Alleviate","DualDimension"],"picked":"SKIP","floor":11},{"not_picked":["Hightail","RealityMarble"],"picked":"TrueSight","floor":13},{"not_picked":["Ricochet","Deadline"],"picked":"Barrier","floor":14},{"not_picked":["Duplication","KillingDoll"],"picked":"Embodiment","floor":16},{"not_picked":["SpecialFormula","Potential+1"],"picked":"BottledTime","floor":18},{"not_picked":["Spin","BottledTime+1"],"picked":"SilverBlades","floor":19},{"not_picked":["Gouge","Unruled+1"],"picked":"Rearm","floor":20},{"not_picked":["SoulSculpture","BestPractice+1"],"picked":"TimeTheft+1","floor":21},{"not_picked":["Defy","BottledTime+1"],"picked":"Desolation","floor":24},{"not_picked":["Revamp","Alleviate","KillingDoll"],"picked":"SKIP","floor":29},{"not_picked":["Moonlight","Revamp"],"picked":"Desolation+1","floor":31},{"not_picked":["Dilation","Sunlight"],"picked":"FlawlessForm+1","floor":33},{"not_picked":["ShatteredReality","TimeWarp+1"],"picked":"Rearm+1","floor":35},{"not_picked":["TimeWarp","Shuttle+1"],"picked":"GearUp+1","floor":36},{"not_picked":["FastForward","Potential"],"picked":"Ricochet+1","floor":39}],"player_experience":225720,"relics_obtained":[{"floor":8,"key":"Regal Pillow"},{"floor":9,"key":"Ginger"},{"floor":14,"key":"CCEMRelics:DerglesHeadphones"},{"floor":26,"key":"Frozen Egg 2"},{"floor":29,"key":"CCEMRelics:SpiritsEdge"},{"floor":31,"key":"Pocketwatch"}],"event_choices":[{"cards_removed":["Strike_S"],"damage_healed":0,"gold_gain":0,"player_choice":"Purged","damage_taken":0,"max_hp_gain":0,"max_hp_loss":0,"event_name":"Purifier","floor":5,"gold_loss":0},{"damage_healed":0,"gold_gain":0,"player_choice":"Obtained Book","damage_taken":16,"max_hp_gain":0,"max_hp_loss":0,"event_name":"Cursed Tome","floor":27,"gold_loss":0},{"damage_healed":0,"gold_gain":0,"player_choice":"Max HP","damage_taken":0,"max_hp_gain":0,"max_hp_loss":3,"event_name":"Winding Halls","floor":38,"gold_loss":0}],"is_beta":false,"boss_relics":[{"not_picked":["Busted Crown","energizedSpire:SpiderWeb"],"picked":"Cursed Key"},{"not_picked":["energizedSpire:OgreHead","Runic Pyramid"],"picked":"Snecko Eye"}],"items_purged_floors":[30,30,37],"is_endless":false,"potions_floor_spawned":[3,4,8,14,18,31,35],"killed_by":"Reptomancer","ascension_level":1}}