{"host":"cwd5s03r1oaxs6mx","time":1608127882,"event":{"mods":["Act Like it!","BaseMod","Better Third Choice","BetterRewards","CapriCore","Card Filter","Colored Map","Custom Start","DeckTracker","Friendly Minions","Hubris","Infinite Spire","Minty Spire (QoL Compilation)","Quick Restart","Relic Stats","Shop Mod","Spicy Shops","StSLib","SuperFastMode"],"gold_per_floor":[111,111,122,137,154,154,185,185,237,340,340,379,379,379,379,453,453,465,477,495,497,48,48,79,79,150,195,215,215,215,215,215,290,290,303,5,5,5,16,16,42,42,97,97,150,203,213,225,225,225,225,225,225,0,26,26],"floor_reached":57,"playtime":2341,"items_purged":["Strike_R","Strike_R","Defend_R","Strike_R","Strike_R","Rupture","Defend_R","Battle Trance"],"score":3423,"play_id":"87302538-d11c-465a-a71a-91740cc3be0f","local_time":"20201216231122","is_ascension_mode":true,"campfire_choices":[{"data":"Corruption","floor":6.0,"key":"SMITH"},{"data":"Dark Embrace","floor":8.0,"key":"SMITH"},{"data":"Barricade","floor":15.0,"key":"SMITH"},{"data":"Body Slam","floor":23.0,"key":"SMITH"},{"data":"Feel No Pain","floor":29.0,"key":"SMITH"},{"floor":32.0,"key":"RECALL"},{"data":"Power Through","floor":40,"key":"SMITH"},{"data":"Berserk","floor":42,"key":"SMITH"},{"data":"Second Wind","floor":49,"key":"SMITH"},{"data":"Disarm","floor":53,"key":"SMITH"}],"circlet_count":0,"master_deck":["AscendersBane","Defend_R","Bash","Feel No Pain+1","Power Through+1","Second Wind+1","Power Through","Corruption+1","Body Slam+1","Power Through","Bandage Up","Pommel Strike","Flame Barrier","Necronomicurse","Seeing Red","Transmutation+1","Pummel","Shrug It Off","Disarm+1","Dark Embrace+1","Warcry","Jack Of All Trades","Barricade+1","Second Wind+1","Shrug It Off","Feel No Pain+1","Berserk+1"],"relics":["Burning Blood","Membership Card","Dead Branch","MerchantsRug","Necronomicon","SlaversCollar","Pen Nib","Tiny Chest","Anchor","Regal Pillow","hubris:ChampionShield","Philosopher\u0027s Stone","Bag of Preparation","Singing Bowl","Pantograph","hubris:CrackedHourglass","hubris:BottledHeart","Medical Kit","hubris:DeckOfHolding","Oddly Smooth Stone","hubris:Towel","Pear","infinitespire:Satchel","Mummified Hand","hubris:BlackHole","Chemical X","Shuriken","Sling","infinitespire:Beetle Shell","hubris:Icosahedron","Calipers","Bronze Scales","Toolbox","Mango","Boot"],"acts_visited":["Exordium","TheCity","TheBeyond","TheEnding"],"potions_floor_usage":[],"damage_taken":[{"damage":0.0,"enemies":"Cultist","floor":1.0,"turns":2.0},{"damage":0.0,"enemies":"Jaw Worm","floor":3.0,"turns":2.0},{"damage":0.0,"enemies":"2 Louse","floor":4.0,"turns":2.0},{"damage":0.0,"enemies":"2 Fungi Beasts","floor":5.0,"turns":2.0},{"damage":2.0,"enemies":"Lagavulin","floor":7.0,"turns":4.0},{"damage":2.0,"enemies":"3 Sentries","floor":12.0,"turns":3.0},{"damage":0.0,"enemies":"The Guardian","floor":16.0,"turns":4.0},{"damage":0.0,"enemies":"Shell Parasite","floor":18.0,"turns":2.0},{"damage":0.0,"enemies":"Spheric Guardian","floor":19.0,"turns":3.0},{"damage":0.0,"enemies":"Centurion and Healer","floor":20.0,"turns":3.0},{"damage":0.0,"enemies":"Gremlin Leader","floor":24.0,"turns":3.0},{"damage":0.0,"enemies":"Slavers","floor":27.0,"turns":4.0},{"damage":0.0,"enemies":"Snake Plant","floor":28.0,"turns":3.0},{"damage":0.0,"enemies":"hubris:MusketHawk","floor":33.0,"turns":4.0},{"damage":0,"enemies":"3 Darklings","floor":35,"turns":1},{"damage":0,"enemies":"3 Shapes","floor":39,"turns":1},{"damage":0,"enemies":"Reptomancer","floor":41,"turns":1},{"damage":0,"enemies":"2 Orb Walkers","floor":45,"turns":1},{"damage":0,"enemies":"3 Darklings","floor":47,"turns":1},{"damage":0,"enemies":"Jaw Worm Horde","floor":48,"turns":1},{"damage":0,"enemies":"hubris:GrandSnecko","floor":50,"turns":1},{"damage":0,"enemies":"infinitespire:MassOfShapes","floor":51,"turns":1},{"damage":0,"enemies":"Shield and Spear","floor":55,"turns":1},{"damage":0,"enemies":"The Heart","floor":56,"turns":4}],"seed_played":"2071799146661174832","potions_obtained":[{"floor":4.0,"key":"LiquidBronze"},{"floor":5.0,"key":"Dexterity Potion"},{"floor":18.0,"key":"Fire Potion"}],"is_trial":false,"path_per_floor":["M","?","M","M","M","R","E","R","T","$","?","E","?","T","R","B",null,"M","M","M","?","$","R","E","?","T","E","M","R","AVR","T","R","B",null,"M","$","NS","?","M","R","E","R","T","?","?","T","M","M","R","B","B",null,"R","$","E","B",null],"character_chosen":"IRONCLAD","items_purchased":["Membership Card","Dead Branch","Sentinel","Feel No Pain","Power Through","Second Wind","Power Through","Evolve","MerchantsRug","Corruption","Shrug It Off","Warcry","Jack Of All Trades","Medical Kit","hubris:DeckOfHolding","Shrug It Off","Oddly Smooth Stone","Chemical X","Shuriken","Sling","Toolbox","Mango"],"campfire_rested":0,"item_purchase_floors":[0,0,0,0,0,0,0,0,0,0,0,10,10,22,22,22,22,36,36,36,54,54],"current_hp_per_floor":[66,50,56,62,70,70,70,70,70,70,70,70,70,70,70,72,72,74,74,76,1,1,1,1,1,1,1,1,1,1,1,1,1,1,1,1,1,1,1,1,1,1,1,1,1,1,1,1,1,1,1,1,1,1,1,1],"gold":26,"neow_bonus":"","is_daily":false,"chose_seed":false,"campfire_upgraded":9,"win_rate":0.0,"timestamp":1608127882,"path_taken":["M","?","M","M","M","R","E","R","T","$","?","E","?","?","R","BOSS","M","M","?","?","$","R","E","?","T","E","M","R","AVR","?","R","BOSS","M","$","NS","?","M","R","E","R","T","?","?","?","M","M","R","BOSS","BOSS","R","$","E","BOSS"],"items_purchased_type":["Relic","Relic","Card","Card","Card","Card","Card","Card","Relic","Card","Card","Card","Card","Relic","Relic","Card","Relic","Relic","Relic","Relic","Relic","Relic"],"build_version":"2020-12-13","purchased_purges":8,"victory":true,"max_hp_per_floor":[70,70,70,70,70,70,70,70,70,70,70,70,70,70,70,72,72,74,74,76,1,1,1,1,1,1,1,1,1,1,1,1,1,1,1,1,1,1,1,1,1,1,1,1,1,1,1,1,1,1,1,1,1,1,1,1],"relic_stats":{"Regal Pillow":0,"Singing Bowl":24,"counters":[49,163],"Dead Branch":[591],"Pen Nib":[21],"Bag of Preparation":[38],"Medical Kit":[37],"Boot":[0],"Burning Blood":164,"Mummified Hand":[8],"Shuriken":[34],"Pantograph":0,"Bronze Scales":[48],"Tiny Chest":3,"Necronomicon":[30],"Chemical X":[12],"obtain_stats":[{"Calipers":45,"Sling":36,"Boot":55,"Philosopher\u0027s Stone":0,"hubris:DeckOfHolding":22,"Necronomicon":0,"MerchantsRug":0,"Pear":26,"Dead Branch":0,"Velvet Choker":0,"Oddly Smooth Stone":22,"Pen Nib":0,"infinitespire:Beetle Shell":41,"hubris:Zylophone":0,"SlaversCollar":0,"hubris:BottledHeart":21,"Shuriken":36,"Bronze Scales":46,"StrikeDummy":0,"infinitespire:PuzzleCube":11,"Pocketwatch":24,"Darkstone Periapt":0,"Regal Pillow":26,"Singing Bowl":12,"Mango":54,"Juzu Bracelet":13,"Bag of Preparation":9,"Empty Cage":0,"Ancient Tea Set":24,"Burning Blood":0,"ClockworkSouvenir":14,"hubris:BlackHole":17,"Dream Catcher":2,"hubris:Backtick":17,"hubris:Icosahedron":44,"Mummified Hand":31,"Pantograph":14,"Toolbox":54,"Tiny Chest":0,"Chemical X":0,"hubris:ChampionShield":0,"InkBottle":7,"infinitespire:CursedDice":7,"hubris:MedicalManual":0,"hubris:Towel":8,"Medical Kit":22,"Anchor":0,"infinitespire:Satchel":27,"Art of War":27,"Membership Card":22,"hubris:CrackedHourglass":17,"hubris:OldNail":9,"hubris:Potato":17,"infinitespire:Midas Blood":7},{"Calipers":43,"Sling":40,"Boot":48,"Philosopher\u0027s Stone":25,"hubris:DeckOfHolding":35,"Necronomicon":25,"MerchantsRug":25,"Pear":36,"Dead Branch":25,"Velvet Choker":25,"Oddly Smooth Stone":35,"Pen Nib":25,"infinitespire:Beetle Shell":42,"hubris:Zylophone":25,"SlaversCollar":25,"hubris:BottledHeart":35,"Shuriken":40,"Bronze Scales":43,"StrikeDummy":0,"infinitespire:PuzzleCube":4,"Pocketwatch":9,"Darkstone Periapt":25,"Regal Pillow":10,"Singing Bowl":31,"Mango":47,"Juzu Bracelet":5,"Bag of Preparation":30,"Empty Cage":25,"Ancient Tea Set":36,"Burning Blood":0,"ClockworkSouvenir":5,"hubris:BlackHole":24,"Dream Catcher":26,"hubris:Backtick":6,"hubris:Icosahedron":42,"Mummified Hand":38,"Pantograph":31,"Toolbox":47,"Tiny Chest":25,"Chemical X":15,"hubris:ChampionShield":25,"InkBottle":3,"infinitespire:CursedDice":20,"hubris:MedicalManual":0,"hubris:Towel":3,"Medical Kit":35,"Anchor":25,"infinitespire:Satchel":37,"Art of War":11,"Membership Card":8,"hubris:CrackedHourglass":32,"hubris:OldNail":3,"hubris:Potato":6,"infinitespire:Midas Blood":30},{"Calipers":154,"Sling":151,"Boot":159,"Philosopher\u0027s Stone":109,"hubris:DeckOfHolding":136,"Necronomicon":109,"MerchantsRug":109,"Pear":139,"Dead Branch":109,"Velvet Choker":109,"Oddly Smooth Stone":136,"Pen Nib":109,"infinitespire:Beetle Shell":153,"hubris:Zylophone":109,"SlaversCollar":109,"hubris:BottledHeart":136,"Shuriken":151,"Bronze Scales":154,"StrikeDummy":0,"infinitespire:PuzzleCube":12,"Pocketwatch":35,"Darkstone Periapt":109,"Regal Pillow":38,"Singing Bowl":124,"Mango":158,"Juzu Bracelet":19,"Bag of Preparation":121,"Empty Cage":109,"Ancient Tea Set":139,"Burning Blood":0,"ClockworkSouvenir":19,"hubris:BlackHole":106,"Dream Catcher":111,"hubris:Backtick":27,"hubris:Icosahedron":153,"Mummified Hand":146,"Pantograph":124,"Toolbox":158,"Tiny Chest":109,"Chemical X":59,"hubris:ChampionShield":109,"InkBottle":10,"infinitespire:CursedDice":85,"hubris:MedicalManual":0,"hubris:Towel":10,"Medical Kit":136,"Anchor":109,"infinitespire:Satchel":143,"Art of War":44,"Membership Card":32,"hubris:CrackedHourglass":128,"hubris:OldNail":10,"hubris:Potato":27,"infinitespire:Midas Blood":121}]},"card_choices":[{"not_picked":["Warcry","Searing Blow"],"picked":"Disarm","floor":1.0},{"not_picked":["True Grit","Thunderclap"],"picked":"Dark Embrace","floor":3.0},{"not_picked":["Entrench","Twin Strike"],"picked":"Battle Trance","floor":4.0},{"not_picked":["Burning Pact","Thunderclap","Wild Strike"],"picked":"SKIP","floor":5.0},{"not_picked":["Entrench","Pommel Strike","Perfected Strike"],"picked":"SKIP","floor":7.0},{"not_picked":["Disarm","Flex"],"picked":"Barricade","floor":12.0},{"not_picked":["Corruption","Demon Form","Reaper"],"picked":"Singing Bowl","floor":16.0},{"not_picked":["Flex+1","Dual Wield","Thunderclap"],"picked":"Singing Bowl","floor":18.0},{"not_picked":["Flex","Dropkick"],"picked":"Second Wind+1","floor":19.0},{"not_picked":["Armaments","Twin Strike","Thunderclap"],"picked":"Singing Bowl","floor":20.0},{"not_picked":["Twin Strike","Shockwave+1","Barricade"],"picked":"Singing Bowl","floor":24.0},{"not_picked":["Uppercut","Bloodletting"],"picked":"Feel No Pain+1","floor":27.0},{"not_picked":["Shrug It Off","Twin Strike","True Grit"],"picked":"Singing Bowl","floor":28.0},{"not_picked":["Offering","Reaper"],"picked":"Berserk","floor":33.0},{"not_picked":["Dark Embrace","Perfected Strike","Thunderclap"],"picked":"Singing Bowl","floor":35},{"not_picked":["Flex+1","Clothesline","Perfected Strike+1"],"picked":"Singing Bowl","floor":39},{"not_picked":["Dropkick+1","Fire Breathing","Sever Soul"],"picked":"Singing Bowl","floor":41},{"not_picked":["Thunderclap+1","Blood for Blood+1","Headbutt"],"picked":"Singing Bowl","floor":45},{"not_picked":["Clash","Sever Soul+1","Headbutt"],"picked":"Singing Bowl","floor":47},{"not_picked":["Iron Wave","Bloodletting","Anger+1"],"picked":"Singing Bowl","floor":48},{"not_picked":["Hemokinesis+1","Burning Pact","Clash"],"picked":"Singing Bowl","floor":55}],"player_experience":918962,"relics_obtained":[{"floor":7.0,"key":"infinitespire:Midas Blood"},{"floor":9.0,"key":"Bag of Preparation"},{"floor":12.0,"key":"Singing Bowl"},{"floor":14.0,"key":"Pantograph"},{"floor":24.0,"key":"Ancient Tea Set"},{"floor":26.0,"key":"Pear"},{"floor":27.0,"key":"infinitespire:Satchel"},{"floor":31.0,"key":"Mummified Hand"},{"floor":41,"key":"infinitespire:Beetle Shell"},{"floor":45,"key":"Calipers"},{"floor":46,"key":"Bronze Scales"},{"floor":55,"key":"Boot"}],"event_choices":[{"damage_healed":0.0,"max_hp_gain":0.0,"max_hp_loss":0.0,"gold_gain":1.0,"event_name":"betterThird:BetterScrap","player_choice":"Relic Relic ","floor":2.0,"gold_loss":0.0,"damage_taken":16.0,"cards_obtained":["Wallop"]},{"damage_healed":0.0,"max_hp_gain":0.0,"max_hp_loss":0.0,"gold_gain":0.0,"event_name":"betterThird:BetterSerpent","player_choice":"Ignored","floor":13.0,"gold_loss":0.0,"damage_taken":379.0},{"cards_removed":["Carnage"],"damage_healed":0,"gold_gain":0,"player_choice":"Removed Attack","damage_taken":0,"max_hp_gain":0,"max_hp_loss":0,"event_name":"Falling","floor":38,"gold_loss":0},{"damage_healed":0,"gold_gain":0,"player_choice":"Fight","damage_taken":0,"max_hp_gain":0,"max_hp_loss":0,"event_name":"Mysterious Sphere","floor":45,"gold_loss":0}],"is_beta":false,"boss_relics":[{"not_picked":["Astrolabe","Pandora\u0027s Box"],"picked":"hubris:CrackedHourglass"},{"not_picked":["hubris:Backtick","Calling Bell"],"picked":"hubris:BlackHole"}],"items_purged_floors":[0,0,0,0,10,22,30,54],"is_endless":false,"potions_floor_spawned":[4,5,12,18,28,33,35,39,41,47],"ascension_level":20}}