{"host":"aunmuzt9j70r7vun","time":1608131470,"event":{"mods":["BaseMod","Better Altar","Better Third Choice","BetterRewards","Clockwork Mod","Curses Come First","Downfall","Infinite Spire","LagranYue(???·?)","Mad Scientist","Marisa????????","Minty Spire (QoL Compilation)","Rare Cards Sparkle","Relic Sorter","Say the Spire","Shop Mod","Spicy Shops","StSLib","The Cursed","The Disciple","The Edgeheg","The Mystic","The Servant 0.9.4"],"gold_per_floor":[116,291,309,14,14,39,39,74,98,108,108,108,121,121,121],"floor_reached":14,"playtime":772,"items_purged":["Doubt"],"score":160,"play_id":"fa3c7ab7-ddbb-45ea-8922-c18e11900be6","local_time":"20201216111110","is_ascension_mode":true,"campfire_choices":[{"data":"Double Energy","floor":7,"key":"SMITH"},{"floor":11,"key":"REST"}],"circlet_count":0,"master_deck":["Strike_B","Strike_B","Strike_B","Strike_B","Defend_B","Defend_B","Defend_B","Defend_B","Zap","Dualcast","Double Energy+1","Buffer","Leap","Storm"],"relics":["Cracked Core","LagranYue:RandomDrawCardRelic","NeowsBlessing","MerchantsRug","Oddly Smooth Stone","Singing Bowl","Art of War"],"acts_visited":["Exordium"],"potions_floor_usage":[],"damage_taken":[{"damage":0,"enemies":"Cultist","floor":1,"turns":1},{"damage":0,"enemies":"2 Louse","floor":3,"turns":1},{"damage":0,"enemies":"Gremlin Nob","floor":6,"turns":1},{"damage":36,"enemies":"Lagavulin","floor":8,"turns":8},{"damage":1,"enemies":"Jaw Worm","floor":10,"turns":3},{"damage":37,"enemies":"Gremlin Gang","floor":13,"turns":5},{"damage":28,"enemies":"3 Sentries","floor":14,"turns":7}],"seed_played":"4600054696956439945","potions_obtained":[{"floor":1,"key":"PotionOfCapacity"},{"floor":13,"key":"champ:CounterPotion"}],"is_trial":false,"path_per_floor":["M","?","M","$","?","E","R","E","T","M","R","?","M","E"],"character_chosen":"DEFECT","items_purchased":["MerchantsRug","Double Energy"],"campfire_rested":1,"item_purchase_floors":[4,4],"current_hp_per_floor":[68,68,68,68,68,68,68,32,32,33,56,56,19,0,0],"gold":121,"neow_bonus":"THREE_ENEMY_KILL","is_daily":false,"chose_seed":false,"campfire_upgraded":1,"win_rate":0.0,"timestamp":1608131470,"path_taken":["M","?","M","$","?","E","R","E","T","M","R","?","?","E"],"items_purchased_type":["Relic","Card"],"build_version":"2020-12-13","purchased_purges":1,"victory":false,"max_hp_per_floor":[75,75,75,75,75,75,75,75,75,77,77,77,77,77,77],"card_choices":[{"not_picked":["Hologram","Cold Snap","Conserve Battery"],"picked":"SKIP","floor":1},{"not_picked":["Streamline","BootSequence","Scrape"],"picked":"SKIP","floor":3},{"not_picked":["Gash","Rebound","FTL"],"picked":"SKIP","floor":6},{"not_picked":["Aggregate","Gash"],"picked":"Buffer","floor":8},{"not_picked":["Chaos","Steam","Redo"],"picked":"Singing Bowl","floor":10},{"not_picked":["Ball Lightning","Compile Driver"],"picked":"Storm","floor":13}],"player_experience":732349,"relics_obtained":[{"floor":6,"key":"Oddly Smooth Stone"},{"floor":8,"key":"Singing Bowl"},{"floor":9,"key":"Art of War"}],"event_choices":[{"damage_healed":0,"gold_gain":175,"player_choice":"AGREE","damage_taken":116,"max_hp_gain":0,"max_hp_loss":0,"event_name":"betterThird:BetterSerpent","floor":2,"gold_loss":0},{"damage_healed":0,"gold_gain":0,"player_choice":"1 cards matched","damage_taken":0,"max_hp_gain":0,"max_hp_loss":0,"event_name":"Match and Keep!","floor":12,"gold_loss":0,"cards_obtained":["Leap"]}],"is_beta":false,"boss_relics":[],"items_purged_floors":[4],"is_endless":false,"potions_floor_spawned":[1,13],"killed_by":"3 Sentries","ascension_level":6}}