{"host":"0cm5wy4nhuju7tij","time":1608090633,"event":{"mods":["2.2 Compatiblity","AchievementEnabler","BaseMod","Better Third Choice","BetterRewards","CCEM","Colored Powertips","Curses Come First","Custom Start","Displayed Cursed Tome","Downfall","Energized Spire","Filter the Spire","Fireblade Mod","Highlight Path","Minty Spire (QoL Compilation)","Permanent Neow","Railgun Mod","Robot Space Explorer","Shop Mod","Spicy Shops","StSLib","The Elementalist","The Mystic","The Servant 0.9.4"],"gold_per_floor":[117,127,139,150,150,150,115,115,115,40,40,58,83,101,101,101,101],"floor_reached":16,"playtime":1392,"items_purged":["Strike_S"],"score":99,"play_id":"71d8f833-6af3-4709-8ecc-fe9e474b3eaf","local_time":"20201215225033","is_ascension_mode":true,"campfire_choices":[{"data":"Starlight","floor":6,"key":"SMITH"},{"data":"GearUp","floor":11,"key":"SMITH"},{"data":"Reset","floor":15,"key":"SMITH"}],"circlet_count":0,"master_deck":["Strike_S","Strike_S","Strike_S","Defend_S","Defend_S","Defend_S","Defend_S","KidneyShot+1","Exchange","Misdirection","Starlight+1","GearUp+1","Defy","ReturningBlade","Ricochet","Reset+1"],"relics":["Uniform","Golden Idol","CCEMRelics:CocoNut"],"acts_visited":["Exordium"],"potions_floor_usage":[],"damage_taken":[{"damage":0,"enemies":"Jaw Worm","floor":1,"turns":5},{"damage":0,"enemies":"Small Slimes","floor":2,"turns":5},{"damage":0,"enemies":"2 Louse","floor":3,"turns":2},{"damage":20,"enemies":"Gremlin Gang","floor":4,"turns":6},{"damage":0,"enemies":"Exordium Thugs","floor":12,"turns":4},{"damage":12,"enemies":"Lots of Slimes","floor":13,"turns":5},{"damage":17,"enemies":"Gremlin Gang","floor":14,"turns":3},{"damage":41,"enemies":"Slime Boss","floor":16,"turns":13}],"seed_played":"6383289834907550","potions_obtained":[{"floor":3,"key":"Strength Potion"},{"floor":12,"key":"PowerPotion"}],"is_trial":false,"path_per_floor":["M","M","M","M","?","R","?","?","T","$","R","M","M","M","R","B"],"character_chosen":"THE_SERVANT","items_purchased":[],"campfire_rested":0,"item_purchase_floors":[],"current_hp_per_floor":[65,65,65,45,45,45,60,65,70,70,70,70,58,41,41,0,0],"gold":101,"neow_bonus":"UPGRADE_CARD","is_daily":false,"chose_seed":false,"campfire_upgraded":3,"win_rate":0.0,"timestamp":1608090633,"path_taken":["M","M","M","M","?","R","?","?","T","$","R","M","M","M","R","BOSS"],"items_purchased_type":[],"build_version":"2020-12-13","purchased_purges":1,"victory":false,"max_hp_per_floor":[65,65,65,65,60,60,60,65,70,70,70,70,70,70,70,70,70],"card_choices":[{"not_picked":["ShatteredReality","TimeWarp"],"picked":"Misdirection","floor":1},{"not_picked":["Revamp","BottledTime"],"picked":"Starlight","floor":2},{"not_picked":["Read","Snipe"],"picked":"GearUp","floor":3},{"not_picked":["Sabotage","Replace"],"picked":"Defy","floor":4},{"not_picked":["Alleviate","SpecialFormula"],"picked":"ReturningBlade","floor":12},{"not_picked":["Potential","Gouge"],"picked":"Ricochet","floor":13},{"not_picked":["DoubleEdge","BottledTime"],"picked":"Reset","floor":14}],"player_experience":221184,"relics_obtained":[{"floor":9,"key":"CCEMRelics:CocoNut"}],"event_choices":[{"damage_healed":0,"gold_gain":0,"player_choice":"Lose Max HP","damage_taken":0,"relics_obtained":["Golden Idol"],"max_hp_gain":0,"max_hp_loss":5,"event_name":"Golden Idol","floor":5,"gold_loss":0},{"damage_healed":15,"gold_gain":0,"player_choice":"Healed","damage_taken":0,"max_hp_gain":0,"max_hp_loss":0,"event_name":"The Cleric","floor":7,"gold_loss":35},{"damage_healed":0,"gold_gain":0,"player_choice":"Donut","damage_taken":0,"max_hp_gain":5,"max_hp_loss":0,"event_name":"Big Fish","floor":8,"gold_loss":0}],"is_beta":false,"boss_relics":[],"items_purged_floors":[10],"is_endless":false,"potions_floor_spawned":[3,12],"killed_by":"Slime Boss","ascension_level":1}}