{"host":"g75gtovmj0ine2rf","time":1608106133,"event":{"mods":["2.2 Compatiblity","AchievementEnabler","Act Like it!","Aspiration","Astrologer","Bard","BaseMod","Better Match","BetterRewards","CapriCore","Challenge The Spire","ChefMod","Colored Map","Conspire","Elementarium","Energized Spire","Friendly Minions","Gensokyo","Halation","Hallownest","Hermit","HexUI Lib","Highlight Path","Hubris","Infinite Spire","Jedi Mod","Lobotomy","Minty Spire (QoL Compilation)","Puzzle Mod","Quick Restart","Rare Cards Sparkle","Relic Stats","Replay The Spire","Shade Mod","Shop Mod","Spicy Shops","StSLib","SuperFastMode","The Construct","The Cursed","The Factory","The Jungle","The Runesmith","TheBandit","TheFirefly","TheSwordswoman","TheVacant","Transform Curses","Wandering Minibosses","thorton","vexMod"],"gold_per_floor":[113,113,132,132,7,34,34,68,120,154,163,163,186,146,146,146,146,146],"floor_reached":16,"playtime":1020,"items_purged":["wariomod:Defend"],"score":189,"play_id":"d88617b5-ab5d-466f-a0d5-c06e1fe01bb5","local_time":"20201216190853","is_ascension_mode":true,"campfire_choices":[{"floor":7,"key":"REST"},{"floor":15,"key":"REST"}],"circlet_count":0,"master_deck":["AscendersBane","wariomod:Strike","wariomod:Strike","wariomod:Defend","wariomod:Defend","wariomod:Step","wariomod:SmackSlam","wariomod:HappyHit","wariomod:BigUpgrade","wariomod:WhirlwindBurst","wariomod:Immortalize"],"relics":["wariomod:TheHat","Hallownest:DreamNailRelic","Ancient Tea Set","hubris:SlimyHat","CeramicFish","jedi:gremlinknob","White Beast Statue"],"acts_visited":["Exordium"],"potions_floor_usage":[16,16],"damage_taken":[{"damage":5,"enemies":"2_ Uuma","floor":1,"turns":5},{"damage":5,"enemies":"Hallownest:2_Tiktiks_and_1_Crawlid","floor":3,"turns":6},{"damage":19,"enemies":"Hallownest:eliteMossKnight","floor":6,"turns":9},{"damage":9,"enemies":"Hallownest:eliteCrystalGuardian","floor":8,"turns":5},{"damage":28,"enemies":"Hallownest:eliteMossKnight","floor":10,"turns":8},{"damage":7,"enemies":"Hallownest:monsterHuskGuard","floor":13,"turns":4},{"damage":52,"enemies":"Hallownest:BossHornet","floor":16,"turns":10}],"seed_played":"5672849618567784126","potions_obtained":[{"floor":1,"key":"Strength Potion"},{"floor":8,"key":"SpeedPotion"},{"floor":13,"key":"SkillPotion"}],"is_trial":false,"path_per_floor":["M","?","M","?","$","E","R","E","T","E","?","T","M","?","R","B"],"character_chosen":"THE_BANDIT","items_purchased":["wariomod:SmackSlam"],"campfire_rested":2,"item_purchase_floors":[5],"current_hp_per_floor":[60,60,55,55,55,36,53,44,44,16,16,16,9,33,50,0,0,0],"gold":146,"neow_bonus":"REMOVE_TWO","is_daily":false,"chose_seed":false,"campfire_upgraded":0,"win_rate":0.0,"timestamp":1608106133,"path_taken":["M","?","?","?","?","E","R","E","T","E","?","?","?","?","R","BOSS"],"items_purchased_type":["Card"],"build_version":"2020-12-13","purchased_purges":1,"victory":false,"max_hp_per_floor":[65,65,65,57,57,57,57,57,57,57,57,57,57,57,57,57,57,57],"relic_stats":{"counters":[7,47],"CeramicFish":27,"obtain_stats":[{"wariomod:TheHat":0,"CeramicFish":9,"jedi:gremlinknob":10,"Hallownest:DreamNailRelic":2,"hubris:SlimyHat":8,"Ancient Tea Set":6,"White Beast Statue":12},{"wariomod:TheHat":0,"CeramicFish":4,"jedi:gremlinknob":5,"Hallownest:DreamNailRelic":1,"hubris:SlimyHat":4,"Ancient Tea Set":3,"White Beast Statue":5},{"wariomod:TheHat":0,"CeramicFish":25,"jedi:gremlinknob":33,"Hallownest:DreamNailRelic":5,"hubris:SlimyHat":25,"Ancient Tea Set":20,"White Beast Statue":33}]},"card_choices":[{"not_picked":["wariomod:ThatsNotAll","wariomod:SimpleShield","wariomod:Game"],"picked":"SKIP","floor":1},{"not_picked":["wariomod:SimpleShield","wariomod:Leapslam","wariomod:ChargeForth"],"picked":"SKIP","floor":3},{"not_picked":["wariomod:DoubleDip","wariomod:BoomForm"],"picked":"wariomod:HappyHit","floor":6},{"not_picked":["wariomod:Boomsmack","wariomod:ThatsNotAll","wariomod:Hopshield"],"picked":"SKIP","floor":8},{"not_picked":["wariomod:Boomsmack","wariomod:Smackflip"],"picked":"wariomod:BigUpgrade","floor":10},{"not_picked":["wariomod:SmallSprint","wariomod:DamnedStrength"],"picked":"wariomod:Immortalize","floor":13}],"player_experience":1322464,"relics_obtained":[{"floor":6,"key":"Ancient Tea Set"},{"floor":8,"key":"hubris:SlimyHat"},{"floor":9,"key":"CeramicFish"},{"floor":10,"key":"jedi:gremlinknob"},{"floor":12,"key":"White Beast Statue"}],"event_choices":[],"is_beta":false,"boss_relics":[],"items_purged_floors":[5],"is_endless":false,"potions_floor_spawned":[1,8,13],"killed_by":"Hallownest:BossHornet","ascension_level":17}}