{"host":"egyxg9lnjq7g2hmw","time":1608096060,"event":{"mods":["AchievementEnabler","BaseMod","Block Reminder","Colored Map","Colored Powertips","Highlight Path","Minty Spire (QoL Compilation)","Rare Cards Sparkle","StSLib"],"gold_per_floor":[113,128,278,288,302,302,327,327,409,438,438,89,89,89,89],"floor_reached":14,"playtime":585,"items_purged":["Strike_G"],"score":181,"play_id":"4f9ddeef-a269-45b6-8d3f-c8572486a93b","local_time":"20201215212100","is_ascension_mode":true,"campfire_choices":[{"data":"Neutralize","floor":6,"key":"SMITH"},{"data":"Skewer","floor":8,"key":"SMITH"}],"circlet_count":0,"master_deck":["AscendersBane","Strike_G","Strike_G","Strike_G","Strike_G","Defend_G","Defend_G","Defend_G","Defend_G","Defend_G","Survivor","Neutralize+1","Dodge and Roll","Skewer+1","Flying Knee","Well Laid Plans"],"relics":["Ring of the Snake","Ice Cream","Bottled Lightning","Bag of Preparation","Sling"],"acts_visited":["Exordium"],"potions_floor_usage":[10,14,14],"damage_taken":[{"damage":0,"enemies":"2 Louse","floor":1,"turns":3},{"damage":1,"enemies":"Small Slimes","floor":2,"turns":4},{"damage":11,"enemies":"Jaw Worm","floor":4,"turns":6},{"damage":3,"enemies":"3 Louse","floor":5,"turns":4},{"damage":33,"enemies":"3 Sentries","floor":7,"turns":13},{"damage":14,"enemies":"Gremlin Nob","floor":10,"turns":4},{"damage":5,"enemies":"3 Sentries","floor":14,"turns":4}],"seed_played":"5611823523588404569","potions_obtained":[{"floor":1,"key":"LiquidMemories"},{"floor":4,"key":"Ancient Potion"},{"floor":7,"key":"SneckoOil"}],"is_trial":false,"path_per_floor":["M","M","?","M","M","R","E","R","T","E","?","$","?","E"],"character_chosen":"THE_SILENT","items_purchased":["Sling","Swift Potion","Strength Potion"],"campfire_rested":0,"item_purchase_floors":[12,12,12],"current_hp_per_floor":[65,64,64,53,50,50,17,17,17,3,3,3,3,0,0],"gold":89,"neow_bonus":"TEN_PERCENT_HP_BONUS","is_daily":false,"chose_seed":false,"campfire_upgraded":2,"win_rate":0.0,"timestamp":1608096060,"path_taken":["M","M","?","M","M","R","E","R","T","E","?","$","?","E"],"items_purchased_type":["Relic","Potion","Potion"],"build_version":"2020-12-13","purchased_purges":1,"victory":false,"max_hp_per_floor":[72,72,72,72,72,72,72,72,72,72,72,72,72,72,72],"card_choices":[{"not_picked":["Terror","Bane"],"picked":"Dodge and Roll","floor":1},{"not_picked":["Heel Hook","Catalyst"],"picked":"Skewer","floor":2},{"not_picked":["Dodge and Roll","Slice"],"picked":"Flying Knee","floor":4},{"not_picked":["Prepared","Backflip","Sucker Punch"],"picked":"SKIP","floor":5},{"not_picked":["Slice","Flying Knee","Sucker Punch"],"picked":"SKIP","floor":7},{"not_picked":["Doppelganger","Dodge and Roll"],"picked":"Well Laid Plans","floor":10}],"player_experience":476218,"relics_obtained":[{"floor":7,"key":"Ice Cream"},{"floor":9,"key":"Bottled Lightning"},{"floor":10,"key":"Bag of Preparation"}],"event_choices":[{"damage_healed":0,"gold_gain":150,"player_choice":"AGREE","damage_taken":0,"max_hp_gain":0,"max_hp_loss":0,"event_name":"Liars Game","floor":3,"gold_loss":0,"cards_obtained":["Doubt"]},{"cards_removed":["Doubt"],"damage_healed":0,"gold_gain":0,"player_choice":"Forget","damage_taken":0,"max_hp_gain":0,"max_hp_loss":0,"event_name":"Living Wall","floor":11,"gold_loss":0},{"damage_healed":0,"gold_gain":0,"player_choice":"Ignored","damage_taken":0,"max_hp_gain":0,"max_hp_loss":0,"event_name":"Shining Light","floor":13,"gold_loss":0}],"is_beta":false,"boss_relics":[],"items_purged_floors":[12],"is_endless":false,"potions_floor_spawned":[1,4,7],"killed_by":"3 Sentries","ascension_level":17}}