{"host":"yuhibl5o0ay6idau","time":1608131833,"event":{"mods":["Aspiration","BaseMod","Better Altar","Better Match","Better Note","Better Sensory Stone","Better Skull","Better Third Choice","Colored Map","Colored Powertips","Conspire","Highlight Path","Minty Spire (QoL Compilation)","Quick Restart","Replay The Spire","StSLib","SuperFastMode"],"gold_per_floor":[110,110,110,35,49,77,77,77,102,102,102,102,22,55,69,69,69,69,69],"floor_reached":18,"playtime":802,"items_purged":["Injury","Eviscerate+1"],"score":189,"play_id":"3133d022-1f4a-4672-9dd2-1cc2a88c0ab7","local_time":"20201216071713","is_ascension_mode":true,"campfire_choices":[{"data":"Rage","floor":10,"key":"SMITH"},{"data":"Backflip","floor":12,"key":"SMITH"},{"data":"Flame Barrier","floor":17,"key":"SMITH"}],"circlet_count":0,"master_deck":["Strike_R","Strike_R+1","Strike_R","Strike_R+1","Defend_R","Defend_R","Defend_R","Flame Barrier+1","Backflip+1","Dagger Throw+1","Rage+1","Iron Wave+1","ReplayTheSpireMod:Muscle Training","Clothesline+1"],"relics":["Burning Blood","NeowsBlessing","Molten Egg 2","The Courier","Replay:Ringing Soul","Mirror","Matryoshka"],"acts_visited":["Exordium"],"potions_floor_usage":[],"damage_taken":[{"damage":0,"enemies":"Jaw Worm","floor":1,"turns":1},{"damage":0,"enemies":"Small Slimes","floor":5,"turns":1},{"damage":0,"enemies":"Lagavulin","floor":6,"turns":1},{"damage":15,"enemies":"3 Sentries","floor":9,"turns":9},{"damage":19,"enemies":"Lagavulin","floor":14,"turns":8},{"damage":0,"enemies":"2 Louse","floor":15,"turns":2},{"damage":54,"enemies":"Slime Boss","floor":18,"turns":14}],"seed_played":"88842077474494867","potions_obtained":[{"floor":5,"key":"DuplicationPotion"},{"floor":9,"key":"FearPotion"}],"is_trial":false,"path_per_floor":["M","?","?","$","M","E","PTL","PTL","E","R","T","R","$","E","M","?","R","B"],"character_chosen":"IRONCLAD","items_purchased":[],"campfire_rested":0,"item_purchase_floors":[],"current_hp_per_floor":[80,80,80,80,80,80,80,80,71,71,71,71,71,61,70,53,53,0,0],"gold":69,"neow_bonus":"THREE_ENEMY_KILL","is_daily":false,"chose_seed":false,"campfire_upgraded":3,"win_rate":0.0,"timestamp":1608131833,"path_taken":["M","?","?","$","?","E","PTL","PTL","E","R","T","R","$","E","M","?","R","BOSS"],"items_purchased_type":[],"build_version":"2020-12-13","purchased_purges":2,"victory":false,"max_hp_per_floor":[80,80,80,80,80,80,80,80,80,80,80,80,80,83,86,86,86,86,86],"card_choices":[{"not_picked":["Havoc","Warcry"],"picked":"Flame Barrier","floor":1},{"not_picked":["ReplayTheSpireMod:Strike From Hell+1","Clothesline+1"],"picked":"Rage","floor":5},{"not_picked":["Shockwave","Rage"],"picked":"Iron Wave+1","floor":6},{"not_picked":["Defy Death","Anger+1","Thunderclap+1"],"picked":"SKIP","floor":9},{"not_picked":["Massacre+1","Shockwave"],"picked":"ReplayTheSpireMod:Muscle Training","floor":14},{"not_picked":["Blood for Blood+1","Combust"],"picked":"Clothesline+1","floor":15}],"player_experience":368670,"relics_obtained":[{"floor":6,"key":"The Courier"},{"floor":9,"key":"Replay:Ringing Soul"},{"floor":11,"key":"Mirror"},{"floor":14,"key":"Matryoshka"}],"event_choices":[{"damage_healed":70,"gold_gain":0,"player_choice":"Upgrade","damage_taken":17,"max_hp_gain":0,"max_hp_loss":86,"event_name":"betterThird:BetterShining","floor":16,"gold_loss":0,"cards_upgraded":["Strike_R","Strike_R"]}],"is_beta":false,"boss_relics":[],"items_purged_floors":[4,13],"is_endless":false,"potions_floor_spawned":[5,9],"killed_by":"Slime Boss","ascension_level":5}}