{"host":"p4v0hquynnreu717","time":1608133651,"event":{"mods":["BaseMod","Better Vampires","DeckTracker","Googly Eyes","Minty Spire (QoL Compilation)","Quick Restart","StSLib","SuperFastMode","TestMod","[IsaacMod]ÒÔÈö¼âËþ","vexMod"],"gold_per_floor":[114,127,147,147,158,158,191,191,242,268,285,46,56,71,71,148,148,162,212,229,249,269,269,301,301,324,355,369,150,65,65,65,139,139,155,1154,1166,1185,1185,1201,1218,1218,1218],"floor_reached":42,"playtime":1690,"items_purged":["A Thousand Cuts","Neutralize","Deadly Poison+1"],"score":951,"play_id":"43487088-c7fe-4251-8d04-6e7ae720c490","local_time":"20201216234731","is_ascension_mode":true,"campfire_choices":[{"data":"Bouncing Flask","floor":6.0,"key":"SMITH"},{"data":"Catalyst","floor":15.0,"key":"SMITH"},{"data":"Burst","floor":23.0,"key":"SMITH"},{"data":"Madness","floor":25.0,"key":"SMITH"},{"data":"Catalyst","floor":32.0,"key":"SMITH"}],"circlet_count":0,"master_deck":["AscendersBane","Survivor+1","Bouncing Flask+1","Catalyst+1","Backflip","Blur","Madness+1","Backflip","Burst+1","Blade Dance","Expertise+1","Well Laid Plans","Catalyst+1","Normality","Normality","Catalyst"],"relics":["testmod-TestBox","HushsDoor","testmod-CardMagician","BFFS","Pandora\u0027s Box","Blue Candle","BookOfRevelations","testmod-SaigiyounoYou","Anchor","Bag of Marbles","testmod-IndustrialRevolution","Lantern","testmod-Prudence"],"acts_visited":["Exordium","TheCity","TheBeyond"],"potions_floor_usage":[38,41,42],"damage_taken":[{"damage":6.0,"enemies":"2 Louse","floor":1.0,"turns":15.0},{"damage":1.0,"enemies":"Jaw Worm","floor":2.0,"turns":3.0},{"damage":0.0,"enemies":"Cultist","floor":3.0,"turns":3.0},{"damage":0.0,"enemies":"Looter","floor":5.0,"turns":2.0},{"damage":8.0,"enemies":"Gremlin Nob","floor":7.0,"turns":3.0},{"damage":10.0,"enemies":"3 Sentries","floor":10.0,"turns":7.0},{"damage":4.0,"enemies":"Exordium Wildlife","floor":11.0,"turns":2.0},{"damage":5.0,"enemies":"2 Fungi Beasts","floor":13.0,"turns":2.0},{"damage":0.0,"enemies":"Exordium Thugs","floor":14.0,"turns":4.0},{"damage":0.0,"enemies":"Slime Boss","floor":16.0,"turns":3.0},{"damage":0.0,"enemies":"Chosen","floor":18.0,"turns":2.0},{"damage":7.0,"enemies":"2 Thieves","floor":20.0,"turns":4.0},{"damage":28.0,"enemies":"Centurion and Healer","floor":21.0,"turns":5.0},{"damage":10.0,"enemies":"Shelled Parasite and Fungi","floor":22.0,"turns":4.0},{"damage":8.0,"enemies":"Slavers","floor":24.0,"turns":5.0},{"damage":2.0,"enemies":"Gremlin Leader","floor":27.0,"turns":5.0},{"damage":7.0,"enemies":"Snake Plant","floor":28.0,"turns":3.0},{"damage":7.0,"enemies":"Collector","floor":33.0,"turns":5.0},{"damage":2.0,"enemies":"Orb Walker","floor":35.0,"turns":3.0},{"damage":45,"enemies":"3 Darklings","floor":37,"turns":4},{"damage":17,"enemies":"Jaw Worm Horde","floor":38,"turns":6},{"damage":20,"enemies":"Sphere and 2 Shapes","floor":40,"turns":4},{"damage":24,"enemies":"4 Shapes","floor":41,"turns":12},{"damage":37,"enemies":"Reptomancer","floor":42,"turns":2}],"seed_played":"-8828305893106150544","potions_obtained":[{"floor":10.0,"key":"SteroidPotion"},{"floor":11.0,"key":"LiquidMemories"},{"floor":22.0,"key":"testmod-TimePotion"},{"floor":24.0,"key":"ColorlessPotion"},{"floor":28.0,"key":"Energy Potion"},{"floor":38,"key":"testmod-TestPotion"}],"is_trial":false,"path_per_floor":["M","M","M","?","M","R","E","?","T","E","M","$","M","M","R","B",null,"M","?","M","M","M","R","E","R","T","E","M","$","?","?","R","B",null,"M","?","M","M","?","M","M","E"],"character_chosen":"THE_SILENT","items_purchased":["Blur","Madness","Burst","Well Laid Plans","Catalyst"],"campfire_rested":0,"item_purchase_floors":[12,12,17,29,29],"current_hp_per_floor":[53,52,52,52,52,52,44,24,24,14,10,10,5,5,5,5,44,46,46,44,24,22,22,34,34,34,52,48,48,48,57,57,57,57,57,57,28,25,25,18,20,0,0],"gold":1218,"neow_bonus":"BOSS_RELIC","is_daily":false,"chose_seed":false,"campfire_upgraded":5,"win_rate":0.0,"timestamp":1608133651,"path_taken":["M","M","M","?","M","R","E","?","T","E","M","$","M","M","R","BOSS","M","?","M","M","M","R","E","R","T","E","M","$","?","?","R","BOSS","M","?","M","M","?","?","M","E"],"items_purchased_type":["Card","Card","Card","Card","Card"],"build_version":"2020-12-13","purchased_purges":3,"victory":false,"max_hp_per_floor":[66,66,66,66,66,66,66,66,66,66,66,66,66,66,66,66,57,57,57,57,57,57,57,57,57,57,57,57,57,57,57,57,57,57,57,57,57,57,57,57,57,57,57],"card_choices":[{"not_picked":[],"picked":"ChaosCard","floor":0.0},{"not_picked":["Deflect","Outmaneuver"],"picked":"Bouncing Flask","floor":1.0},{"not_picked":["Concentrate","PiercingWail"],"picked":"Deadly Poison","floor":2.0},{"not_picked":["Expertise","Poisoned Stab","Eviscerate"],"picked":"SKIP","floor":3.0},{"not_picked":["Poisoned Stab","Infinite Blades","Bomb"],"picked":"SKIP","floor":5.0},{"not_picked":["Deflect","Bane"],"picked":"A Thousand Cuts","floor":7.0},{"not_picked":["Deadly Poison","Caltrops"],"picked":"Catalyst","floor":10.0},{"not_picked":["Blade Dance","Acrobatics"],"picked":"Backflip","floor":11.0},{"not_picked":["Dodge and Roll","Masterful Stab","Quick Slash"],"picked":"SKIP","floor":13.0},{"not_picked":["Poisoned Stab","Underhanded Strike"],"picked":"Backflip","floor":14.0},{"not_picked":["Deflect","Heel Hook","Cloak And Dagger"],"picked":"SKIP","floor":18.0},{"not_picked":["Deadly Poison","PiercingWail","Quick Slash"],"picked":"SKIP","floor":20.0},{"not_picked":["Prepared","PiercingWail"],"picked":"Blade Dance","floor":21.0},{"not_picked":["Cloak And Dagger","Deadly Poison+1","Predator"],"picked":"SKIP","floor":22.0},{"not_picked":["Unload","PiercingWail","Flechettes"],"picked":"SKIP","floor":24.0},{"not_picked":["Setup","Dash"],"picked":"Expertise+1","floor":27.0},{"not_picked":["Blade Dance+1","Deflect"],"picked":"Accuracy","floor":28.0},{"not_picked":["Deadly Poison","Setup+1","Dagger Throw+1"],"picked":"SKIP","floor":35.0},{"not_picked":["Outmaneuver","Tools of the Trade","Terror"],"picked":"SKIP","floor":37},{"not_picked":["Dagger Spray","All Out Attack"],"picked":"Catalyst","floor":38},{"not_picked":["Deadly Poison","Slice","Prepared"],"picked":"SKIP","floor":40},{"not_picked":["Setup","Bouncing Flask+1","Flying Knee"],"picked":"SKIP","floor":41}],"player_experience":735264,"relics_obtained":[{"floor":7.0,"key":"Blue Candle"},{"floor":9.0,"key":"BookOfRevelations"},{"floor":24.0,"key":"Anchor"},{"floor":26.0,"key":"Bag of Marbles"},{"floor":27.0,"key":"testmod-IndustrialRevolution"}],"event_choices":[{"damage_healed":0.0,"max_hp_gain":0.0,"max_hp_loss":0.0,"gold_gain":0.0,"event_name":"The Cleric","player_choice":"Leave","floor":4.0,"gold_loss":0.0,"damage_taken":0.0},{"damage_healed":0.0,"max_hp_gain":0.0,"max_hp_loss":0.0,"gold_gain":0.0,"event_name":"Shining Light","player_choice":"Entered Light","floor":8.0,"gold_loss":0.0,"damage_taken":20.0,"cards_upgraded":["Deadly Poison","Survivor"]},{"damage_healed":0.0,"max_hp_gain":0.0,"max_hp_loss":0.0,"gold_gain":50.0,"event_name":"Nest","player_choice":"Stole From Cult","floor":19.0,"gold_loss":0.0,"damage_taken":0.0},{"damage_healed":0.0,"max_hp_gain":0.0,"max_hp_loss":0.0,"gold_gain":0.0,"event_name":"Addict","player_choice":"Obtained Relic","floor":30.0,"gold_loss":85.0,"damage_taken":0.0,"relics_obtained":["Lantern"]},{"damage_healed":11.0,"max_hp_gain":0.0,"max_hp_loss":0.0,"gold_gain":0.0,"event_name":"The Library","player_choice":"Heal","floor":31.0,"gold_loss":0.0,"damage_taken":0.0},{"damage_healed":0,"gold_gain":999,"player_choice":"Gold","damage_taken":0,"max_hp_gain":0,"max_hp_loss":0,"event_name":"MindBloom","floor":36,"gold_loss":0,"cards_obtained":["Normality","Normality"]}],"is_beta":false,"boss_relics":[{"not_picked":["vexMod:MysteryBossChallenge","vexMod:FluxCapacitor"],"picked":"testmod-SaigiyounoYou"},{"not_picked":[]},{"not_picked":["testmod-NegativeEmotionEnhancer","Snecko Eye"],"picked":"testmod-Prudence"},{"not_picked":[]}],"items_purged_floors":[12,17,29],"is_endless":false,"potions_floor_spawned":[10,11,13,16,22,24,28,33,35,37,38],"killed_by":"Reptomancer","ascension_level":15}}