{"host":"wha9hktbkslqvblg","time":1608083053,"event":{"mods":["BaseMod","Colored Map","Minty Spire (QoL Compilation)","Relic Stats","SuperFastMode","everything is the same but u backflip on backflip"],"gold_per_floor":[115,115,135,135,45,45,76,76,76,117,192,261,276,291,291,385,385,404,404,164,184,210,210,248,248,297,297,297,297,297,318,318,318,318],"floor_reached":33,"playtime":491,"items_purged":["Strike_R"],"score":688,"play_id":"73a52abe-7c5b-4a87-ba7d-9fa505862779","local_time":"20201216104413","is_ascension_mode":true,"campfire_choices":[{"data":"Fire Breathing","floor":6,"key":"SMITH"},{"data":"Bloodletting","floor":8,"key":"SMITH"},{"data":"Sever Soul","floor":15,"key":"SMITH"},{"data":"Immolate","floor":23,"key":"SMITH"},{"data":"Second Wind","floor":27,"key":"SMITH"},{"data":"Uppercut","floor":32,"key":"SMITH"}],"circlet_count":0,"master_deck":["AscendersBane","Defend_R","Defend_R","Defend_R","Defend_R","Bash","Bloodletting+1","Sever Soul+1","Fire Breathing+1","Seeing Red","Feel No Pain","Immolate+1","Second Wind+1","Uppercut+1","Disarm","Armaments+1"],"relics":["Burning Blood","NeowsBlessing","Golden Idol","Vajra","Self Forming Clay","Turnip","Mummified Hand","Coffee Dripper","Bronze Scales","Omamori","Orichalcum","Eternal Feather","Juzu Bracelet"],"acts_visited":["Exordium","TheCity"],"potions_floor_usage":[16,21,31,33,33],"damage_taken":[{"damage":0,"enemies":"Small Slimes","floor":1,"turns":1},{"damage":0,"enemies":"Jaw Worm","floor":3,"turns":1},{"damage":0,"enemies":"3 Sentries","floor":7,"turns":2},{"damage":36,"enemies":"Gremlin Nob","floor":10,"turns":4},{"damage":0,"enemies":"2 Louse","floor":13,"turns":2},{"damage":8,"enemies":"Looter","floor":14,"turns":3},{"damage":0,"enemies":"Slime Boss","floor":16,"turns":5},{"damage":9,"enemies":"Chosen","floor":18,"turns":3},{"damage":2,"enemies":"3 Byrds","floor":21,"turns":2},{"damage":55,"enemies":"Gremlin Leader","floor":24,"turns":5},{"damage":0,"enemies":"Cultist and Chosen","floor":31,"turns":4},{"damage":44,"enemies":"Collector","floor":33,"turns":6}],"seed_played":"3211094902187664181","potions_obtained":[{"floor":7,"key":"Dexterity Potion"},{"floor":13,"key":"LiquidMemories"},{"floor":16,"key":"ColorlessPotion"},{"floor":24,"key":"ElixirPotion"},{"floor":28,"key":"DistilledChaos"},{"floor":31,"key":"Explosive Potion"}],"is_trial":false,"path_per_floor":["M","?","M","?","$","R","E","R","T","E","?","T","M","M","R","B",null,"M","?","$","M","T","R","E","T","T","R","?","?","?","M","R","B"],"character_chosen":"IRONCLAD","items_purchased":["Fire Breathing","Bronze Scales"],"campfire_rested":0,"item_purchase_floors":[5,20],"current_hp_per_floor":[74,48,54,54,54,54,60,60,60,30,19,19,25,23,23,29,64,61,61,61,65,65,65,16,16,16,25,25,25,25,31,40,0,0],"gold":318,"neow_bonus":"THREE_ENEMY_KILL","is_daily":false,"chose_seed":false,"campfire_upgraded":6,"win_rate":0.0,"timestamp":1608083053,"path_taken":["M","?","M","?","$","R","E","R","T","E","?","?","M","M","R","BOSS","M","?","$","M","?","R","E","?","T","R","?","?","?","M","R","BOSS"],"items_purchased_type":["Card","Relic"],"build_version":"2020-12-13","purchased_purges":1,"victory":false,"max_hp_per_floor":[75,75,75,75,75,75,75,75,75,75,75,75,75,75,75,75,75,75,75,75,75,75,75,75,75,75,75,75,75,75,75,75,75,75],"relic_stats":{"counters":[12,38],"Golden Idol":63,"Self Forming Clay":[42],"Mummified Hand":[15],"Bronze Scales":[86],"Eternal Feather":18,"Turnip":[8],"Juzu Bracelet":2,"Orichalcum":[12],"obtain_stats":[{"NeowsBlessing":0,"Golden Idol":2,"Self Forming Clay":9,"Vajra":7,"Eternal Feather":25,"Omamori":22,"Juzu Bracelet":26,"Orichalcum":24,"Burning Blood":0,"Mummified Hand":12,"Bronze Scales":20,"Turnip":10,"Coffee Dripper":17},{"NeowsBlessing":0,"Golden Idol":1,"Self Forming Clay":3,"Vajra":3,"Eternal Feather":10,"Omamori":9,"Juzu Bracelet":10,"Orichalcum":10,"Burning Blood":0,"Mummified Hand":4,"Bronze Scales":8,"Turnip":4,"Coffee Dripper":7},{"NeowsBlessing":0,"Golden Idol":1,"Self Forming Clay":4,"Vajra":4,"Eternal Feather":28,"Omamori":23,"Juzu Bracelet":28,"Orichalcum":28,"Burning Blood":0,"Mummified Hand":8,"Bronze Scales":21,"Turnip":8,"Coffee Dripper":18}],"Burning Blood":66},"card_choices":[{"not_picked":["Headbutt","Pommel Strike"],"picked":"Bloodletting","floor":1},{"not_picked":["Clash","Dual Wield","Sentinel"],"picked":"SKIP","floor":3},{"not_picked":["Headbutt","Disarm"],"picked":"Seeing Red","floor":7},{"not_picked":["Sever Soul","Clash"],"picked":"Feel No Pain","floor":10},{"not_picked":["Warcry","Cleave","Intimidate"],"picked":"SKIP","floor":13},{"not_picked":["Warcry","Cleave","Intimidate"],"picked":"SKIP","floor":13},{"not_picked":["Anger","Flex","Infernal Blade"],"picked":"SKIP","floor":14},{"not_picked":["Feed","Berserk"],"picked":"Immolate","floor":16},{"not_picked":["Clash+1","True Grit"],"picked":"Second Wind","floor":18},{"not_picked":["Iron Wave","Dual Wield","Rampage+1"],"picked":"SKIP","floor":21},{"not_picked":["Bludgeon","Iron Wave","Wild Strike"],"picked":"SKIP","floor":24},{"not_picked":["Clash","Heavy Blade"],"picked":"Armaments+1","floor":31}],"player_experience":850053,"relics_obtained":[{"floor":7,"key":"Vajra"},{"floor":9,"key":"Self Forming Clay"},{"floor":10,"key":"Turnip"},{"floor":12,"key":"Mummified Hand"},{"floor":22,"key":"Omamori"},{"floor":24,"key":"Orichalcum"},{"floor":25,"key":"Eternal Feather"},{"floor":26,"key":"Juzu Bracelet"}],"event_choices":[{"damage_healed":0,"gold_gain":0,"player_choice":"Take Damage","damage_taken":26,"relics_obtained":["Golden Idol"],"max_hp_gain":0,"max_hp_loss":0,"event_name":"Golden Idol","floor":2,"gold_loss":0},{"damage_healed":0,"gold_gain":0,"cards_transformed":["Strike_R"],"player_choice":"Change","damage_taken":0,"max_hp_gain":0,"max_hp_loss":0,"event_name":"Living Wall","floor":4,"gold_loss":0,"cards_obtained":["Sever Soul"]},{"damage_healed":0,"gold_gain":75,"player_choice":"Gather Gold","damage_taken":11,"max_hp_gain":0,"max_hp_loss":0,"event_name":"World of Goop","floor":11,"gold_loss":0},{"cards_removed":["Strike_R"],"damage_healed":0,"gold_gain":0,"player_choice":"Elegance","damage_taken":0,"max_hp_gain":0,"max_hp_loss":0,"event_name":"Back to Basics","floor":19,"gold_loss":0},{"damage_healed":0,"gold_gain":0,"player_choice":"Got Potions","damage_taken":0,"max_hp_gain":0,"max_hp_loss":0,"event_name":"Lab","floor":28,"gold_loss":0},{"damage_healed":0,"gold_gain":0,"cards_transformed":["Strike_R","Strike_R"],"player_choice":"Became Test Subject","damage_taken":0,"max_hp_gain":0,"max_hp_loss":0,"event_name":"Drug Dealer","floor":29,"gold_loss":0,"cards_obtained":["Uppercut","Disarm"]},{"damage_healed":0,"gold_gain":0,"player_choice":"Ignored","damage_taken":0,"max_hp_gain":0,"max_hp_loss":0,"event_name":"Ghosts","floor":30,"gold_loss":0}],"is_beta":false,"boss_relics":[{"not_picked":["Runic Cube","Fusion Hammer"],"picked":"Coffee Dripper"}],"items_purged_floors":[20],"is_endless":false,"potions_floor_spawned":[7,13,16,24,31],"killed_by":"Collector","ascension_level":20}}