{"host":"55yei7x27djrlaep","time":1608121495,"event":{"mods":["Act Like it!","BaseMod","BetterRewards","Colored Map","Conspire","Ekko","Friendly Minions","GifTheSpireLib","Marisa????????","Minty Spire (QoL Compilation)","Replay The Spire","StSLib","The Mystic"],"gold_per_floor":[10,10,24,24,43,43,58,58,58,94,94,94,94,135,135,160,261,380,380,405,420,420,345,168,168,203,203,203,203,203],"floor_reached":29,"playtime":799,"items_purged":[],"score":275,"play_id":"dad80194-86cd-4de6-98a0-aac348e6aa52","local_time":"20201216152455","is_ascension_mode":true,"campfire_choices":[{"data":"ReplayTheSpireMod:Limb From Limb","floor":6,"key":"SMITH"},{"data":"Inflame","floor":8,"key":"SMITH"},{"data":"Perfected Strike","floor":15,"key":"SMITH"},{"floor":25,"key":"RECALL"}],"circlet_count":0,"master_deck":["Strike_R","Strike_R","Strike_R","Strike_R","Defend_R","Defend_R","Defend_R","Bash","Infernal Blade","Inflame+1","Perfected Strike+1","ReplayTheSpireMod:Limb From Limb+1","Twin Strike","Dropkick","Flame Barrier","Cleave","Feed","Pummel","Perfected Strike+1","ReplayUltimateDefense","Shrug It Off"],"relics":["Burning Blood","WingedGreaves","Golden Idol","Incense Burner","Odd Mushroom","Gambling Chip","Fusion Hammer","Gremlin Food","Matryoshka"],"acts_visited":["Exordium","TheCity"],"potions_floor_usage":[13,14,18,21,26],"damage_taken":[{"damage":6,"enemies":"2 Louse","floor":1,"turns":4},{"damage":7,"enemies":"Small Slimes","floor":3,"turns":3},{"damage":6,"enemies":"Cultist","floor":5,"turns":3},{"damage":10,"enemies":"2 Fungi Beasts","floor":7,"turns":3},{"damage":45,"enemies":"The Mushroom Lair","floor":10,"turns":4},{"damage":12,"enemies":"Lagavulin","floor":14,"turns":4},{"damage":6,"enemies":"Looter","floor":16,"turns":2},{"damage":30,"enemies":"Hexaghost","floor":18,"turns":9},{"damage":18,"enemies":"Shell Parasite","floor":20,"turns":4},{"damage":11,"enemies":"2 Thieves","floor":21,"turns":3},{"damage":52,"enemies":"Book of Stabbing","floor":26,"turns":6},{"damage":21,"enemies":"Slavers","floor":29,"turns":1}],"seed_played":"-3042900883970499612","potions_obtained":[{"floor":3,"key":"BloodPotion"},{"floor":10,"key":"Explosive Potion"},{"floor":13,"key":"BlessingOfTheForge"},{"floor":13,"key":"conspire:TimeTravelPotion"},{"floor":16,"key":"Regen Potion"},{"floor":20,"key":"Ancient Potion"},{"floor":21,"key":"Dexterity Potion"}],"is_trial":false,"path_per_floor":["M","?","M","?","M","R","M","R","T","?","PTL","PTL","?","E","R","M","R_BF","B",null,"M","M","?","?","$","R","E","?","T","E"],"character_chosen":"IRONCLAD","items_purchased":["ReplayUltimateDefense"],"campfire_rested":0,"item_purchase_floors":[24],"current_hp_per_floor":[80,60,59,59,59,59,55,55,55,16,16,16,32,26,26,26,26,11,80,71,69,69,69,69,69,34,17,17,0,0],"gold":203,"neow_bonus":"ONE_RARE_RELIC","is_daily":false,"chose_seed":false,"campfire_upgraded":3,"win_rate":0.0,"timestamp":1608121495,"path_taken":["M","?","M","?","?","R","M","R","T","?","PTL","PTL","?","E","R","M","R_BF","BOSS","M","?","?","?","$","R","E","?","T","E"],"items_purchased_type":["Card"],"build_version":"2020-12-13","purchased_purges":0,"victory":false,"max_hp_per_floor":[80,80,80,80,80,80,80,80,80,80,80,80,80,80,80,80,80,80,80,83,86,86,86,86,86,86,91,91,91,91],"card_choices":[{"not_picked":["Clash","True Grit"],"picked":"Infernal Blade","floor":1},{"not_picked":["Pommel Strike","Sword Boomerang"],"picked":"Inflame","floor":3},{"not_picked":["Twin Strike","Clothesline"],"picked":"ReplayTheSpireMod:Limb From Limb","floor":5},{"not_picked":["Dark Embrace","Run Through"],"picked":"Twin Strike","floor":7},{"not_picked":["Sever Soul","Entrench"],"picked":"Dropkick","floor":10},{"not_picked":["Pommel Strike","Thunderclap"],"picked":"Flame Barrier","floor":14},{"not_picked":["Twin Strike","ReplayTheSpireMod:Strike From Hell"],"picked":"Cleave","floor":16},{"not_picked":["conspire:Purge","Immolate"],"picked":"Feed","floor":18},{"not_picked":["Havoc","Iron Wave"],"picked":"Pummel","floor":20},{"not_picked":["Shockwave","ReplayTheSpireMod:Stacked"],"picked":"Perfected Strike+1","floor":21},{"not_picked":["Heavy Blade","True Grit"],"picked":"Shrug It Off","floor":26}],"player_experience":358064,"relics_obtained":[{"floor":9,"key":"Incense Burner"},{"floor":10,"key":"Odd Mushroom"},{"floor":14,"key":"Gambling Chip"},{"floor":26,"key":"Gremlin Food"},{"floor":28,"key":"Matryoshka"}],"event_choices":[{"damage_healed":0,"gold_gain":0,"player_choice":"Take Damage","damage_taken":20,"relics_obtained":["Golden Idol"],"max_hp_gain":0,"max_hp_loss":0,"event_name":"Golden Idol","floor":2,"gold_loss":0},{"damage_healed":0,"gold_gain":0,"cards_transformed":["Strike_R"],"player_choice":"Transformed","damage_taken":0,"max_hp_gain":0,"max_hp_loss":0,"event_name":"Transmorgrifier","floor":4,"gold_loss":0,"cards_obtained":["Perfected Strike"]},{"damage_healed":0,"gold_gain":0,"player_choice":"Fought Mushrooms","damage_taken":0,"max_hp_gain":0,"max_hp_loss":0,"event_name":"Mushrooms","floor":10,"gold_loss":0},{"damage_healed":0,"gold_gain":0,"player_choice":"Got Potions","damage_taken":0,"max_hp_gain":0,"max_hp_loss":0,"event_name":"Lab","floor":13,"gold_loss":0},{"damage_healed":0,"gold_gain":0,"player_choice":"Ignored","damage_taken":0,"max_hp_gain":0,"max_hp_loss":0,"event_name":"Ghosts","floor":22,"gold_loss":0},{"cards_removed":["Defend_R"],"damage_healed":0,"gold_gain":0,"player_choice":"Gave Gold","damage_taken":0,"max_hp_gain":0,"max_hp_loss":0,"event_name":"Beggar","floor":23,"gold_loss":75},{"damage_healed":0,"gold_gain":0,"player_choice":"Shed Blood","damage_taken":22,"max_hp_gain":5,"max_hp_loss":0,"event_name":"Forgotten Altar","floor":27,"gold_loss":0}],"is_beta":false,"boss_relics":[{"not_picked":["conspire:SeveredTorchhead","Abe\u0027s Treasure"],"picked":"Fusion Hammer"}],"items_purged_floors":[],"is_endless":false,"potions_floor_spawned":[3,10,16,20,21],"killed_by":"Slavers","ascension_level":3}}