{"host":"m6aaltr68g9tvoay","time":1608107991,"event":{"mods":["AchievementEnabler","BaseMod","Colored Map","Minty Spire (QoL Compilation)","StSLib"],"gold_per_floor":[113,113,113,126,149,149,181,181,229,229,229],"floor_reached":10,"playtime":445,"items_purged":[],"score":125,"play_id":"7ddcf9c8-2b01-4885-9d70-8e211505cec3","local_time":"20201216003951","is_ascension_mode":true,"campfire_choices":[{"floor":6,"key":"REST"},{"floor":8,"key":"REST"}],"circlet_count":0,"master_deck":["AscendersBane","Strike_G","Strike_G+1","Strike_G","Strike_G","Defend_G","Defend_G","Defend_G","Defend_G","Survivor","Neutralize","Blur","Heel Hook+1","Blade Dance","Poisoned Stab"],"relics":["Ring of the Snake","Oddly Smooth Stone","Whetstone","Frozen Egg 2","Vajra"],"acts_visited":["Exordium"],"potions_floor_usage":[10],"damage_taken":[{"damage":3,"enemies":"Jaw Worm","floor":1,"turns":4},{"damage":0,"enemies":"2 Louse","floor":4,"turns":4},{"damage":55,"enemies":"3 Sentries","floor":7,"turns":15},{"damage":31,"enemies":"Lagavulin","floor":10,"turns":3}],"seed_played":"9047613688285399500","potions_obtained":[{"floor":7,"key":"Fire Potion"}],"is_trial":false,"path_per_floor":["M","?","?","M","T","R","E","R","T","E"],"character_chosen":"THE_SILENT","items_purchased":[],"campfire_rested":2,"item_purchase_floors":[],"current_hp_per_floor":[56,38,38,38,38,57,2,21,21,0,0],"gold":229,"neow_bonus":"REMOVE_CARD","is_daily":false,"chose_seed":false,"campfire_upgraded":0,"win_rate":0.0,"timestamp":1608107991,"path_taken":["M","?","?","M","?","R","E","R","T","E"],"items_purchased_type":[],"build_version":"2020-12-13","purchased_purges":0,"victory":false,"max_hp_per_floor":[66,66,66,66,66,66,66,66,66,66,66],"card_choices":[{"not_picked":["Quick Slash","Prepared"],"picked":"Blur","floor":1},{"not_picked":["Underhanded Strike","Slice"],"picked":"Blade Dance","floor":4},{"not_picked":["Deadly Poison","Tools of the Trade+1"],"picked":"Poisoned Stab","floor":7}],"player_experience":1248036,"relics_obtained":[{"floor":5,"key":"Whetstone"},{"floor":7,"key":"Frozen Egg 2"},{"floor":9,"key":"Vajra"}],"event_choices":[{"damage_healed":0,"gold_gain":0,"player_choice":"Success","damage_taken":18,"relics_obtained":["Oddly Smooth Stone"],"max_hp_gain":0,"max_hp_loss":0,"event_name":"Scrap Ooze","floor":2,"gold_loss":0},{"damage_healed":0,"gold_gain":0,"cards_transformed":["Defend_G"],"player_choice":"Change","damage_taken":0,"max_hp_gain":0,"max_hp_loss":0,"event_name":"Living Wall","floor":3,"gold_loss":0,"cards_obtained":["Heel Hook"]}],"is_beta":false,"boss_relics":[],"items_purged_floors":[],"is_endless":false,"potions_floor_spawned":[7],"killed_by":"Lagavulin","ascension_level":19}}