{"host":"sgwqwgbtco1nn2mb","time":1608118701,"event":{"mods":["Act Like it!","BaseMod","Gensokyo","KinomotoSakuraMod(Ä¾Ö®±¾Ó£)","Marisa£¨ìFÓê¡¡Ä§ÀíÉ³£©","Minty Spire (QoL Compilation)","MostiFishMod","Quick Restart","Remilia£¨ÀÙÃ×ÀòÑÇ£©","Replay The Spire","RumiaBox-Â¶Ã×æ«µÄÉñÃØºÐ×Ó","StSLib","Youmu£¨»êÆÇÑýÃÎ£©","Yuyuko","¡¾¹¦ÄÜMod¡¿»ìãçÖ®»·ÐÞ¸´²¹¶¡"],"gold_per_floor":[215,235,255,255,266,266,295,295,295,295,295,311,311,244,244,342,342,356,41,41,51,68,101,21,51,51,80,330,330,330,340,340,438,438,457,474,474,493,509,537,537,537,561,115,115,131,159,173,173,173],"floor_reached":51,"playtime":2309,"items_purged":["Faramita\u0027s Temptation","Dreamy Sakura","Dreamy Sakura"],"score":1266,"play_id":"dee701a7-20ec-4730-bbef-47b3a86f8f9a","local_time":"20201216193821","is_ascension_mode":true,"campfire_choices":[{"data":"Unreal","floor":6,"key":"SMITH"},{"data":"Remain Here","floor":11,"key":"SMITH"},{"data":"Sweet of Phantom","floor":13,"key":"SMITH"},{"floor":15,"key":"DIG"},{"data":"Dreamy Sakura","floor":32,"key":"PURGE"},{"data":"Spear of Papilio","floor":41,"key":"SMITH"},{"data":"Ghost Lead","floor":45,"key":"SMITH"},{"data":"Dancing Soul","floor":49,"key":"SMITH"}],"circlet_count":0,"master_deck":["Fantasy Butterflies","Fantasy Butterflies","Fantasy Butterflies","Fantasy Butterflies","Fantasy Butterflies","Dreamy Sakura","Dreamy Sakura","Linger over Flower","Sweet of Phantom+1","Cerasus Subhirtella","Unreal+1","Remain Here+1","Redemption of Death","Dancing Soul","Ghost Lead+1","Monster Cherry Tree","Wandering Soul","Dancing Soul+1","Dark Wind","Pot Of Greed","Pot Of Greed","Linger over Flower","Linger over Flower","Pot Of Greed","The Inky Sakura","Phantom Gift+1","Spear of Papilio+1","Reinforced Body","Gensokyo:FourOfAKind","Gensokyo:FourOfAKind","Gensokyo:FourOfAKind","Gensokyo:FourOfAKind","Open The Fan","Unfulfilling Attachment","Wandering Soul+1","Bloom+1","Pot Of Greed","Finesse","Open The Fan+1","Butterflies in Dream+1","MostiFishMod:SparklingWater","Mini Ghostdom","Remain Here"],"relics":["Coronal","Yuyuko\u0027s fan","DaveBox","PatriotShield","Question Card","Happy Flower","Turnip","Mango","SentryEyes","Gensokyo:PortableGap","Nunchaku","ImportantClient","GuanYuAspect","Grinning Jar","Pocketwatch","Ccalipers","MagicDraw3","Divine Protection","RhineSuit","Regal Pillow","Replay:Bottled Flurry","Boot","ReplayTheSpireMod:Ninjato","Mango"],"acts_visited":["Exordium","Gensokyo:Gensokyo","TheBeyond"],"potions_floor_usage":[33,50,50,50,50,50,50],"damage_taken":[{"damage":2,"enemies":"Gensokyo:3_Fairies","floor":1,"turns":2},{"damage":3,"enemies":"Gensokyo:Gryphon","floor":2,"turns":2},{"damage":2,"enemies":"Gensokyo:2_Kodama","floor":3,"turns":1},{"damage":6,"enemies":"Gensokyo:VengefulSpirit","floor":5,"turns":4},{"damage":5,"enemies":"Gensokyo:Mamizou","floor":7,"turns":4},{"damage":2,"enemies":"Gensokyo:5_Fairies","floor":12,"turns":2},{"damage":9,"enemies":"Gensokyo:Yukari","floor":16,"turns":6},{"damage":4,"enemies":"Gensokyo:Chomper","floor":18,"turns":2},{"damage":2,"enemies":"Gensokyo:AngelMirror","floor":21,"turns":1},{"damage":4,"enemies":"Gensokyo:Wraith","floor":22,"turns":3},{"damage":4,"enemies":"Gensokyo:Koishi","floor":23,"turns":3},{"damage":2,"enemies":"Gensokyo:Tenshi","floor":25,"turns":1},{"damage":5,"enemies":"Gensokyo:Koishi","floor":27,"turns":5},{"damage":2,"enemies":"Gensokyo:3_Gloops","floor":31,"turns":2},{"damage":4,"enemies":"Gensokyo:Eiki","floor":33,"turns":4},{"damage":3,"enemies":"3 Shapes","floor":35,"turns":1},{"damage":1,"enemies":"3 Darklings","floor":36,"turns":1},{"damage":2,"enemies":"Jaw Worm Horde","floor":38,"turns":2},{"damage":2,"enemies":"4 Shapes","floor":39,"turns":2},{"damage":5,"enemies":"Nemesis","floor":40,"turns":5},{"damage":3,"enemies":"Sphere and 2 Shapes","floor":46,"turns":3},{"damage":3,"enemies":"Reptomancer","floor":47,"turns":3},{"damage":1,"enemies":"Maw","floor":48,"turns":6},{"damage":1,"enemies":"Donu and Deca","floor":50,"turns":2}],"seed_played":"-7702314500774443152","potions_obtained":[{"floor":12,"key":"ColorlessPotion"},{"floor":21,"key":"SpeedPotion"},{"floor":22,"key":"Strength Potion"},{"floor":23,"key":"Reflective Coating"},{"floor":35,"key":"Energy Potion"},{"floor":40,"key":"EntropicBrew"}],"is_trial":false,"path_per_floor":["M","M","M","?","M","R","E","?","T","?","R","M","R","$","R","B",null,"M","$","?","M","M","E","$","E","T","E","?","?","?","M","R","B",null,"M","M","?","M","M","E","R","T","T","$","R","M","E","M","R","B",null],"character_chosen":"YUYOKO","items_purchased":["Dancing Soul","Wandering Soul","Dancing Soul","Dark Wind","Grinning Jar","ReplayTheSpireMod:Ninjato","MostiFishMod:SparklingWater"],"campfire_rested":0,"item_purchase_floors":[14,19,19,19,19,44,44],"current_hp_per_floor":[38,37,39,39,36,36,36,29,29,29,29,28,28,28,28,42,25,23,23,23,24,22,22,22,21,21,17,17,17,15,13,13,11,15,13,14,14,13,13,10,10,10,10,10,10,11,19,28,28,28],"gold":173,"neow_bonus":"HUNDRED_GOLD","is_daily":false,"chose_seed":false,"campfire_upgraded":6,"win_rate":0.0,"timestamp":1608118701,"path_taken":["M","?","M","?","?","R","E","?","T","?","R","M","R","?","R","BOSS","M","$","?","M","?","E","$","E","T","E","?","?","?","M","R","BOSS","M","M","?","M","M","E","R","?","T","$","R","M","E","M","R","BOSS"],"items_purchased_type":["Card","Card","Card","Card","Relic","Relic","Card"],"build_version":"2020-12-13","purchased_purges":3,"victory":true,"max_hp_per_floor":[40,40,40,40,40,40,40,54,54,49,49,49,49,49,49,49,25,25,25,25,25,25,25,22,22,22,22,21,21,15,15,15,15,15,15,15,15,15,15,15,15,15,15,15,15,15,29,29,29,29],"card_choices":[{"not_picked":["Fondling of Papilio","Sweet of Phantom"],"picked":"Linger over Flower","floor":1},{"not_picked":["City of Death","Unborn Light","Wandering Soul"],"picked":"Sweet of Phantom","floor":2},{"not_picked":["Reverse The Screen","Gauzy Sakura","Unpaved Way"],"picked":"Cerasus Subhirtella","floor":3},{"not_picked":["Ghostdom Sakura","Song of Papilio","Sweet of Phantom"],"picked":"Unreal","floor":5},{"not_picked":["All Wander","Ghostdom Sakura","Song of Papilio"],"picked":"Remain Here","floor":7},{"not_picked":["End of Faramita","Butterflies in Dream","Fondling of Papilio"],"picked":"Redemption of Death","floor":12},{"not_picked":["Ghastly Dream","Unfulfilling Attachment","Explore Ghostdom"],"picked":"Ghost Lead","floor":16},{"not_picked":["The Forgotten Winter","Unborn Light","Trap Lamp+1"],"picked":"Monster Cherry Tree","floor":18},{"not_picked":["Chase The Sukhavati+1","Dying Sakura","Elegance"],"picked":"Linger over Flower","floor":21},{"not_picked":["Steamed Phantom+1","Redemption of Death","Gather the Spring"],"picked":"Linger over Flower","floor":22},{"not_picked":["All Wander","Gather the Spring+1","Childlike"],"picked":"The Inky Sakura","floor":23},{"not_picked":["Butterflies Rainbow","Open The Fan","Gauzy Sakura+1"],"picked":"Phantom Gift+1","floor":25},{"not_picked":["Gone","End of Faramita+1","Suicide+1"],"picked":"Spear of Papilio","floor":27},{"not_picked":["Reunion after Death","Dying Sakura","Dark Wind+1"],"picked":"Open The Fan","floor":31},{"not_picked":["Ticket to Heaven","Mirror of Mind","Snowing Sakura"],"picked":"Unfulfilling Attachment","floor":33},{"not_picked":["Elegance+1","Open The Fan","Sweet of Phantom+1"],"picked":"Wandering Soul+1","floor":35},{"not_picked":["Unstable Ward+1","Steamed Phantom+1","Gone+1"],"picked":"Bloom+1","floor":36},{"not_picked":["Flash of Steel","ReplayUltimateDefense","PanicButton"],"picked":"Finesse","floor":37},{"not_picked":["Bomb","Butterflies Rainbow","Trap Lamp"],"picked":"Open The Fan+1","floor":38},{"not_picked":["Triple Snow","Song of Papilio+1","Dancing Butterflies"],"picked":"Butterflies in Dream+1","floor":39},{"not_picked":["Death Dancing+1","Unknown Petal","Redemption of Death+1","Dying Sakura"],"picked":"SKIP","floor":40},{"not_picked":["Dark Wind","Sakura Ward+1","Unstable Ward"],"picked":"Mini Ghostdom","floor":46},{"not_picked":["Become Phantom+1","Unstable Ward+1","The Nether"],"picked":"Remain Here","floor":47},{"not_picked":["Unstable Ward+1","Unborn Light","City of Death","Chase The Sukhavati+1"],"picked":"SKIP","floor":48}],"player_experience":483738,"relics_obtained":[{"floor":1,"key":"Question Card"},{"floor":7,"key":"Turnip"},{"floor":9,"key":"SentryEyes"},{"floor":15,"key":"Nunchaku"},{"floor":16,"key":"ImportantClient"},{"floor":23,"key":"Pocketwatch"},{"floor":25,"key":"Ccalipers"},{"floor":26,"key":"MagicDraw3"},{"floor":27,"key":"Divine Protection"},{"floor":40,"key":"Regal Pillow"},{"floor":42,"key":"Replay:Bottled Flurry"},{"floor":43,"key":"Boot"},{"floor":47,"key":"Mango"}],"event_choices":[{"damage_healed":0,"gold_gain":0,"player_choice":"Memory 1","damage_taken":0,"max_hp_gain":0,"max_hp_loss":0,"event_name":"SensoryStone","floor":37,"gold_loss":0}],"is_beta":false,"boss_relics":[{"not_picked":["SacredBark","HereWithMe"],"picked":"GuanYuAspect"},{"not_picked":["SynthV:MejaisSoulstealer","FrostBlade"],"picked":"RhineSuit"}],"items_purged_floors":[19,24,44],"is_endless":false,"potions_floor_spawned":[7,12,21,22,23,27,31,35,38,39,40,46],"ascension_level":1}}