{"host":"sum4dy402bbv9y4o","time":1608129903,"event":{"mods":["Aspiration","BaseMod","Conspire","Highlight Path","Minty Spire (QoL Compilation)","StSLib"],"gold_per_floor":[117,13,23,41,60,91,102,102,102,135,35,35,35,45,45,122,122,133,133,133,49,66,66,66],"floor_reached":23,"playtime":772,"items_purged":["Strike_P","Strike_P"],"score":452,"play_id":"d42385a1-490d-4c15-8459-e9df8c788a1f","local_time":"20201216174503","is_ascension_mode":true,"campfire_choices":[{"floor":8,"key":"REST"},{"data":"Eruption","floor":13,"key":"SMITH"},{"data":"Wallop","floor":15,"key":"SMITH"}],"circlet_count":0,"master_deck":["AscendersBane","Strike_P","Defend_P","Eruption+1","Vigilance","Prostrate","Conclude","Protect","ReachHeaven","FollowUp","EmptyFist","EmptyBody","Wallop+1","Halt","Prostrate+1","Prostrate+1","Pray+1","MentalFortress","Protect"],"relics":["PureWater","Singing Bowl","Peace Pipe","MealTicket","GremlinMask","Astrolabe"],"acts_visited":["Exordium","TheCity"],"potions_floor_usage":[10,10,16,22],"damage_taken":[{"damage":3,"enemies":"2 Louse","floor":1,"turns":3},{"damage":7,"enemies":"Cultist","floor":3,"turns":3},{"damage":0,"enemies":"Jaw Worm","floor":4,"turns":3},{"damage":0,"enemies":"2 Fungi Beasts","floor":5,"turns":2},{"damage":40,"enemies":"Gremlin Nob","floor":6,"turns":4},{"damage":3,"enemies":"Large Slime","floor":7,"turns":5},{"damage":0,"enemies":"3 Sentries","floor":10,"turns":4},{"damage":0,"enemies":"Looter","floor":14,"turns":2},{"damage":16,"enemies":"Hexaghost","floor":16,"turns":8},{"damage":34,"enemies":"3 Byrds","floor":18,"turns":5},{"damage":4,"enemies":"Shell Parasite","floor":22,"turns":4},{"damage":62,"enemies":"Slavers","floor":23,"turns":5}],"seed_played":"7008666585916020330","potions_obtained":[{"floor":6,"key":"EssenceOfSteel"},{"floor":7,"key":"StancePotion"},{"floor":14,"key":"CultistPotion"}],"is_trial":false,"path_per_floor":["M","$","M","M","M","E","M","R","T","E","$","?","R","M","R","B",null,"M","?","?","$","M","E"],"character_chosen":"WATCHER","items_purchased":["Protect","Protect","Weak Potion"],"campfire_rested":1,"item_purchase_floors":[2,21,21],"current_hp_per_floor":[58,58,51,51,51,11,10,31,31,31,46,46,46,46,46,32,62,28,42,42,57,55,0,0],"gold":66,"neow_bonus":"TRANSFORM_CARD","is_daily":false,"chose_seed":false,"campfire_upgraded":2,"win_rate":0.0,"timestamp":1608129903,"path_taken":["M","$","M","M","M","E","M","R","T","E","$","?","R","?","R","BOSS","M","?","?","?","M","E"],"items_purchased_type":["Card","Card","Potion"],"build_version":"2020-12-13","purchased_purges":2,"victory":false,"max_hp_per_floor":[68,68,68,68,68,68,70,70,70,70,70,70,70,70,70,72,72,72,72,72,72,74,74,74],"card_choices":[{"not_picked":["Prostrate","Worship"],"picked":"Conclude","floor":1},{"not_picked":["Conclude","Study"],"picked":"ReachHeaven","floor":3},{"not_picked":["Evaluate","InnerPeace"],"picked":"FollowUp","floor":4},{"not_picked":["Evaluate","Conclude"],"picked":"EmptyFist","floor":5},{"not_picked":["BowlingBash","FlyingSleeves"],"picked":"EmptyBody","floor":6},{"not_picked":["CrushJoints","Crescendo","ClearTheMind"],"picked":"Singing Bowl","floor":7},{"not_picked":["SashWhip","FlurryOfBlows"],"picked":"Wallop","floor":10},{"not_picked":["EmptyBody","MasterReality"],"picked":"Halt","floor":14},{"not_picked":["Judgement","DeusExMachina","Blasphemy"],"picked":"Singing Bowl","floor":16},{"not_picked":["ThirdEye","CutThroughFate"],"picked":"MentalFortress","floor":18},{"not_picked":["Vengeance+1","BattleHymn","ClearTheMind"],"picked":"Singing Bowl","floor":22}],"player_experience":2788992,"relics_obtained":[{"floor":6,"key":"Singing Bowl"},{"floor":9,"key":"Peace Pipe"},{"floor":10,"key":"MealTicket"}],"event_choices":[{"damage_healed":0,"gold_gain":0,"player_choice":"Trade","damage_taken":0,"relics_obtained":["GremlinMask"],"max_hp_gain":0,"max_hp_loss":0,"event_name":"FaceTrader","floor":12,"gold_loss":0},{"damage_healed":14,"gold_gain":0,"player_choice":"Heal","damage_taken":0,"max_hp_gain":0,"max_hp_loss":0,"event_name":"The Library","floor":19,"gold_loss":0}],"is_beta":false,"boss_relics":[{"not_picked":["Ectoplasm","Velvet Choker"],"picked":"Astrolabe"}],"items_purged_floors":[2,11],"is_endless":false,"potions_floor_spawned":[6,7,14],"killed_by":"Slavers","ascension_level":20}}