{"host":"jqa9y4qkalbx8qgz","time":1608157561,"event":{"mods":["2.2 Compatiblity","BaseMod","Bestiary","BetterRewards","CCEM","Downfall","Infinite Spire","Minty Spire (QoL Compilation)","Permanent Neow","Relic Stats","Replay The Spire","StSLib","Wandering Minibosses"],"gold_per_floor":[99,99,132,152,170,320,320,356,377,419,452,475,494,187,212,323,350,350,361,398,408,408,408,408,408,440,365,374,401,425,434,461,574,574,574,583,625,625,643,643,652,680,605,644,669,692,711,19,42,42],"floor_reached":51,"playtime":3937,"items_purged":["Slimebound:Icky","Sickly","sneckomod:Bewildered"],"score":917,"play_id":"5636efe7-ba66-4d21-947e-ce23c4d2008b","local_time":"20201217012601","is_ascension_mode":false,"campfire_choices":[{"data":"Guardian:TwinSlam","floor":1.0,"key":"SMITH"},{"data":"Guardian:BaubleBeam","floor":18,"key":"SMITH"},{"data":"Guardian:StasisField","floor":18,"key":"SMITH"},{"data":"Guardian:PiercingHide","floor":23,"key":"SMITH"},{"data":"Guardian:PiercingHide","floor":23,"key":"SMITH"},{"floor":25,"key":"RECALL"},{"data":"infinitespire:Execution","floor":35,"key":"SMITH"},{"data":"Guardian:TemporalShield","floor":35,"key":"SMITH"},{"data":"infinitespire:UltimateForm","floor":38,"key":"SMITH"},{"data":"Guardian:Clone","floor":38,"key":"SMITH"}],"circlet_count":0,"master_deck":["Guardian:Strike_Guardian","Guardian:Strike_Guardian","Guardian:Strike_Guardian","Guardian:Defend_Guardian","Guardian:Defend_Guardian","Guardian:Defend_Guardian","Guardian:Defend_Guardian","Guardian:CurlUp","Guardian:TwinSlam+1","expansioncontent:GoopSpray","Guardian:VentSteam","Guardian:PiercingHide+1","Guardian:DecasProtection","Guardian:StasisField+1","Guardian:BronzeOrb","Guardian:Suspension","Guardian:PiercingHide+1","Guardian:EvasiveProtocol","Guardian:EvasiveProtocol","Guardian:EvasiveProtocol","Guardian:BaubleBeam+1","Guardian:Aged","Languid","Guardian:TimeSifter","Guardian:Clone+1","infinitespire:Execution+1","Guardian:TemporalShield+1","Guardian:FastForward","infinitespire:UltimateForm+1","Guardian:Gem_White","Guardian:ShieldCharger+1","Guardian:ChargeUp+1","Guardian:Gem_Fragmented","Guardian:Gem_Lightblue","Midas Touch+1","Guardian:ArmoredProtocol","Guardian:Recover+1","Guardian:SentryBeam"],"relics":["Guardian:ModeShifter","Mummified Hand","infinitespire:EmpoweringShard","CeramicFish","Odd Mushroom","MealTicket","Replay:Ancient Bell","Replay:Wax Seal","Mirror","Replay:Arrowhead","CCEMRelics:WhiteRose","downfall:RedIOU","Ginger","CCEMRelics:Francisca","downfall:HeartBlessingRed","Strange Spoon","Replay:Grab Bag","Cursed Key","Black Star","Toxic Egg 2","Durian","downfall:HeartBlessingBlue","Dead Branch","CCEMRelics:GrapeVine","CCEMRelics:Pendulum","Orichalcum"],"acts_visited":["Exordium","TheCity","TheBeyond"],"potions_floor_usage":[16,26,44,46,50,50],"damage_taken":[{"damage":21.0,"enemies":"3 Sentries","floor":3.0,"turns":13.0},{"damage":0.0,"enemies":"Small Slimes","floor":4.0,"turns":4.0},{"damage":0.0,"enemies":"Jaw Worm","floor":5.0,"turns":4.0},{"damage":5.0,"enemies":"Replay:BlueRogue","floor":8.0,"turns":5.0},{"damage":0.0,"enemies":"Cultist","floor":9.0,"turns":2.0},{"damage":3.0,"enemies":"Gremlin Nob","floor":10.0,"turns":3.0},{"damage":13.0,"enemies":"The Mushroom Lair","floor":11.0,"turns":4.0},{"damage":3.0,"enemies":"Gremlin Gang","floor":12.0,"turns":5.0},{"damage":2,"enemies":"Exordium Thugs","floor":13,"turns":8},{"damage":4,"enemies":"downfall:FleeingMerchant","floor":14,"turns":4},{"damage":0,"enemies":"3 Louse","floor":15,"turns":3},{"damage":1,"enemies":"downfall:Silent","floor":16,"turns":8},{"damage":4,"enemies":"Shell Parasite","floor":19,"turns":5},{"damage":5,"enemies":"Replay:Snechameleon","floor":20,"turns":14},{"damage":0,"enemies":"3 Byrds","floor":21,"turns":4},{"damage":3,"enemies":"Book of Stabbing","floor":26,"turns":5},{"damage":0,"enemies":"Snecko","floor":29,"turns":5},{"damage":9,"enemies":"Snake Plant","floor":30,"turns":4},{"damage":0,"enemies":"Cultist and Chosen","floor":32,"turns":8},{"damage":22,"enemies":"downfall:Watcher","floor":33,"turns":9},{"damage":28,"enemies":"Nightmare","floor":37,"turns":7},{"damage":0,"enemies":"3 Shapes","floor":42,"turns":4},{"damage":0,"enemies":"R_Hoarder","floor":44,"turns":6},{"damage":0,"enemies":"3 Darklings","floor":45,"turns":3},{"damage":16,"enemies":"Sphere and 2 Shapes","floor":46,"turns":4},{"damage":3,"enemies":"Writhing Mass","floor":47,"turns":3},{"damage":0,"enemies":"downfall:FleeingMerchant","floor":48,"turns":4},{"damage":0,"enemies":"Spire Growth","floor":49,"turns":4},{"damage":0,"enemies":"downfall:Ironclad","floor":50,"turns":5}],"seed_played":"-101247221129464931","potions_obtained":[{"floor":3.0,"key":"Ancient Potion"},{"floor":4.0,"key":"SneckoOil"},{"floor":13,"key":"Ancient Potion"},{"floor":15,"key":"CultistPotion"},{"floor":16,"key":"FearPotion"},{"floor":20,"key":"FearPotion"},{"floor":32,"key":"Swift Potion"},{"floor":42,"key":"AttackPotion"},{"floor":45,"key":"Toxic Potion"},{"floor":46,"key":"Weak Potion"},{"floor":49,"key":"GamblersBrew"}],"is_trial":false,"path_per_floor":["R","?","E","M","M","?","T","E","M","E","?","M","M","$","M","B",null,"R","M","E","M","?","R","T","R","E","R","?","M","M","AVR","M","B",null,"R","?","NM","R","?","R","T","M","R","E","M","M","M","$","M","B",null],"character_chosen":"GUARDIAN","items_purchased":["Guardian:Gem_Cyan","MealTicket","Guardian:EvasiveProtocol","Midas Touch+1","CCEMRelics:Pendulum","Guardian:ArmoredProtocol","Orichalcum","Guardian:Recover+1"],"campfire_rested":0,"item_purchase_floors":[14,14,14,48,48,48,48,48],"current_hp_per_floor":[80,80,59,59,59,59,59,54,54,51,38,35,33,29,29,28,80,80,76,71,71,71,71,71,71,68,68,68,68,59,59,59,37,80,80,60,37,37,37,37,37,37,47,47,47,31,28,43,43,43],"gold":42,"neow_bonus":"RANDOM_COLORLESS","is_daily":false,"chose_seed":false,"campfire_upgraded":9,"win_rate":0.0,"timestamp":1608157561,"path_taken":["R","?","E","M","M","?","T","E","M","E","?","M","?","$","M","BOSS","R","M","E","?","?","R","T","R","E","R","?","M","M","AVR","M","BOSS","R","?","NM","R","?","R","T","?","R","E","?","?","M","$","M","BOSS"],"items_purchased_type":["Card","Relic","Card","Card","Relic","Card","Relic","Card"],"build_version":"2020-12-13","purchased_purges":3,"victory":true,"max_hp_per_floor":[80,80,80,80,80,80,80,80,80,80,80,80,80,80,80,80,80,80,80,80,80,80,80,80,80,80,80,80,80,80,80,80,80,80,80,80,85,85,85,85,85,85,95,95,95,95,95,95,95,95],"relic_stats":{"Strange Spoon":[50],"counters":[29,157],"Mummified Hand":[116],"CeramicFish":333,"Dead Branch":[35],"MealTicket":15,"Black Star":2,"Ginger":[17],"Orichalcum":[6],"Cursed Key":1,"obtain_stats":[{"Lantern":10,"CeramicFish":8,"CCEMRelics:Pendulum":48,"Ginger":24,"Cursed Key":34,"Mummified Hand":3,"downfall:HeartBlessingBlue":43,"MealTicket":14,"CCEMRelics:GrapeVine":44,"downfall:RedIOU":22,"CCEMRelics:Francisca":26,"Replay:Wax Seal":17,"CCEMRelics:WhiteRose":20,"Toxic Egg 2":37,"downfall:HeartBlessingRed":27,"Replay:Grab Bag":34,"Dead Branch":44,"Guardian:ModeShifter":0,"Replay:Ancient Bell":17,"Odd Mushroom":11,"Orichalcum":48,"Replay:Arrowhead":17,"Strange Spoon":31,"infinitespire:EmpoweringShard":7,"Black Star":34,"Durian":37,"Mirror":17},{"Lantern":6,"CeramicFish":4,"CCEMRelics:Pendulum":27,"Ginger":15,"Cursed Key":20,"Mummified Hand":1,"downfall:HeartBlessingBlue":22,"MealTicket":10,"CCEMRelics:GrapeVine":23,"downfall:RedIOU":15,"CCEMRelics:Francisca":16,"Replay:Wax Seal":12,"CCEMRelics:WhiteRose":14,"Toxic Egg 2":21,"downfall:HeartBlessingRed":16,"Replay:Grab Bag":20,"Dead Branch":23,"Guardian:ModeShifter":0,"Replay:Ancient Bell":12,"Odd Mushroom":7,"Orichalcum":27,"Replay:Arrowhead":12,"Strange Spoon":18,"infinitespire:EmpoweringShard":3,"Black Star":20,"Durian":21,"Mirror":12},{"Lantern":31,"CeramicFish":26,"CCEMRelics:Pendulum":148,"Ginger":86,"Cursed Key":117,"Mummified Hand":13,"downfall:HeartBlessingBlue":128,"MealTicket":52,"CCEMRelics:GrapeVine":134,"downfall:RedIOU":86,"CCEMRelics:Francisca":91,"Replay:Wax Seal":63,"CCEMRelics:WhiteRose":82,"Toxic Egg 2":124,"downfall:HeartBlessingRed":91,"Replay:Grab Bag":117,"Dead Branch":134,"Guardian:ModeShifter":0,"Replay:Ancient Bell":63,"Odd Mushroom":35,"Orichalcum":148,"Replay:Arrowhead":63,"Strange Spoon":100,"infinitespire:EmpoweringShard":21,"Black Star":117,"Durian":124,"Mirror":63}]},"card_choices":[{"not_picked":["ReplayTheSpireMod:Uncanny Aura","Replay:Sssssssssshield"],"picked":"expansioncontent:GoopSpray","floor":0.0},{"not_picked":["Guardian:ChargeCore","Guardian:PrismaticBeam"],"picked":"Guardian:VentSteam","floor":3.0},{"not_picked":["Guardian:Reroute","Guardian:WalkerClaw"],"picked":"Guardian:PiercingHide","floor":4.0},{"not_picked":["Guardian:ShieldSpikes","Guardian:EvasiveProtocol"],"picked":"Guardian:DecasProtection","floor":5.0},{"not_picked":["Guardian:VentSteam","Guardian:SentryBeam"],"picked":"Guardian:StasisField","floor":8.0},{"not_picked":["Guardian:BronzeArmor","Guardian:TemporalShield"],"picked":"Guardian:Gem_Red","floor":9.0},{"not_picked":["Guardian:ShieldSpikes","Guardian:GuardianWhirl"],"picked":"Guardian:BronzeOrb","floor":10.0},{"not_picked":["Guardian:ChargeCore","Guardian:WalkerClaw"],"picked":"Guardian:Suspension","floor":11.0},{"not_picked":["Guardian:WalkerClaw","Guardian:Planning"],"picked":"Guardian:PiercingHide","floor":12.0},{"not_picked":["Guardian:BronzeOrb","Guardian:Incinerate"],"picked":"Guardian:Gem_Crimson","floor":13},{"not_picked":["Guardian:GuardianWhirl","Guardian:Repulse"],"picked":"Guardian:EvasiveProtocol","floor":14},{"not_picked":["Guardian:WalkerClaw","Guardian:CrystalBeam"],"picked":"Guardian:Gem_Green","floor":15},{"not_picked":["Guardian:HyperBeam_Guardian","Guardian:StasisStrike"],"picked":"Guardian:BaubleBeam","floor":16},{"not_picked":["hexamod:Haunted","AbeCurse"],"picked":"Guardian:Aged","floor":17},{"not_picked":["Replay:Hysterical Blindness","Doubt"],"picked":"Languid","floor":17},{"not_picked":["CurseOfTheBell","Writhe"],"picked":"Sickly","floor":17},{"not_picked":["Guardian:ShieldSpikes","Guardian:ChargeCore","Guardian:Suspension"],"picked":"SKIP","floor":19},{"not_picked":["Guardian:Reroute+1","Guardian:Recover"],"picked":"Guardian:TimeSifter","floor":20},{"not_picked":["Guardian:RollAttack","Guardian:CrystalBeam","Guardian:Gem_Crimson"],"picked":"SKIP","floor":21},{"not_picked":["Guardian:Planning+1","Guardian:Preprogram","Guardian:Emergency+1"],"picked":"SKIP","floor":26},{"not_picked":["Guardian:Suspension","Guardian:Gem_Cyan"],"picked":"Guardian:Clone","floor":29},{"not_picked":["Guardian:RollAttack","Guardian:ChargeCore"],"picked":"Guardian:Gem_Cyan","floor":30},{"not_picked":["Guardian:PrismaticBeam","Guardian:GuardianWhirl"],"picked":"Guardian:TemporalShield","floor":32},{"not_picked":["Guardian:StasisField","Guardian:StasisStrike"],"picked":"Guardian:FastForward","floor":33},{"not_picked":["ReplayTheSpireMod:Chaos Vortex","ReplayTheSpireMod:Black Plague"],"picked":"infinitespire:UltimateForm","floor":36},{"not_picked":["Guardian:PrimingBeam+1","Guardian:Harden+1"],"picked":"Guardian:Gem_Fragmented","floor":37},{"not_picked":["Guardian:WalkerClaw+1","Guardian:PrismaticBarrier+1"],"picked":"Guardian:Gem_White","floor":42},{"not_picked":["Guardian:TemporalShield+1","Guardian:Planning+1"],"picked":"Guardian:Gem_White","floor":44},{"not_picked":["Guardian:PrimingBeam","Guardian:Gem_Green"],"picked":"Guardian:ShieldCharger+1","floor":45},{"not_picked":["Guardian:MultiBeam+1","Guardian:Recover+1"],"picked":"Guardian:ChargeUp+1","floor":46},{"not_picked":["Guardian:VentSteam+1","Guardian:TimeSifter"],"picked":"Guardian:Gem_Fragmented","floor":47},{"not_picked":["Guardian:ChargeCore","Guardian:EvasiveProtocol+1"],"picked":"Guardian:Gem_Lightblue","floor":48},{"not_picked":["Guardian:Suspension+1","Guardian:Planning+1"],"picked":"Guardian:SentryBeam","floor":49}],"player_experience":190876,"relics_obtained":[{"floor":3.0,"key":"Mummified Hand"},{"floor":7.0,"key":"infinitespire:EmpoweringShard"},{"floor":8.0,"key":"CeramicFish"},{"floor":10.0,"key":"Lantern"},{"floor":11.0,"key":"Odd Mushroom"},{"floor":20,"key":"CCEMRelics:WhiteRose"},{"floor":24,"key":"Ginger"},{"floor":26,"key":"CCEMRelics:Francisca"},{"floor":37,"key":"Toxic Egg 2"},{"floor":37,"key":"Durian"},{"floor":44,"key":"Dead Branch"},{"floor":44,"key":"CCEMRelics:GrapeVine"}],"event_choices":[{"damage_healed":0.0,"max_hp_gain":0.0,"max_hp_loss":0.0,"gold_gain":0.0,"event_name":"Mushrooms","player_choice":"Fought Mushrooms","floor":11.0,"gold_loss":0.0,"damage_taken":0.0},{"damage_healed":0,"gold_gain":0,"player_choice":"Read","damage_taken":0,"max_hp_gain":0,"max_hp_loss":0,"event_name":"The Library","floor":28,"gold_loss":0,"cards_obtained":["Guardian:Gem_Synthetic"]}],"is_beta":false,"boss_relics":[{"not_picked":["CCEMRelics:TransientCore","CCEMRelics:GreenEgg"],"picked":"Replay:Ancient Bell"},{"not_picked":["Potion Belt","Dream Catcher"],"picked":"Replay:Wax Seal"},{"not_picked":["StrikeDummy","infinitespire:Midas Blood"],"picked":"Mirror"},{"not_picked":["Lizard Tail","Replay:PocketPolymizer"],"picked":"Replay:Arrowhead"},{"not_picked":["Guardian:StasisSlotReductionRelic","Snecko Heart"],"picked":"Replay:Grab Bag"},{"not_picked":["Velvet Choker","ChewingGum"],"picked":"Cursed Key"},{"not_picked":["Astrolabe","Ring of Chaos"],"picked":"Black Star"}],"items_purged_floors":[14,31,48],"is_endless":false,"potions_floor_spawned":[3,4,13,15,16,20,21,32,42,45,46,49],"ascension_level":0}}