{"host":"xodzlm10r37577ou","time":1608118631,"event":{"mods":["Act Like it!","BaseMod","Gensokyo","Minty Spire (QoL Compilation)","Replay The Spire","StSLib","TestMod"],"gold_per_floor":[110,110,185,185,185,218,237,162,189,189,223,234,74,94,94,171,171,186,106,130,130,146,146,180,200,252,652,66,79,107,127,127,198,198,218,228,60,71,121,153,171,171,171,171,171,200,200,217,217,217,217],"floor_reached":52,"playtime":1914,"items_purged":["Defend_G","Strike_G+1"],"score":1741,"play_id":"a9248426-ba5d-4e89-8e97-0597b341264e","local_time":"20201216193711","is_ascension_mode":true,"campfire_choices":[{"data":"Poison Darts","floor":10,"key":"SMITH"},{"data":"Replay:Bag of Tricks","floor":15,"key":"SMITH"},{"data":"Neutralize","floor":23,"key":"SMITH"},{"data":"Footwork","floor":32,"key":"SMITH"},{"data":"Adrenaline","floor":44,"key":"SMITH"},{"data":"ReplayTheSpireMod:From All Sides","floor":47,"key":"SMITH"},{"floor":49,"key":"REST"}],"circlet_count":0,"master_deck":["AscendersBane","Defend_G","Defend_G","Defend_G","Survivor","Neutralize+1","testmod-PerfectCombo","Backflip","Replay:Bag of Tricks+1","Poison Darts+1","Backstab+1","Escape Plan","Toxin Wave","Die Die Die","CurseOfTheBell","Hidden Blade","Prepared","Leg Sweep","Footwork+1","Adrenaline+1","Dash","Prepared+1","ReplayTheSpireMod:From All Sides+1","Acrobatics"],"relics":["Ring of the Snake","testmod-TestBox","Lantern","Replay:Towering Pillar of Hats","testmod-OneHitWonder","Toy Ornithopter","Chemical X","Replay:Grab Bag","Philosopher\u0027s Stone","Sozu","Calling Bell","Empty Cage","Replay:Wax Seal","Mirror","testmod-Muramasa","Whetstone","Dream Catcher","Happy Flower","Unceasing Top","Medical Kit","Regal Pillow","testmod-Prudence","testmod-IndustrialRevolution","Pen Nib","Onion Ring","Iron Hammer","Orichalcum"],"acts_visited":["Exordium","TheCity","TheBeyond"],"potions_floor_usage":[50,51],"damage_taken":[{"damage":0,"enemies":"Small Slimes","floor":1,"turns":1},{"damage":0,"enemies":"Lagavulin","floor":6,"turns":1},{"damage":0,"enemies":"Cultist","floor":7,"turns":1},{"damage":0,"enemies":"Gremlin Nob","floor":11,"turns":3},{"damage":0,"enemies":"Jaw Worm","floor":12,"turns":2},{"damage":0,"enemies":"Looter","floor":14,"turns":1},{"damage":8,"enemies":"Hexaghost","floor":16,"turns":4},{"damage":0,"enemies":"Shell Parasite","floor":18,"turns":2},{"damage":0,"enemies":"2 Thieves","floor":22,"turns":1},{"damage":0,"enemies":"Book of Stabbing","floor":24,"turns":3},{"damage":0,"enemies":"Snake Plant","floor":25,"turns":1},{"damage":0,"enemies":"Cultist and Chosen","floor":29,"turns":2},{"damage":3,"enemies":"Gremlin Leader","floor":30,"turns":2},{"damage":0,"enemies":"Centurion and Healer","floor":31,"turns":2},{"damage":38,"enemies":"Collector","floor":33,"turns":4},{"damage":0,"enemies":"3 Darklings","floor":35,"turns":3},{"damage":1,"enemies":"Orb Walker","floor":36,"turns":2},{"damage":0,"enemies":"Jaw Worm Horde","floor":38,"turns":3},{"damage":22,"enemies":"Reptomancer","floor":40,"turns":4},{"damage":0,"enemies":"Sphere and 2 Shapes","floor":41,"turns":3},{"damage":0,"enemies":"R_Hoarder","floor":46,"turns":5},{"damage":0,"enemies":"4 Shapes","floor":48,"turns":3},{"damage":16,"enemies":"Donu and Deca","floor":50,"turns":8},{"damage":9,"enemies":"Replay:Hell Engine","floor":51,"turns":6}],"seed_played":"-5440679704384920642","potions_obtained":[{"floor":6,"key":"Languid Potion"},{"floor":12,"key":"Strength Potion"}],"is_trial":false,"path_per_floor":["M","?","?","?","?","E","M","$","T","R","E","M","$","M","R","B",null,"M","?","T","?","M","R","E","M","T","?","$","M","E","M","R","B",null,"M","M","$","M","?","E","M","T","T","R","$","E","R","M","R","B","B",null],"character_chosen":"THE_SILENT","items_purchased":["Chemical X","Unceasing Top","Medical Kit","testmod-IndustrialRevolution"],"campfire_rested":1,"item_purchase_floors":[13,28,28,37],"current_hp_per_floor":[59,54,43,43,43,43,43,43,43,43,43,43,43,43,43,35,58,58,58,58,58,58,58,58,58,58,58,58,58,55,55,55,17,54,54,53,53,53,53,31,31,31,31,31,31,35,35,35,66,50,46],"gold":217,"neow_bonus":"THREE_ENEMY_KILL","is_daily":false,"chose_seed":false,"campfire_upgraded":6,"win_rate":0.0,"timestamp":1608118631,"path_taken":["M","?","?","?","?","E","?","$","T","R","E","M","$","M","R","BOSS","M","?","?","?","M","R","E","?","T","?","$","M","E","M","R","BOSS","M","M","$","M","?","E","?","?","T","R","?","E","R","M","R","BOSS","BOSS"],"items_purchased_type":["Relic","Relic","Relic","Relic"],"build_version":"2020-12-13","purchased_purges":2,"victory":true,"max_hp_per_floor":[66,66,66,66,66,66,66,66,66,66,66,66,66,66,66,66,66,66,66,66,66,66,66,66,66,66,66,66,66,66,66,66,66,66,66,66,66,66,66,66,66,66,66,66,66,66,66,66,66,66,66],"card_choices":[{"not_picked":["Cloak And Dagger","Predator"],"picked":"Backflip","floor":1},{"not_picked":["Setup","Reflex"],"picked":"Poison Darts","floor":6},{"not_picked":["Quick Slash","Eviscerate"],"picked":"Backstab","floor":7},{"not_picked":["Underhanded Strike","Flechettes"],"picked":"Escape Plan","floor":11},{"not_picked":["Riddle With Holes","Deflect"],"picked":"Toxin Wave","floor":12},{"not_picked":["PiercingWail","Bane","Outmaneuver"],"picked":"SKIP","floor":14},{"not_picked":["Storm of Steel","Glass Knife"],"picked":"Die Die Die","floor":16},{"not_picked":["Outmaneuver","Deflect","Endless Agony"],"picked":"SKIP","floor":18},{"not_picked":["Underhanded Strike","Quick Slash","Hidden Blade"],"picked":"SKIP","floor":22},{"not_picked":["ReplayTheSpireMod:Exploit Weakness","Riddle With Holes","Envenom"],"picked":"SKIP","floor":24},{"not_picked":["Prepared","All Out Attack"],"picked":"Hidden Blade","floor":25},{"not_picked":["Blade Dance","Blur"],"picked":"Prepared","floor":29},{"not_picked":["Cloak And Dagger+1","Dagger Throw"],"picked":"Leg Sweep","floor":30},{"not_picked":["Hidden Blade","PiercingWail"],"picked":"Footwork","floor":31},{"not_picked":["ReplayTheSpireMod:From All Sides","Atom Bomb"],"picked":"Adrenaline","floor":33},{"not_picked":["Noxious Fumes","Blur"],"picked":"Dash","floor":35},{"not_picked":["Poisoned Stab+1","Fluid Movement"],"picked":"Prepared+1","floor":36},{"not_picked":["Hidden Blade","ReplayTheSpireMod:Speed Training","Dash"],"picked":"SKIP","floor":38},{"not_picked":["Poisoned Stab","Quick Slash"],"picked":"ReplayTheSpireMod:From All Sides","floor":40},{"not_picked":["ReplayTheSpireMod:Shiv Toss","Riddle With Holes+1","PiercingWail+1"],"picked":"SKIP","floor":41},{"not_picked":["PiercingWail","Predator","Dodge and Roll"],"picked":"SKIP","floor":46},{"not_picked":["Backstab+1","Underhanded Strike","Deflect"],"picked":"SKIP","floor":48},{"not_picked":["Deadly Poison","Accuracy"],"picked":"Acrobatics","floor":49}],"player_experience":444336,"relics_obtained":[{"floor":6,"key":"Replay:Towering Pillar of Hats"},{"floor":9,"key":"testmod-OneHitWonder"},{"floor":11,"key":"Toy Ornithopter"},{"floor":17,"key":"Replay:Wax Seal"},{"floor":17,"key":"Mirror"},{"floor":17,"key":"testmod-Muramasa"},{"floor":20,"key":"Whetstone"},{"floor":24,"key":"Dream Catcher"},{"floor":26,"key":"Happy Flower"},{"floor":30,"key":"Regal Pillow"},{"floor":40,"key":"Pen Nib"},{"floor":42,"key":"Onion Ring"},{"floor":43,"key":"Iron Hammer"},{"floor":46,"key":"Orichalcum"}],"event_choices":[{"damage_healed":0,"gold_gain":0,"player_choice":"Success","damage_taken":5,"relics_obtained":["Lantern"],"max_hp_gain":0,"max_hp_loss":0,"event_name":"Scrap Ooze","floor":2,"gold_loss":0},{"damage_healed":0,"gold_gain":75,"player_choice":"Gather Gold","damage_taken":11,"max_hp_gain":0,"max_hp_loss":0,"event_name":"World of Goop","floor":3,"gold_loss":0},{"damage_healed":0,"gold_gain":0,"cards_transformed":["Strike_G"],"player_choice":"Transformed","damage_taken":0,"max_hp_gain":0,"max_hp_loss":0,"event_name":"Transmorgrifier","floor":5,"gold_loss":0,"cards_obtained":["Replay:Bag of Tricks"]},{"cards_removed":["Defend_G"],"damage_healed":0,"gold_gain":0,"player_choice":"Purged","damage_taken":0,"max_hp_gain":0,"max_hp_loss":0,"event_name":"Purifier","floor":21,"gold_loss":0},{"damage_healed":0,"gold_gain":400,"player_choice":"Sell","damage_taken":0,"max_hp_gain":0,"max_hp_loss":0,"event_name":"¶÷ÂåË¹µÄÅÌ×Ó","floor":27,"relics_lost":["NeowsBlessing"],"gold_loss":0},{"damage_healed":0,"gold_gain":50,"player_choice":"Pray","damage_taken":0,"max_hp_gain":0,"max_hp_loss":0,"event_name":"Golden Shrine","floor":39,"gold_loss":0}],"is_beta":false,"boss_relics":[{"not_picked":["Replay:Wanted Poster","Coffee Dripper"],"picked":"Replay:Grab Bag"},{"not_picked":["Fusion Hammer","Busted Crown"],"picked":"Philosopher\u0027s Stone"},{"not_picked":["Velvet Choker","Cursed Key"],"picked":"Sozu"},{"not_picked":["testmod-TimeTraveler","testmod-BloodSacrificeSpiritualization"],"picked":"Calling Bell"},{"not_picked":["testmod-PortableAltar","testmod-DreamHouse"],"picked":"Empty Cage"},{"not_picked":["testmod-Fanaticism","Runic Pyramid"],"picked":"testmod-Prudence"}],"items_purged_floors":[8,28],"is_endless":false,"potions_floor_spawned":[6,12,24,25,30,38,40,46,48],"ascension_level":20}}