{"host":"3a1ypf1irl30q4k8","time":1608155470,"event":{"mods":["AchievementEnabler","BaseMod","Bestiary","Colored Map","Minty Spire (QoL Compilation)","Relic Stats"],"gold_per_floor":[117,117,117,137,153,180,180,203,226,226,9,19,31,31,31,31,31],"floor_reached":16,"playtime":563,"items_purged":["Strike_G"],"score":160,"play_id":"aacc8d53-db67-4196-9005-919d9766bbd3","local_time":"20201216215110","is_ascension_mode":true,"campfire_choices":[{"floor":7,"key":"REST"},{"data":"Blur","floor":10,"key":"SMITH"},{"floor":15,"key":"REST"}],"circlet_count":0,"master_deck":["AscendersBane","Strike_G","Strike_G","Strike_G","Strike_G","Defend_G","Defend_G","Defend_G","Defend_G","Defend_G","Survivor","Neutralize","Predator","Poisoned Stab","Flying Knee","Crippling Poison","Blur+1","Distraction","Noxious Fumes","Glass Knife","Quick Slash"],"relics":["Ring of the Snake","NeowsBlessing","Strawberry","StrikeDummy","Odd Mushroom","Boot"],"acts_visited":["Exordium"],"potions_floor_usage":[8,16,16],"damage_taken":[{"damage":0,"enemies":"Jaw Worm","floor":1,"turns":1},{"damage":0,"enemies":"Small Slimes","floor":4,"turns":1},{"damage":0,"enemies":"2 Louse","floor":5,"turns":1},{"damage":26,"enemies":"Gremlin Nob","floor":6,"turns":4},{"damage":21,"enemies":"The Mushroom Lair","floor":8,"turns":5},{"damage":2,"enemies":"Exordium Wildlife","floor":12,"turns":5},{"damage":3,"enemies":"Red Slaver","floor":13,"turns":4},{"damage":60,"enemies":"Slime Boss","floor":16,"turns":8}],"seed_played":"-6808033849126299466","potions_obtained":[{"floor":1,"key":"SpeedPotion"},{"floor":6,"key":"GamblersBrew"},{"floor":12,"key":"EssenceOfSteel"}],"is_trial":false,"path_per_floor":["M","?","?","M","M","E","R","?","T","R","$","M","M","$","R","B"],"character_chosen":"THE_SILENT","items_purchased":["Distraction","Noxious Fumes"],"campfire_rested":2,"item_purchase_floors":[11,11],"current_hp_per_floor":[63,63,63,63,63,37,60,39,39,39,39,37,34,34,57,0,0],"gold":31,"neow_bonus":"THREE_ENEMY_KILL","is_daily":false,"chose_seed":false,"campfire_upgraded":1,"win_rate":0.0,"timestamp":1608155470,"path_taken":["M","?","?","?","M","E","R","?","T","R","$","M","M","?","R","BOSS"],"items_purchased_type":["Card","Card"],"build_version":"2020-12-13","purchased_purges":1,"victory":false,"max_hp_per_floor":[70,70,77,77,77,77,77,77,77,77,77,77,77,77,77,77,77],"relic_stats":{"counters":[8,29],"Boot":[17],"obtain_stats":[{"NeowsBlessing":0,"Strawberry":3,"Odd Mushroom":8,"StrikeDummy":6,"Boot":9,"Ring of the Snake":0},{"NeowsBlessing":0,"Strawberry":1,"Odd Mushroom":5,"StrikeDummy":4,"Boot":5,"Ring of the Snake":0},{"NeowsBlessing":0,"Strawberry":1,"Odd Mushroom":12,"StrikeDummy":7,"Boot":12,"Ring of the Snake":0}],"Ring of the Snake":[16]},"card_choices":[{"not_picked":["Dagger Spray","Acrobatics"],"picked":"Predator","floor":1},{"not_picked":["Accuracy","Deflect"],"picked":"Poisoned Stab","floor":4},{"not_picked":["Bane","Deadly Poison"],"picked":"Flying Knee","floor":5},{"not_picked":["Catalyst","Reflex"],"picked":"Crippling Poison","floor":6},{"not_picked":["Sucker Punch","All Out Attack"],"picked":"Blur","floor":8},{"not_picked":["Sucker Punch","Deadly Poison"],"picked":"Glass Knife","floor":12},{"not_picked":["All Out Attack","Dodge and Roll"],"picked":"Quick Slash","floor":13}],"player_experience":850017,"relics_obtained":[{"floor":6,"key":"StrikeDummy"},{"floor":8,"key":"Odd Mushroom"},{"floor":9,"key":"Boot"}],"event_choices":[{"damage_healed":0,"gold_gain":0,"player_choice":"Ignored","damage_taken":0,"max_hp_gain":0,"max_hp_loss":0,"event_name":"Shining Light","floor":2,"gold_loss":0},{"damage_healed":0,"gold_gain":0,"player_choice":"Success","damage_taken":7,"relics_obtained":["Strawberry"],"max_hp_gain":0,"max_hp_loss":0,"event_name":"Scrap Ooze","floor":3,"gold_loss":0},{"damage_healed":0,"gold_gain":0,"player_choice":"Fought Mushrooms","damage_taken":0,"max_hp_gain":0,"max_hp_loss":0,"event_name":"Mushrooms","floor":8,"gold_loss":0}],"is_beta":false,"boss_relics":[],"items_purged_floors":[11],"is_endless":false,"potions_floor_spawned":[1,6,12],"killed_by":"Slime Boss","ascension_level":12}}