{"host":"sum4dy402bbv9y4o","time":1608133632,"event":{"mods":["Aspiration","BaseMod","Conspire","Highlight Path","Minty Spire (QoL Compilation)","StSLib"],"gold_per_floor":[116,116,26,26,36,67,67,67,117,117,117,134,167,194,194,268,268,281,4,4,17,44,44,72,91,91,141,169,169,9,9,9,84,84,99,99,40,55,55,89,103,123,200,218,236,252,252,266,266,266,266,266],"floor_reached":51,"playtime":2125,"items_purged":["Injury"],"score":1696,"play_id":"a32c15ce-4460-4e78-a5a0-0366d784758f","local_time":"20201216184712","is_ascension_mode":true,"campfire_choices":[{"data":"Eruption","floor":8,"key":"SMITH"},{"data":"TalkToTheHand","floor":10,"key":"SMITH"},{"data":"SashWhip","floor":15,"key":"SMITH"},{"floor":23,"key":"REST"},{"floor":29,"key":"REST"},{"floor":32,"key":"REST"},{"floor":47,"key":"REST"},{"floor":49,"key":"REST"}],"circlet_count":0,"master_deck":["AscendersBane","conspire:GhostlyStrike","conspire:GhostlyDefend","conspire:GhostlyDefend","conspire:GhostlyDefend","Eruption+1","Vigilance","FlurryOfBlows","TalkToTheHand+1","SashWhip+1","Weave+1","Finisher+1","Quick Slash","FlyingSleeves+1","BowlingBash+1","Vault+1","Backflip+1","FlurryOfBlows+1","EmptyMind","Dagger Throw+1","Dagger Spray+1","Flying Knee+1","LessonLearned+1","Quick Slash+1","Sucker Punch+1","Halt+1","SandsOfTime+1","After Image"],"relics":["PureWater","NeowsBlessing","Blood Vial","Toy Ornithopter","Molten Egg 2","Omamori","Vajra","aspiration:SilentSkillbook","aspiration:Stabinomicon","Lantern","Centennial Puzzle","Lizard Tail","aspiration:HiddenCompartment","ClockworkSouvenir","Empty Cage","Prayer Wheel","HornCleat"],"acts_visited":["Exordium","TheCity","TheBeyond"],"potions_floor_usage":[13,33,40,50,50],"damage_taken":[{"damage":0,"enemies":"Small Slimes","floor":1,"turns":1},{"damage":0,"enemies":"Jaw Worm","floor":5,"turns":1},{"damage":0,"enemies":"Gremlin Nob","floor":6,"turns":1},{"damage":0,"enemies":"Cultist","floor":12,"turns":2},{"damage":37,"enemies":"3 Sentries","floor":13,"turns":6},{"damage":0,"enemies":"Hexaghost","floor":16,"turns":7},{"damage":20,"enemies":"2 Thieves","floor":18,"turns":3},{"damage":0,"enemies":"Chosen","floor":21,"turns":3},{"damage":0,"enemies":"Slavers","floor":24,"turns":2},{"damage":0,"enemies":"Snecko","floor":25,"turns":2},{"damage":16,"enemies":"Gremlin Leader","floor":28,"turns":4},{"damage":0,"enemies":"conspire:MysteriousRune","floor":33,"turns":3},{"damage":6,"enemies":"Orb Walker","floor":35,"turns":2},{"damage":25,"enemies":"3 Shapes","floor":38,"turns":4},{"damage":0,"enemies":"Giant Head","floor":40,"turns":4},{"damage":0,"enemies":"Maw","floor":41,"turns":3},{"damage":24,"enemies":"Sphere and 2 Shapes","floor":42,"turns":3},{"damage":0,"enemies":"Transient","floor":44,"turns":6},{"damage":0,"enemies":"Spire Growth","floor":45,"turns":3},{"damage":18,"enemies":"3 Darklings","floor":46,"turns":3},{"damage":11,"enemies":"Writhing Mass","floor":48,"turns":3},{"damage":45,"enemies":"conspire:OrnateMirror","floor":50,"turns":17},{"damage":109,"enemies":"Time Eater","floor":51,"turns":6}],"seed_played":"-3170535601409633630","potions_obtained":[{"floor":4,"key":"Ambrosia"},{"floor":4,"key":"SkillPotion"},{"floor":33,"key":"Energy Potion"},{"floor":42,"key":"FearPotion"}],"is_trial":false,"path_per_floor":["M","?","$","?","M","E","?","R","T","R","?","M","E","T","R","B",null,"M","$","?","M","T","R","E","M","T","?","E","R","$","?","R","B",null,"M","?","$","M","?","E","M","M","T","M","M","M","R","M","R","B","B"],"character_chosen":"WATCHER","items_purchased":["TalkToTheHand","FlurryOfBlows+1","AttackPotion","EmptyMind","ClockworkSouvenir","Sucker Punch+1"],"campfire_rested":5,"item_purchase_floors":[3,19,19,19,30,37],"current_hp_per_floor":[61,61,61,61,61,61,61,61,61,61,61,63,31,31,31,33,59,41,41,20,22,22,42,44,46,46,46,32,52,52,33,54,61,70,66,62,62,39,39,46,48,26,26,28,30,14,35,26,47,14,0,0],"gold":266,"neow_bonus":"THREE_ENEMY_KILL","is_daily":false,"chose_seed":false,"campfire_upgraded":3,"win_rate":0.0,"timestamp":1608133632,"path_taken":["M","?","$","?","?","E","?","R","T","R","?","M","E","?","R","BOSS","M","$","?","M","?","R","E","?","T","?","E","R","$","?","R","BOSS","M","?","$","M","?","E","M","M","T","M","?","M","R","M","R","BOSS","BOSS"],"items_purchased_type":["Card","Card","Potion","Card","Relic","Card"],"build_version":"2020-12-13","purchased_purges":1,"victory":false,"max_hp_per_floor":[68,68,68,68,68,68,68,68,68,68,68,68,68,68,68,68,68,68,68,68,68,68,68,68,68,68,68,68,68,68,73,73,73,73,73,73,73,73,73,73,73,73,73,73,73,73,73,73,73,73,73,73],"card_choices":[{"not_picked":["EmptyFist","SandsOfTime"],"picked":"FlurryOfBlows","floor":1},{"not_picked":["PathToVictory","LikeWater"],"picked":"SashWhip","floor":5},{"not_picked":["ThirdEye","ClearTheMind"],"picked":"Weave","floor":6},{"not_picked":["PathToVictory","ForeignInfluence"],"picked":"FlyingSleeves+1","floor":12},{"not_picked":["EmptyMind","Protect"],"picked":"BowlingBash+1","floor":13},{"not_picked":["MasterReality","Scrawl"],"picked":"Vault","floor":16},{"not_picked":["Cloak And Dagger","JustLucky+1","Swivel"],"picked":"Backflip","floor":18},{"not_picked":["Concentrate","Eviscerate+1","Quick Slash+1"],"picked":"Dagger Throw+1","floor":21},{"not_picked":["Eviscerate+1","WaveOfTheHand","FlyingSleeves+1"],"picked":"Dagger Spray+1","floor":24},{"not_picked":["Accuracy","Dagger Spray+1","Prepared","Tactician"],"picked":"SKIP","floor":25},{"not_picked":["JustLucky+1","CrushJoints+1","Cloak And Dagger"],"picked":"Flying Knee+1","floor":28},{"not_picked":["Phantasmal Killer","Corpse Explosion","Alpha"],"picked":"LessonLearned+1","floor":33},{"not_picked":["Study+1","Deflect","Escape Plan"],"picked":"Quick Slash+1","floor":35},{"not_picked":["WreathOfFlame","FollowUp+1","Poisoned Stab+1","Meditate"],"picked":"SKIP","floor":38},{"not_picked":["WindmillStrike+1","Tools of the Trade","PathToVictory"],"picked":"Halt+1","floor":40},{"not_picked":["DeceiveReality","FollowUp+1","Prepared"],"picked":"SandsOfTime+1","floor":41},{"not_picked":["Sucker Punch+1","CrushJoints+1","Evaluate","Grand Finale+1"],"picked":"SKIP","floor":41},{"not_picked":["Indignation","JustLucky+1","Bane+1","Prepared"],"picked":"SKIP","floor":42},{"not_picked":["Outmaneuver","EmptyMind","Adaptation","Wireheading+1"],"picked":"SKIP","floor":42},{"not_picked":["BowlingBash+1","Blade Dance","Terror","Infinite Blades"],"picked":"SKIP","floor":44},{"not_picked":["Crippling Poison+1","Expertise","Bane+1","Deadly Poison+1"],"picked":"SKIP","floor":44},{"not_picked":["Deadly Poison+1","Slice+1","Wireheading","ThirdEye"],"picked":"SKIP","floor":45},{"not_picked":["Nirvana+1","Poisoned Stab+1","Acrobatics+1","Consecrate+1"],"picked":"SKIP","floor":45},{"not_picked":["Acrobatics","Sucker Punch+1","Dagger Spray+1"],"picked":"After Image","floor":46},{"not_picked":["Escape Plan","ReachHeaven+1","FollowUp+1","Finisher+1"],"picked":"SKIP","floor":46},{"not_picked":["FollowUp+1","Catalyst+1","Underhanded Strike+1","Noxious Fumes"],"picked":"SKIP","floor":48},{"not_picked":["Accuracy","Conclude+1","LikeWater","FlyingSleeves+1"],"picked":"SKIP","floor":48}],"player_experience":2791181,"relics_obtained":[{"floor":6,"key":"Blood Vial"},{"floor":9,"key":"Toy Ornithopter"},{"floor":13,"key":"Omamori"},{"floor":14,"key":"Vajra"},{"floor":20,"key":"aspiration:Stabinomicon"},{"floor":22,"key":"Lantern"},{"floor":24,"key":"Centennial Puzzle"},{"floor":26,"key":"Lizard Tail"},{"floor":28,"key":"aspiration:HiddenCompartment"},{"floor":40,"key":"Prayer Wheel"},{"floor":43,"key":"HornCleat"}],"event_choices":[{"damage_healed":0,"gold_gain":0,"player_choice":"Agree","damage_taken":0,"max_hp_gain":0,"max_hp_loss":0,"event_name":"conspire:LoneGhost","floor":2,"gold_loss":0},{"damage_healed":0,"gold_gain":0,"player_choice":"Got Potions","damage_taken":0,"max_hp_gain":0,"max_hp_loss":0,"event_name":"Lab","floor":4,"gold_loss":0},{"damage_healed":0,"gold_gain":0,"player_choice":"Obtained Book","damage_taken":21,"max_hp_gain":0,"max_hp_loss":0,"event_name":"Cursed Tome","floor":20,"gold_loss":0},{"damage_healed":0,"gold_gain":50,"player_choice":"Stole From Cult","damage_taken":0,"max_hp_gain":0,"max_hp_loss":0,"event_name":"Nest","floor":27,"gold_loss":0},{"damage_healed":0,"gold_gain":0,"player_choice":"Shed Blood","damage_taken":24,"max_hp_gain":5,"max_hp_loss":0,"event_name":"Forgotten Altar","floor":31,"gold_loss":0},{"damage_healed":0,"gold_gain":0,"player_choice":"Leave","damage_taken":0,"max_hp_gain":0,"max_hp_loss":0,"event_name":"conspire:Investor","floor":36,"gold_loss":0},{"damage_healed":0,"gold_gain":0,"player_choice":"Forge","damage_taken":0,"max_hp_gain":0,"max_hp_loss":0,"event_name":"Accursed Blacksmith","floor":39,"gold_loss":0,"cards_upgraded":["Finisher"]}],"is_beta":false,"boss_relics":[{"not_picked":["HolyWater","Coffee Dripper"],"picked":"aspiration:SilentSkillbook"},{"not_picked":["Cursed Key","SacredBark"],"picked":"Empty Cage"}],"items_purged_floors":[19],"is_endless":false,"potions_floor_spawned":[5,6,25,28,33,35,38,42,45,46],"killed_by":"Time Eater","ascension_level":20}}