{"host":"1kq2ingo3j45gyyp","time":1608111689,"event":{"mods":["BaseMod","Better Note","Better Third Choice","Minty Spire (QoL Compilation)","StSLib"],"gold_per_floor":[114,114,129,129,144,174,174,204,229,244,244,259,274,26,26,126,126,141,156,171,186,201,201,201,201],"floor_reached":24,"playtime":893,"items_purged":[],"score":262,"play_id":"0b26887f-dffa-49bf-9e21-f465219887d3","local_time":"20201216044129","daily_mods":["SealedDeck","ControlledChaos","Terminal"],"is_ascension_mode":false,"campfire_choices":[{"floor":7,"key":"REST"},{"data":"Storm","floor":11,"key":"SMITH"},{"data":"Amplify","floor":15,"key":"SMITH"},{"data":"White Noise","floor":23,"key":"SMITH"}],"circlet_count":0,"master_deck":["Steam","Steam","Conserve Battery","Darkness","Heatsinks","Coolheaded","Storm+1","Coolheaded","Hello World","Conserve Battery","Fusion","Static Discharge","Amplify+1","Loop","Thunder Strike","Capacitor","White Noise+1"],"relics":["Cracked Core","Frozen Eye","Symbiotic Virus","Kunai","Art of War","Membership Card","Philosopher\u0027s Stone"],"acts_visited":["Exordium","TheCity"],"potions_floor_usage":[24,24],"damage_taken":[{"damage":0,"enemies":"Jaw Worm","floor":1,"turns":3},{"damage":0,"enemies":"Cultist","floor":3,"turns":3},{"damage":0,"enemies":"2 Louse","floor":5,"turns":3},{"damage":26,"enemies":"Gremlin Nob","floor":6,"turns":5},{"damage":13,"enemies":"3 Sentries","floor":8,"turns":5},{"damage":3,"enemies":"Gremlin Gang","floor":10,"turns":3},{"damage":0,"enemies":"2 Fungi Beasts","floor":12,"turns":3},{"damage":5,"enemies":"3 Louse","floor":13,"turns":2},{"damage":0,"enemies":"Slime Boss","floor":16,"turns":5},{"damage":0,"enemies":"Chosen","floor":18,"turns":3},{"damage":6,"enemies":"Shell Parasite","floor":19,"turns":3},{"damage":1,"enemies":"3 Cultists","floor":20,"turns":3},{"damage":6,"enemies":"Snake Plant","floor":21,"turns":2},{"damage":15,"enemies":"Chosen and Byrds","floor":22,"turns":4},{"damage":28,"enemies":"Slavers","floor":24,"turns":3}],"seed_played":"4580661739168851385","potions_obtained":[{"floor":3,"key":"PowerPotion"},{"floor":10,"key":"Weak Potion"},{"floor":16,"key":"FocusPotion"}],"is_trial":false,"path_per_floor":["M","?","M","?","M","E","R","E","T","M","R","M","M","$","R","B",null,"M","M","M","M","M","R","E"],"character_chosen":"DEFECT","items_purchased":["Membership Card","Amplify","Loop"],"campfire_rested":1,"item_purchase_floors":[14,14,14],"current_hp_per_floor":[73,72,71,70,69,43,63,50,50,47,47,47,42,42,42,42,57,56,50,49,43,28,28,0,0],"gold":201,"neow_bonus":"","is_daily":true,"chose_seed":false,"campfire_upgraded":3,"win_rate":0.0,"timestamp":1608111689,"path_taken":["M","?","?","?","M","E","R","E","T","M","R","M","M","$","R","BOSS","M","M","M","M","?","R","E"],"items_purchased_type":["Relic","Card","Card"],"build_version":"2020-12-13","purchased_purges":0,"victory":false,"max_hp_per_floor":[73,72,71,70,69,68,67,66,65,64,63,62,61,60,59,58,57,56,55,54,53,52,51,51,51],"card_choices":[{"not_picked":["Consume","Cold Snap"],"picked":"Hello World","floor":1},{"not_picked":["Leap","Ball Lightning"],"picked":"Conserve Battery","floor":3},{"not_picked":["Hologram","Steam"],"picked":"Fusion","floor":5},{"not_picked":["Go for the Eyes","Redo"],"picked":"Static Discharge","floor":6},{"not_picked":["Compile Driver","Chaos","Undo"],"picked":"SKIP","floor":8},{"not_picked":["Force Field","Auto Shields","Darkness"],"picked":"SKIP","floor":10},{"not_picked":["Beam Cell","Auto Shields","FTL"],"picked":"SKIP","floor":12},{"not_picked":["Streamline","Beam Cell","Consume"],"picked":"SKIP","floor":13},{"not_picked":["Hologram","Beam Cell","Rebound"],"picked":"SKIP","floor":18},{"not_picked":["Steam+1","Leap"],"picked":"Thunder Strike","floor":19},{"not_picked":["Aggregate+1","Force Field+1"],"picked":"Capacitor","floor":20},{"not_picked":["Beam Cell+1","Double Energy"],"picked":"White Noise","floor":21},{"not_picked":["Skim","Barrage","Darkness"],"picked":"SKIP","floor":22}],"player_experience":797953,"relics_obtained":[{"floor":6,"key":"Symbiotic Virus"},{"floor":8,"key":"Kunai"},{"floor":9,"key":"Art of War"}],"event_choices":[{"cards_removed":["Redo"],"damage_healed":0,"gold_gain":0,"player_choice":"Card Removal","damage_taken":0,"max_hp_gain":0,"max_hp_loss":0,"event_name":"Wheel of Change","floor":2,"gold_loss":0},{"cards_removed":["Redo"],"damage_healed":0,"gold_gain":0,"player_choice":"Purged","damage_taken":0,"max_hp_gain":0,"max_hp_loss":0,"event_name":"Purifier","floor":4,"gold_loss":0}],"is_beta":false,"boss_relics":[{"not_picked":["SacredBark","Astrolabe"],"picked":"Philosopher\u0027s Stone"}],"items_purged_floors":[],"is_endless":false,"potions_floor_spawned":[3,10,16,18,19],"killed_by":"Slavers","ascension_level":0}}