{"host":"0cnf9zf1gia27zti","time":1608154427,"event":{"mods":["BaseMod","BetterRewards","Card Forge","Colored Map","Colored Powertips","Conspire","Downfall","Minty Spire (QoL Compilation)","Practice Mode","Quick Restart","Replay The Spire","Robot Space Explorer","Shade Mod","Spicy Shops","StSLib"],"gold_per_floor":[111,111,131,147,147,172,191,210,290,290,307,307,9,25,25,96,96,112,112,52,52,52,78,78,93,93,93,118,118,133,143,143,222,222,233,244,269,25,44,44,44,72,97,97,115,125,25,35,35,35],"floor_reached":51,"playtime":3587,"items_purged":["hexamod:Haunted","Strike_G+1"],"score":1129,"play_id":"911eed43-c32a-4558-b8bf-576436d0b41d","local_time":"20201216213347","is_ascension_mode":true,"campfire_choices":[{"floor":10,"key":"REST"},{"floor":15,"key":"REST"},{"floor":24,"key":"REST"},{"data":"Accuracy","floor":29,"key":"SMITH"},{"data":"Footwork","floor":32,"key":"SMITH"},{"floor":40,"key":"REST"},{"floor":44,"key":"REST"},{"floor":49,"key":"REST"}],"circlet_count":0,"master_deck":["AscendersBane","Strike_G+1","Strike_G+1","Strike_G+1","Defend_G+1","Defend_G+1","Defend_G+1","Defend_G+1","Defend_G+1","Survivor","Neutralize","Accuracy+1","Cloak And Dagger","Accuracy+1","Skewer","Footwork+1","Cloak And Dagger","Poison Darts","Backflip+1","Finisher+1","Venomology","Infinite Blades","Infinite Blades","Night Terror+1","Blade Dance+1","Caltrops","After Image","Calculated Gamble","Backstab+1","Hidden Blade+1","Backflip"],"relics":["Ring of the Snake","Hammer of Thor","Seething Fire","Anvil of the Gods","Mummified Hand","ReplayTheSpireMod:Ninjato","Boot","ReplayTheSpireMod:CursedCoin","Orichalcum","Lantern","Molten Egg 2","Ninja Scroll","SacredBark","Chemical X","Counterbalance","War Paint","Art of War","Philosopher\u0027s Stone","Girya","Kunai","Akabeko","Potion Belt"],"acts_visited":["Exordium","TheCity","TheBeyond"],"potions_floor_usage":[6,8,14,16,23,28,28,30,33,36,39,45,45,46,50,50,50],"damage_taken":[{"damage":0,"enemies":"Cultist","floor":1,"turns":4},{"damage":5,"enemies":"Jaw Worm","floor":3,"turns":5},{"damage":0,"enemies":"2 Louse","floor":4,"turns":4},{"damage":10,"enemies":"Lagavulin","floor":6,"turns":11},{"damage":0,"enemies":"Exordium Wildlife","floor":7,"turns":4},{"damage":0,"enemies":"3 Louse","floor":8,"turns":5},{"damage":3,"enemies":"Exordium Thugs","floor":11,"turns":5},{"damage":0,"enemies":"2 Fungi Beasts","floor":14,"turns":1},{"damage":18,"enemies":"Hexaghost","floor":16,"turns":9},{"damage":2,"enemies":"2 Thieves","floor":18,"turns":2},{"damage":17,"enemies":"Book of Stabbing","floor":23,"turns":4},{"damage":0,"enemies":"Spheric Guardian","floor":25,"turns":1},{"damage":2,"enemies":"Gremlin Leader","floor":28,"turns":4},{"damage":0,"enemies":"Snake Plant","floor":30,"turns":3},{"damage":6,"enemies":"Centurion and Healer","floor":31,"turns":2},{"damage":20,"enemies":"Collector","floor":33,"turns":6},{"damage":0,"enemies":"Orb Walker","floor":35,"turns":1},{"damage":0,"enemies":"3 Shapes","floor":36,"turns":2},{"damage":0,"enemies":"Mind Bloom Boss Battle","floor":37,"turns":6},{"damage":27,"enemies":"Spire Growth","floor":39,"turns":3},{"damage":39,"enemies":"Reptomancer","floor":42,"turns":5},{"damage":0,"enemies":"Sphere and 2 Shapes","floor":45,"turns":3},{"damage":0,"enemies":"4 Shapes","floor":46,"turns":4},{"damage":0,"enemies":"Maw","floor":48,"turns":4},{"damage":5,"enemies":"Awakened One","floor":50,"turns":7}],"seed_played":"5985070389712710268","potions_obtained":[{"floor":1,"key":"SpeedPotion"},{"floor":7,"key":"DuplicationPotion"},{"floor":8,"key":"Energy Potion"},{"floor":11,"key":"Fire Potion"},{"floor":18,"key":"Strength Potion"},{"floor":25,"key":"LiquidBronze"},{"floor":28,"key":"SpeedPotion"},{"floor":35,"key":"Explosive Potion"},{"floor":39,"key":"FairyPotion"},{"floor":42,"key":"PowerPotion"},{"floor":48,"key":"Regen Potion"}],"is_trial":false,"path_per_floor":["M","?","M","M","?","E","M","M","T","R","M","?","$","M","R","B",null,"M","?","$","?","?","E","R","M","T","$","E","R","M","M","R","B",null,"M","M","?","$","M","R","?","E","T","R","M","M","$","M","R","B",null],"character_chosen":"THE_SILENT","items_purchased":["Accuracy","Mummified Hand","ReplayTheSpireMod:Ninjato","Boot","Cloak And Dagger","ReplayTheSpireMod:CursedCoin","Orichalcum","Ninja Scroll","Backflip","Chemical X","Kunai"],"campfire_rested":6,"item_purchase_floors":[0,0,0,0,0,0,0,13,13,20,38],"current_hp_per_floor":[31,31,26,26,26,16,16,16,16,37,34,20,20,20,41,23,58,56,56,56,56,56,39,60,60,60,60,58,58,58,52,52,32,61,61,61,61,61,34,55,55,16,16,37,37,37,37,37,58,70],"gold":35,"neow_bonus":"","is_daily":false,"chose_seed":false,"campfire_upgraded":2,"win_rate":0.0,"timestamp":1608154427,"path_taken":["M","?","?","M","?","E","M","M","T","R","M","?","$","M","R","BOSS","M","?","$","?","?","E","R","?","T","$","E","R","M","M","R","BOSS","M","M","?","$","M","R","?","E","T","R","M","M","$","?","R","BOSS"],"items_purchased_type":["Card","Relic","Relic","Relic","Card","Relic","Relic","Relic","Card","Relic","Relic"],"build_version":"2020-12-13","purchased_purges":2,"victory":true,"max_hp_per_floor":[70,70,70,70,70,70,70,70,70,70,70,70,70,70,70,70,70,70,70,70,70,70,70,70,70,70,70,70,70,70,70,70,70,70,70,70,70,70,70,70,70,70,70,70,70,70,70,70,70,70],"card_choices":[{"not_picked":["Dagger Throw","Bane"],"picked":"Accuracy","floor":1},{"not_picked":["Acrobatics","Sucker Punch","ReplayTheSpireMod:Scrap Shanks"],"picked":"SKIP","floor":3},{"not_picked":["Bane","PiercingWail"],"picked":"Skewer","floor":4},{"not_picked":["Slice","Blur","Quick Slash"],"picked":"SKIP","floor":6},{"not_picked":["Prepared","Outmaneuver"],"picked":"Footwork","floor":7},{"not_picked":["Setup","Eviscerate"],"picked":"Cloak And Dagger","floor":8},{"not_picked":["Fluid Movement","Underhanded Strike+1"],"picked":"Poison Darts","floor":11},{"not_picked":["Draining Mist","Underhanded Strike+1"],"picked":"Finisher+1","floor":14},{"not_picked":["Malaise","Envenom"],"picked":"Venomology","floor":16},{"not_picked":["Dagger Spray+1","Underhanded Strike+1"],"picked":"Infinite Blades","floor":18},{"not_picked":["Deadly Poison","Poisoned Stab+1"],"picked":"Night Terror","floor":23},{"not_picked":["Acrobatics","Sneak Up+1"],"picked":"Blade Dance+1","floor":25},{"not_picked":["Catalyst","Bane+1"],"picked":"Caltrops","floor":28},{"not_picked":["Poisoned Stab+1","Underhanded Strike+1","All Out Attack+1"],"picked":"SKIP","floor":30},{"not_picked":["Distraction","Quick Slash+1","Envenom"],"picked":"SKIP","floor":31},{"not_picked":["Corpse Explosion","ReplayTheSpireMod:From All Sides+1"],"picked":"After Image","floor":33},{"not_picked":["Slice+1","Outmaneuver"],"picked":"Calculated Gamble","floor":35},{"not_picked":["ReplayTheSpireMod:Exploit Weakness","Slice+1"],"picked":"Backstab+1","floor":36},{"not_picked":["Bane+1","Outmaneuver+1"],"picked":"Hidden Blade+1","floor":37},{"not_picked":["Crippling Poison","Dodge and Roll","Escape Plan"],"picked":"SKIP","floor":39},{"not_picked":["Poisoned Stab+1","Bane+1","Dash+1"],"picked":"SKIP","floor":42},{"not_picked":["Dodge and Roll","Expertise","Dagger Spray+1"],"picked":"SKIP","floor":45},{"not_picked":["Deadly Poison+1","Poisoned Stab+1","Quick Slash+1"],"picked":"SKIP","floor":46},{"not_picked":["Sucker Punch+1","Underhanded Strike+1"],"picked":"Backflip","floor":48}],"player_experience":2068378,"relics_obtained":[{"floor":6,"key":"Lantern"},{"floor":9,"key":"Molten Egg 2"},{"floor":23,"key":"Counterbalance"},{"floor":26,"key":"War Paint"},{"floor":28,"key":"Art of War"},{"floor":37,"key":"Girya"},{"floor":42,"key":"Akabeko"},{"floor":43,"key":"Potion Belt"}],"event_choices":[{"cards_removed":["Strike_G"],"damage_healed":0,"gold_gain":0,"player_choice":"Card Removal","damage_taken":0,"max_hp_gain":0,"max_hp_loss":0,"event_name":"Wheel of Change","floor":2,"gold_loss":0},{"damage_healed":0,"gold_gain":0,"player_choice":"Leave","damage_taken":0,"max_hp_gain":0,"max_hp_loss":0,"event_name":"conspire:Investor","floor":5,"gold_loss":0},{"damage_healed":0,"gold_gain":0,"player_choice":"Entered Light","damage_taken":14,"max_hp_gain":0,"max_hp_loss":0,"event_name":"Shining Light","floor":12,"gold_loss":0,"cards_upgraded":["Strike_G","Defend_G"]},{"damage_healed":0,"gold_gain":0,"player_choice":"Simplicity","damage_taken":0,"max_hp_gain":0,"max_hp_loss":0,"event_name":"Back to Basics","floor":19,"gold_loss":0,"cards_upgraded":["Strike_G","Strike_G","Strike_G","Defend_G","Defend_G","Defend_G","Defend_G"]},{"damage_healed":0,"gold_gain":0,"player_choice":"Copied","damage_taken":0,"max_hp_gain":0,"max_hp_loss":0,"event_name":"Duplicator","floor":22,"gold_loss":0,"cards_obtained":["Infinite Blades"]},{"damage_healed":0,"gold_gain":0,"player_choice":"Fight","damage_taken":0,"max_hp_gain":0,"max_hp_loss":0,"event_name":"MindBloom","floor":37,"gold_loss":0},{"damage_healed":0,"gold_gain":0,"player_choice":"Forge","damage_taken":0,"max_hp_gain":0,"max_hp_loss":0,"event_name":"Accursed Blacksmith","floor":41,"gold_loss":0,"cards_upgraded":["Accuracy"]}],"is_beta":false,"boss_relics":[{"not_picked":["Sozu","Velvet Choker"],"picked":"SacredBark"},{"not_picked":["Replay:Wanted Poster","conspire:SlowCooker"],"picked":"Philosopher\u0027s Stone"}],"items_purged_floors":[0,47],"is_endless":false,"potions_floor_spawned":[1,7,8,11,18,25,28,35,39,42,45,48],"ascension_level":13}}