{"host":"utqe55yv0jihe4d6","time":1608086185,"event":{"mods":["2.2 Compatiblity","AchievementEnabler","BaseMod","Block Reminder","Colored Map","Colored Powertips","Minty Spire (QoL Compilation)","Quick Restart","Rare Cards Sparkle","Relic Stats","SuperFastMode"],"gold_per_floor":[112,129,143,1,1,1,27,27,53,81,101,101,101,101,101,178,178,188,188,28,39,39,64,64,84,84,114,129,129,129,146,146,146,146],"floor_reached":33,"playtime":938,"items_purged":[],"score":586,"play_id":"934752d5-d9fc-43d0-b62f-ebcceb2d7eb8","local_time":"20201215213625","is_ascension_mode":true,"campfire_choices":[{"data":"Doom and Gloom","floor":6,"key":"SMITH"},{"data":"Fission","floor":8,"key":"SMITH"},{"floor":12,"key":"REST"},{"data":"Rainbow","floor":15,"key":"SMITH"},{"data":"Defragment","floor":24,"key":"SMITH"},{"data":"Double Energy","floor":29,"key":"SMITH"},{"data":"Electrodynamics","floor":32,"key":"SMITH"}],"circlet_count":0,"master_deck":["AscendersBane","Strike_B+1","Strike_B+1","Strike_B+1","Defend_B+1","Defend_B+1","Defend_B+1","Defend_B+1","Zap","Dualcast","Rainbow+1","Melter+1","Conserve Battery+1","Doom and Gloom+1","Fission+1","Cold Snap","Electrodynamics+1","Coolheaded+1","Coolheaded","Defragment+1","Double Energy+1","Static Discharge","Force Field"],"relics":["Cracked Core","Toy Ornithopter","Juzu Bracelet","Ornamental Fan","Pantograph","Philosopher\u0027s Stone","Oddly Smooth Stone","War Paint","HornCleat","Potion Belt"],"acts_visited":["Exordium","TheCity"],"potions_floor_usage":[7,10,16,23,23,31],"damage_taken":[{"damage":9,"enemies":"Small Slimes","floor":1,"turns":4},{"damage":10,"enemies":"Jaw Worm","floor":2,"turns":4},{"damage":1,"enemies":"Cultist","floor":3,"turns":3},{"damage":8,"enemies":"Gremlin Nob","floor":7,"turns":3},{"damage":25,"enemies":"3 Sentries","floor":10,"turns":4},{"damage":0,"enemies":"Looter","floor":11,"turns":3},{"damage":25,"enemies":"Slime Boss","floor":16,"turns":9},{"damage":0,"enemies":"Spheric Guardian","floor":18,"turns":1},{"damage":15,"enemies":"Shell Parasite","floor":21,"turns":4},{"damage":3,"enemies":"Gremlin Leader","floor":23,"turns":4},{"damage":0,"enemies":"Snecko","floor":25,"turns":4},{"damage":24,"enemies":"Slavers","floor":27,"turns":3},{"damage":1,"enemies":"Centurion and Healer","floor":28,"turns":6},{"damage":16,"enemies":"Shelled Parasite and Fungi","floor":31,"turns":4},{"damage":50,"enemies":"Automaton","floor":33,"turns":8}],"seed_played":"1973624098557308829","potions_obtained":[{"floor":7,"key":"FocusPotion"},{"floor":11,"key":"Regen Potion"},{"floor":16,"key":"Weak Potion"},{"floor":18,"key":"SneckoOil"},{"floor":21,"key":"PowerPotion"},{"floor":28,"key":"EssenceOfSteel"}],"is_trial":false,"path_per_floor":["M","M","M","$","?","R","E","R","T","E","M","R","?","T","R","B",null,"M","?","$","M","$","E","R","M","T","E","M","R","?","M","R","B"],"character_chosen":"DEFECT","items_purchased":["Doom and Gloom","PowerPotion","Oddly Smooth Stone"],"campfire_rested":1,"item_purchase_floors":[4,4,20],"current_hp_per_floor":[55,45,44,44,37,37,29,29,29,9,9,30,9,9,9,29,61,61,61,61,46,46,53,53,53,53,29,28,28,28,17,17,0,0],"gold":146,"neow_bonus":"ONE_RANDOM_RARE_CARD","is_daily":false,"chose_seed":false,"campfire_upgraded":6,"win_rate":0.0,"timestamp":1608086185,"path_taken":["M","M","M","$","?","R","E","R","T","E","M","R","?","?","R","BOSS","M","?","$","M","$","E","R","M","T","E","M","R","?","M","R","BOSS"],"items_purchased_type":["Card","Potion","Relic"],"build_version":"2020-12-13","purchased_purges":0,"victory":false,"max_hp_per_floor":[71,71,71,71,71,71,71,71,71,71,71,71,71,71,71,71,71,71,71,71,71,71,71,71,71,71,71,71,71,71,71,71,71,71],"relic_stats":{"counters":[15,64],"Ornamental Fan":[12],"Pantograph":50,"Juzu Bracelet":1,"War Paint":["Conserve Battery","Coolheaded"],"obtain_stats":[{"Potion Belt":27,"HornCleat":26,"Ornamental Fan":10,"Pantograph":14,"Oddly Smooth Stone":20,"Philosopher\u0027s Stone":17,"Juzu Bracelet":9,"War Paint":23,"Cracked Core":0,"Toy Ornithopter":7},{"Potion Belt":12,"HornCleat":11,"Ornamental Fan":5,"Pantograph":6,"Oddly Smooth Stone":8,"Philosopher\u0027s Stone":7,"Juzu Bracelet":4,"War Paint":10,"Cracked Core":0,"Toy Ornithopter":4},{"Potion Belt":46,"HornCleat":43,"Ornamental Fan":18,"Pantograph":21,"Oddly Smooth Stone":31,"Philosopher\u0027s Stone":30,"Juzu Bracelet":14,"War Paint":39,"Cracked Core":0,"Toy Ornithopter":14}],"Toy Ornithopter":25},"card_choices":[{"not_picked":["Steam","Coolheaded"],"picked":"Melter","floor":1},{"not_picked":["Hologram","Steam"],"picked":"Conserve Battery","floor":2},{"not_picked":["Stack","Leap","Gash"],"picked":"SKIP","floor":3},{"not_picked":["Stack","Rebound"],"picked":"Fission","floor":7},{"not_picked":["Auto Shields","FTL"],"picked":"Cold Snap","floor":10},{"not_picked":["Go for the Eyes","Barrage","Streamline"],"picked":"SKIP","floor":11},{"not_picked":["Buffer","Thunder Strike"],"picked":"Electrodynamics","floor":16},{"not_picked":["Beam Cell","Cold Snap"],"picked":"Coolheaded","floor":18},{"not_picked":["Heatsinks","Cold Snap"],"picked":"Coolheaded","floor":21},{"not_picked":["Leap","Rebound"],"picked":"Defragment","floor":23},{"not_picked":["Sweeping Beam","Stack"],"picked":"Double Energy","floor":25},{"not_picked":["Turbo","Redo","Skim"],"picked":"SKIP","floor":27},{"not_picked":["Cold Snap","Beam Cell"],"picked":"Static Discharge","floor":28},{"not_picked":["Beam Cell","Hologram"],"picked":"Force Field","floor":31}],"player_experience":2762050,"relics_obtained":[{"floor":7,"key":"Toy Ornithopter"},{"floor":9,"key":"Juzu Bracelet"},{"floor":10,"key":"Ornamental Fan"},{"floor":14,"key":"Pantograph"},{"floor":23,"key":"War Paint"},{"floor":26,"key":"HornCleat"},{"floor":27,"key":"Potion Belt"}],"event_choices":[{"cards_removed":["Strike_B"],"damage_healed":0,"gold_gain":0,"player_choice":"Card Removal","damage_taken":7,"max_hp_gain":0,"max_hp_loss":0,"event_name":"Golden Wing","floor":5,"gold_loss":0},{"damage_healed":0,"gold_gain":0,"player_choice":"Entered Light","damage_taken":21,"max_hp_gain":0,"max_hp_loss":0,"event_name":"Shining Light","floor":13,"gold_loss":0,"cards_upgraded":["Strike_B","Melter"]},{"damage_healed":0,"gold_gain":0,"player_choice":"Simplicity","damage_taken":0,"max_hp_gain":0,"max_hp_loss":0,"event_name":"Back to Basics","floor":19,"gold_loss":0,"cards_upgraded":["Strike_B","Strike_B","Defend_B","Defend_B","Defend_B","Defend_B"]},{"damage_healed":0,"gold_gain":0,"player_choice":"Ignored","damage_taken":0,"max_hp_gain":0,"max_hp_loss":0,"event_name":"Vampires","floor":30,"gold_loss":0}],"is_beta":false,"boss_relics":[{"not_picked":["Empty Cage","Astrolabe"],"picked":"Philosopher\u0027s Stone"}],"items_purged_floors":[],"is_endless":false,"potions_floor_spawned":[7,11,16,18,21,28],"killed_by":"Automaton","ascension_level":20}}