{"host":"c3kh4y5z2xx8jyu6","time":1608142679,"event":{"mods":["AchievementEnabler","BaseMod","Colored Powertips","Downfall","Hermit","Hubris","Lobotomy","Marisa????????","Minty Spire (QoL Compilation)","READ ME - Guardian Mod","Replay The Spire","Shop Mod","StSLib","Td1madao Mod","The Bug Knight","The Cursed","The Disciple","The Hierophant","The Necromancer","The Runesmith","The Servant 0.9.4"],"gold_per_floor":[209,209,209,229,229,242,272,9,63,63,74,84,95,122,122,222,222,236,165,165,176,186,213,213,213,213,246,278,278,297,327,327,422,422,442,458,475,475,491,491,491],"floor_reached":40,"playtime":1737,"items_purged":["Pain"],"score":533,"play_id":"dc1ddd73-fa96-4a22-81cc-df6bc51f08c1","local_time":"20201216201759","is_ascension_mode":false,"campfire_choices":[{"data":"Bone_Wall","floor":10,"key":"SMITH"},{"floor":15,"key":"REST"},{"floor":24,"key":"REST"},{"floor":29,"key":"REST"},{"floor":32,"key":"REST"}],"circlet_count":0,"master_deck":["Strike_W","Strike_W","Strike_W","Strike_W","Defend_W","Defend_W","Defend_W","Negative_Energy_Arrows","Bone_Wall+1","Bone_Armor","Bone_Armor","Bone_Shift","Summon_Undead","Negative_Energy_Javelin+1","Bone_Armory","Thousand_Bone_Knives","Blood_Wake","Summon_Undead_Army","Bone_Armor","Cloudkill","Consume_Illness","Cloudkill","Summon_Undead","Bone_Armor+1","Corrupt","Summon_Death_Knight","Negative_Energy_Shield","Summon_Undead_Army+1","Toxic_Smoke_Screen","Negative_Energy_Burst+1","Thousand_Bone_Knives+1","Negative_Energy_Mist","Negative_Energy_Shield+1","Skeleton_Dragon","Consume_Illness+1","Negative_Energy_Burst+1","Bones_to_Steel+1"],"relics":["Vampire_Amulet","hubris:Towel","Bronze Scales","White Beast Statue","Strawberry","Blue Doll","Orichalcum","Dream Catcher","Philosopher\u0027s Stone","Lantern","WarpedTongs","Molten Egg 2","ReplayTheSpireMod:CursedCoin","HollowMod:PaleOreRelic","Quantum Egg","Empty Cage","The Courier"],"acts_visited":["Exordium","TheCity","TheBeyond"],"potions_floor_usage":[],"damage_taken":[{"damage":1,"enemies":"Jaw Worm","floor":1,"turns":5},{"damage":3,"enemies":"Small Slimes","floor":4,"turns":4},{"damage":1,"enemies":"Cultist","floor":6,"turns":4},{"damage":29,"enemies":"3 Sentries","floor":7,"turns":11},{"damage":0,"enemies":"Large Slime","floor":11,"turns":4},{"damage":1,"enemies":"Red Slaver","floor":12,"turns":3},{"damage":0,"enemies":"2 Fungi Beasts","floor":13,"turns":3},{"damage":17,"enemies":"HollowMod:MossKnight","floor":14,"turns":5},{"damage":20,"enemies":"The Guardian","floor":16,"turns":10},{"damage":16,"enemies":"3 Byrds","floor":18,"turns":4},{"damage":16,"enemies":"Shell Parasite","floor":21,"turns":4},{"damage":27,"enemies":"3 Cultists","floor":22,"turns":4},{"damage":0,"enemies":"Replay:Snechameleon","floor":23,"turns":7},{"damage":47,"enemies":"Gremlin Leader","floor":28,"turns":6},{"damage":13,"enemies":"Snake Plant","floor":30,"turns":4},{"damage":14,"enemies":"Replay:Snechameleon","floor":31,"turns":4},{"damage":61,"enemies":"hubris:MusketHawk","floor":33,"turns":10},{"damage":21,"enemies":"3 Shapes","floor":35,"turns":3},{"damage":16,"enemies":"3 Darklings","floor":36,"turns":6},{"damage":11,"enemies":"Sphere and 2 Shapes","floor":37,"turns":4},{"damage":20,"enemies":"Spire Growth","floor":39,"turns":5},{"damage":47,"enemies":"Nemesis","floor":40,"turns":2}],"seed_played":"-7363215293458572122","potions_obtained":[{"floor":1,"key":"champ:CounterPotion"},{"floor":6,"key":"LiquidMemories"},{"floor":7,"key":"Ancient Potion"},{"floor":30,"key":"Dexterity Potion"}],"is_trial":false,"path_per_floor":["M","?","?","M","T","M","E","$","T","R","M","M","M","E","R","B",null,"M","$","?","M","M","E","R","?","T","$","E","R","M","E","R","B",null,"M","M","M","?","M","E"],"character_chosen":"NECROMANCER","items_purchased":["Negative_Energy_Javelin+1","Bone_Armory","Blue Doll","Cloudkill","ReplayTheSpireMod:CursedCoin","Summon_Undead_Army+1"],"campfire_rested":4,"item_purchase_floors":[8,8,8,19,27,27],"current_hp_per_floor":[75,75,72,73,73,74,58,58,58,58,62,63,67,52,76,58,82,72,72,72,58,37,42,66,66,66,66,41,65,57,57,81,28,82,67,53,51,51,33,0,0],"gold":491,"neow_bonus":"HUNDRED_GOLD","is_daily":false,"chose_seed":false,"campfire_upgraded":1,"win_rate":0.0,"timestamp":1608142679,"path_taken":["M","?","?","M","?","M","E","$","T","R","M","?","M","E","R","BOSS","M","$","?","M","?","E","R","?","T","?","E","R","M","E","R","BOSS","M","M","?","?","?","E"],"items_purchased_type":["Card","Card","Relic","Card","Relic","Card"],"build_version":"2020-12-13","purchased_purges":1,"victory":false,"max_hp_per_floor":[75,75,75,75,75,75,82,82,82,82,82,82,82,82,82,82,82,82,82,82,82,82,82,82,82,82,82,82,82,82,82,82,82,82,82,82,82,82,82,82,82],"card_choices":[{"not_picked":["Life_Drain","Plague_Bolt"],"picked":"Bone_Armor","floor":1},{"not_picked":["Scare","Bone_Shift"],"picked":"Bone_Armor","floor":4},{"not_picked":["Blood_Curse","Bone_Armor"],"picked":"Bone_Shift","floor":6},{"not_picked":["Death_Knell","Deaths_Shadow"],"picked":"Summon_Undead","floor":7},{"not_picked":["Whirlwind_of_Bones","Chill_Blood"],"picked":"Thousand_Bone_Knives","floor":11},{"not_picked":["Acid_Javelin","Strike_from_Beyond"],"picked":"Blood_Wake","floor":12},{"not_picked":["Life_Drain","Flesh_Made_Foul","Acid_Javelin"],"picked":"SKIP","floor":13},{"not_picked":["Blood_Shield","Bone_Armory"],"picked":"Summon_Undead_Army","floor":14},{"not_picked":["Flesh_Made_Foul","Shackles_Of_Pain"],"picked":"Bone_Armor","floor":15},{"not_picked":["Blood_Wake","Hellfire"],"picked":"Cloudkill","floor":16},{"not_picked":["Flesh_Made_Foul","Negative_Energy_Javelin"],"picked":"Consume_Illness","floor":18},{"not_picked":["Bone_Bullets","Blood_Whip"],"picked":"Bone_Armor+1","floor":21},{"not_picked":["Negative_Energy_Javelin","Negative_Energy_Sphere"],"picked":"Corrupt","floor":22},{"not_picked":["Scare+1","Finger_Of_Death"],"picked":"Summon_Death_Knight","floor":23},{"not_picked":["Bone_Bullets","Chill_Blood"],"picked":"Negative_Energy_Shield","floor":24},{"not_picked":["Negative_Energy_Sphere+1","Bones_to_Steel"],"picked":"Toxic_Smoke_Screen","floor":28},{"not_picked":["Strike_from_Beyond+1","Chill_Blood+1"],"picked":"Negative_Energy_Burst+1","floor":29},{"not_picked":["Blood_Shield","Bone_Armor"],"picked":"Thousand_Bone_Knives+1","floor":30},{"not_picked":["Necrotic_Claws+1","Scare"],"picked":"Negative_Energy_Mist","floor":31},{"not_picked":["Toxic_Smoke_Screen","Consume_Illness"],"picked":"Negative_Energy_Shield+1","floor":32},{"not_picked":["Hellfire+1","Reap_The_Weak+1"],"picked":"Skeleton_Dragon","floor":33},{"not_picked":["Chill_Blood","Death_Coil+1"],"picked":"Consume_Illness+1","floor":35},{"not_picked":["Death_March_Dance+1","Death_Coil+1"],"picked":"Negative_Energy_Burst+1","floor":36},{"not_picked":["Bone_Spikes+1","Death_Coil+1","Acid_Javelin+1"],"picked":"SKIP","floor":37},{"not_picked":["Necrotic_Claws+1","Grasp_Heart+1"],"picked":"Bones_to_Steel+1","floor":39}],"player_experience":196254,"relics_obtained":[{"floor":5,"key":"White Beast Statue"},{"floor":7,"key":"Strawberry"},{"floor":9,"key":"Orichalcum"},{"floor":14,"key":"Dream Catcher"},{"floor":23,"key":"Lantern"},{"floor":26,"key":"Molten Egg 2"},{"floor":28,"key":"HollowMod:PaleOreRelic"},{"floor":31,"key":"Quantum Egg"}],"event_choices":[{"damage_healed":0,"gold_gain":0,"player_choice":"Success","damage_taken":3,"relics_obtained":["Bronze Scales"],"max_hp_gain":0,"max_hp_loss":0,"event_name":"Scrap Ooze","floor":3,"gold_loss":0},{"damage_healed":0,"gold_gain":0,"player_choice":"Copied","damage_taken":0,"max_hp_gain":0,"max_hp_loss":0,"event_name":"Duplicator","floor":20,"gold_loss":0,"cards_obtained":["Summon_Undead"]},{"damage_healed":0,"gold_gain":0,"player_choice":"Rummage","damage_taken":0,"relics_obtained":["WarpedTongs"],"max_hp_gain":0,"max_hp_loss":0,"event_name":"Accursed Blacksmith","floor":25,"gold_loss":0,"cards_obtained":["Pain"]},{"damage_healed":0,"gold_gain":0,"player_choice":"Gave Potion","damage_taken":0,"relics_obtained":["The Courier"],"max_hp_gain":0,"max_hp_loss":0,"event_name":"WeMeetAgain","floor":38,"gold_loss":0}],"is_beta":false,"boss_relics":[{"not_picked":["hubris:BlackHole","Runic Dome"],"picked":"Philosopher\u0027s Stone"},{"not_picked":["Coffee Dripper","hubris:GrandSneckoEye"],"picked":"Empty Cage"}],"items_purged_floors":[27],"is_endless":false,"potions_floor_spawned":[1,6,7,11,12,13,14,16,18,21,22,23,28,30,31,33,35,36,37,39],"killed_by":"Nemesis","ascension_level":0}}