{"host":"31q8uht4v38sth7r","time":1608126972,"event":{"mods":["BaseMod","Colored Map","Downfall","Highlight Path","Minty Spire (QoL Compilation)","Permanent Neow","StSLib"],"gold_per_floor":[99,115,130,157,174,205,277,294,326,326,81,181,201,301,316,413,413,413,447,517,551,563,488,564,564,592,592,167,217,367,40,50,151,151,151,185,196,215,228,296,296,395,424,274,63,16,26,44,54,54,54,79,79,79,79],"floor_reached":56,"playtime":4031,"items_purged":["champ:Strike","champ:Execute"],"score":1708,"play_id":"f9c1fb28-16c1-4a86-8f30-a702b264d6f3","local_time":"20201216215612","is_ascension_mode":true,"campfire_choices":[{"data":"champ:Taunt","floor":1,"key":"SMITH"},{"data":"champ:SkillfulDodge","floor":10,"key":"SMITH"},{"floor":18,"key":"RECALL"},{"data":"champ:Improvising","floor":23,"key":"SMITH"},{"data":"champ:DefensiveStyle","floor":25,"key":"SMITH"},{"data":"champ:FalseCounter","floor":27,"key":"SMITH"},{"data":"champ:ShieldWall","floor":35,"key":"SMITH"},{"data":"champ:FocusedDefense","floor":44,"key":"SMITH"},{"data":"champ:ShieldSigil","floor":54,"key":"SMITH"}],"circlet_count":0,"master_deck":["champ:Strike","champ:Strike","champ:Strike","champ:Defend","champ:Defend","champ:Defend+1","champ:Defend","champ:Taunt+1","Clumsy","champ:DefensiveStyle","champ:SkillfulDodge+1","champ:Circumvent+1","champ:ShieldSigil+1","champ:MurderStrike","champ:TornadoPunch","champ:ShieldWall+1","champ:DefensiveStyle+1","champ:Circumvent","champ:ShieldWall","champ:FalseCounter+1","champ:ShieldThrow","champ:ShieldSigil+1","champ:Improvising+1","champ:FocusedDefense+1","champ:FalseCounter+1","champ:DefensiveStyle+1","champ:Circumvent","champ:DefensiveStyle"],"relics":["champ:ChampionCrown","Lizard Tail","Thread and Needle","Art of War","Eternal Feather","Omamori","ClockworkSouvenir","CloakClasp","downfall:CloakOfManyFaces","CultistMask","FaceOfCleric","NlothsMask","GremlinMask","SsserpentHead","Calling Bell","Akabeko","InkBottle","champ:GladiatorsBookOfMartialProwess","champ:DefensiveTrainingManual","Nunchaku","downfall:HeartBlessingRed","Orichalcum","Chemical X","War Paint","White Beast Statue","Pocketwatch","expansioncontent:StudyCardRelic","Blood Vial","Boot","MealTicket","downfall:HeartBlessingGreen","downfall:HeartBlessingBlue","Ice Cream","FossilizedHelix","Centennial Puzzle"],"acts_visited":["Exordium","TheCity","TheBeyond","TheEnding"],"potions_floor_usage":[8,9],"damage_taken":[{"damage":5,"enemies":"2 Louse","floor":2,"turns":4},{"damage":5,"enemies":"Cultist","floor":3,"turns":4},{"damage":15,"enemies":"Lagavulin","floor":4,"turns":8},{"damage":5,"enemies":"Small Slimes","floor":5,"turns":4},{"damage":12,"enemies":"3 Sentries","floor":6,"turns":8},{"damage":10,"enemies":"Exordium Thugs","floor":8,"turns":4},{"damage":19,"enemies":"Gremlin Nob","floor":9,"turns":4},{"damage":5,"enemies":"downfall:FleeingMerchant","floor":11,"turns":4},{"damage":0,"enemies":"downfall:FleeingMerchant","floor":12,"turns":9},{"damage":1,"enemies":"Exordium Wildlife","floor":13,"turns":5},{"damage":0,"enemies":"downfall:FaceTrader","floor":14,"turns":5},{"damage":0,"enemies":"3 Louse","floor":15,"turns":2},{"damage":1,"enemies":"downfall:Silent","floor":16,"turns":8},{"damage":23,"enemies":"Book of Stabbing","floor":19,"turns":7},{"damage":0,"enemies":"Spheric Guardian","floor":20,"turns":3},{"damage":9,"enemies":"Slavers","floor":21,"turns":4},{"damage":0,"enemies":"Snake Plant","floor":22,"turns":3},{"damage":4,"enemies":"Book of Stabbing","floor":26,"turns":5},{"damage":0,"enemies":"downfall:FleeingMerchant","floor":28,"turns":4},{"damage":0,"enemies":"downfall:LadyInBlue","floor":30,"turns":6},{"damage":0,"enemies":"downfall:FleeingMerchant","floor":31,"turns":4},{"damage":5,"enemies":"Cultist and Chosen","floor":32,"turns":4},{"damage":6,"enemies":"downfall:Defect","floor":33,"turns":6},{"damage":0,"enemies":"Giant Head","floor":36,"turns":6},{"damage":0,"enemies":"3 Shapes","floor":37,"turns":3},{"damage":0,"enemies":"Orb Walker","floor":38,"turns":2},{"damage":14,"enemies":"4 Shapes","floor":39,"turns":7},{"damage":78,"enemies":"Transient","floor":40,"turns":5},{"damage":6,"enemies":"Reptomancer","floor":43,"turns":6},{"damage":0,"enemies":"downfall:FleeingMerchant","floor":45,"turns":4},{"damage":0,"enemies":"3 Darklings","floor":47,"turns":4},{"damage":0,"enemies":"Spire Growth","floor":48,"turns":4},{"damage":0,"enemies":"Maw","floor":49,"turns":5},{"damage":0,"enemies":"downfall:Watcher","floor":50,"turns":5},{"damage":0,"enemies":"downfall:CharBossMerchant","floor":52,"turns":7},{"damage":0,"enemies":"downfall:NeowBoss","floor":55,"turns":23}],"seed_played":"-785198968472676049","potions_obtained":[{"floor":6,"key":"CultistPotion"},{"floor":8,"key":"SteroidPotion"},{"floor":9,"key":"Energy Potion"},{"floor":13,"key":"PowerPotion"},{"floor":14,"key":"GamblersBrew"},{"floor":30,"key":"DuplicationPotion"},{"floor":30,"key":"Fire Potion"},{"floor":32,"key":"champ:UltimateStancePotion"},{"floor":48,"key":"LiquidMemories"}],"is_trial":false,"path_per_floor":["R","M","M","E","M","E","T","M","E","R","$","?","M","?","M","B",null,"R","E","M","E","M","R","T","R","E","R","$","?","?","$","M","B",null,"R","E","M","M","M","M","T","T","E","R","?","$","M","M","M","B",null,"E","$","R","B",null],"character_chosen":"THE_CHAMP","items_purchased":["ClockworkSouvenir","Chemical X","War Paint","Pocketwatch","Ice Cream","FossilizedHelix","champ:Circumvent"],"campfire_rested":0,"item_purchase_floors":[11,28,28,31,45,45,46],"current_hp_per_floor":[90,90,90,75,70,63,63,53,44,53,53,53,52,52,53,53,92,92,70,71,63,64,76,76,88,85,97,98,98,99,100,96,91,102,102,103,104,105,92,17,17,17,14,39,42,57,60,63,66,69,123,124,124,124,125],"gold":79,"neow_bonus":"ONE_RARE_RELIC","is_daily":false,"chose_seed":false,"campfire_upgraded":8,"win_rate":0.0,"timestamp":1608126972,"path_taken":["R","M","M","E","M","E","T","M","E","R","$","?","M","?","M","BOSS","R","E","?","E","M","R","T","R","E","R","$","?","?","$","M","BOSS","R","E","M","M","M","?","T","?","E","R","?","$","M","M","M","BOSS","E","$","R","BOSS"],"items_purchased_type":["Relic","Relic","Relic","Relic","Relic","Relic","Card"],"build_version":"2020-12-13","purchased_purges":2,"victory":true,"max_hp_per_floor":[90,90,90,90,90,90,90,90,90,90,90,90,90,90,91,92,92,92,93,94,95,96,96,96,96,97,97,98,98,99,100,101,102,102,102,103,104,105,106,107,107,107,108,118,119,119,120,121,122,123,123,124,124,124,125],"card_choices":[{"not_picked":["champ:BladeFlurry","champ:ShieldWall"],"picked":"champ:DefensiveStyle","floor":2},{"not_picked":["champ:IronFortress","champ:FocusedBerserking"],"picked":"champ:SkillfulDodge","floor":3},{"not_picked":["champ:StanceDance","champ:SwordSigil"],"picked":"champ:Circumvent","floor":4},{"not_picked":["champ:BladeFlurry","champ:EndlessRage"],"picked":"champ:ShieldSigil","floor":5},{"not_picked":["champ:BerserkerStyle","champ:StanceDance"],"picked":"champ:MurderStrike","floor":6},{"not_picked":["champ:StanceDance","champ:Shatter"],"picked":"champ:TornadoPunch","floor":8},{"not_picked":["champ:HoldFirm","champ:Encircle"],"picked":"champ:ShieldWall","floor":9},{"not_picked":["champ:FightOn","champ:FocusedBerserking","champ:CrookedStrike"],"picked":"SKIP","floor":11},{"not_picked":["champ:DefensiveShout","champ:FocusedBerserking"],"picked":"champ:DefensiveStyle","floor":12},{"not_picked":["champ:PerfectedStrike","champ:SwordSigil"],"picked":"champ:Circumvent","floor":13},{"not_picked":["champ:Circumvent","champ:AdrenalArmor"],"picked":"champ:ShieldWall","floor":14},{"not_picked":["champ:Backstep","champ:ShieldSigil"],"picked":"champ:FalseCounter","floor":15},{"not_picked":["champ:Devastate","champ:HoldFirm"],"picked":"champ:ShieldThrow","floor":16},{"not_picked":["champ:DeathBlow","champ:Balance+1","champ:StanceDance"],"picked":"SKIP","floor":19},{"not_picked":["champ:DefensiveShout","champ:StanceDance"],"picked":"champ:ShieldSigil+1","floor":20},{"not_picked":["champ:RapidStrikes","champ:Encircle"],"picked":"champ:Improvising","floor":21},{"not_picked":["champ:FaceSlap","champ:StanceDance","champ:TornadoPunch"],"picked":"SKIP","floor":22},{"not_picked":["champ:IronFortress","champ:PerfectedStrike+1","champ:FlashCut"],"picked":"SKIP","floor":26},{"not_picked":["champ:StrikeOfGenius","champ:IronFortress","champ:Control"],"picked":"SKIP","floor":28},{"not_picked":["champ:Shatter+1","champ:BladeFlurry","champ:AdrenalArmor"],"picked":"SKIP","floor":31},{"not_picked":["champ:ViciousMockery","champ:BerserkersShout","champ:ArenaPreparation+1"],"picked":"SKIP","floor":32},{"not_picked":["champ:GladiatorsShout+1","champ:ArenaPreparation","champ:GladiatorStyle"],"picked":"SKIP","floor":36},{"not_picked":["champ:TornadoPunch+1","champ:GladiatorsShout"],"picked":"champ:FocusedDefense","floor":37},{"not_picked":["champ:FlashCut+1","champ:BringItOn+1","champ:RageSigil+1"],"picked":"SKIP","floor":38},{"not_picked":["champ:SwordSigil","champ:GladiatorStyle"],"picked":"champ:FalseCounter+1","floor":39},{"not_picked":["champ:DeathBlow+1","champ:Circumvent","champ:LastStand"],"picked":"SKIP","floor":40},{"not_picked":["champ:RisingSlash+1","champ:BringItOn+1"],"picked":"champ:DefensiveStyle+1","floor":43},{"not_picked":["champ:Encircle+1","champ:FanOfKnives+1","champ:Haymaker+1"],"picked":"SKIP","floor":45},{"not_picked":["champ:Encircle","champ:EndlessRage+1"],"picked":"champ:DefensiveStyle","floor":47},{"not_picked":["champ:CrookedStrike","champ:TornadoPunch+1","champ:PerfectedStrike"],"picked":"SKIP","floor":48},{"not_picked":["champ:FocusedGladiator+1","champ:RapidStrikes+1","champ:TornadoPunch+1"],"picked":"SKIP","floor":49},{"not_picked":["champ:DefensiveShout+1","champ:SwordSigil","champ:FanOfKnives+1"],"picked":"SKIP","floor":52}],"player_experience":1041462,"relics_obtained":[{"floor":4,"key":"Thread and Needle"},{"floor":6,"key":"Art of War"},{"floor":7,"key":"Eternal Feather"},{"floor":9,"key":"Omamori"},{"floor":12,"key":"CloakClasp"},{"floor":14,"key":"downfall:CloakOfManyFaces"},{"floor":17,"key":"Akabeko"},{"floor":17,"key":"InkBottle"},{"floor":17,"key":"champ:GladiatorsBookOfMartialProwess"},{"floor":19,"key":"champ:DefensiveTrainingManual"},{"floor":21,"key":"Nunchaku"},{"floor":26,"key":"Orichalcum"},{"floor":30,"key":"White Beast Statue"},{"floor":36,"key":"Blood Vial"},{"floor":42,"key":"Boot"},{"floor":43,"key":"MealTicket"},{"floor":52,"key":"Centennial Puzzle"}],"event_choices":[],"is_beta":false,"boss_relics":[{"not_picked":["Sozu","Snecko Eye"],"picked":"Calling Bell"},{"not_picked":["Pandora\u0027s Box","Velvet Choker"],"picked":"expansioncontent:StudyCardRelic"}],"items_purged_floors":[11,28],"is_endless":false,"potions_floor_spawned":[6,8,9,13,14,16,19,20,31,32,33,36,37,38,39,40,43,45,47,48,49,52],"ascension_level":3}}