{"host":"1tmagqyeywr2w44t","time":1608120024,"event":{"mods":["2.2 Compatiblity","BaseMod","Colored Powertips","Marisa£¨Ùöéë¡¡Øª×âÞÞ£©","Minty Spire (QoL Compilation)","Rare Cards Sparkle","Replay The Spire","StSLib","SuperFastMode","The Cursed"],"gold_per_floor":[362,377,377,395,470,470,487,487,487,512,525,555,570,589,589,684,684,701,701,711,723,737,772,784,822,834,874,896,942,974,827,827,923,923,942,942,962,976,976,976,1006,1006,1006,1040,1058,1072,1099,1110,1110,1110,1110,1110,42,67,67,67],"floor_reached":55,"playtime":2270,"items_purged":["TheCursedMod:CursedAmulet"],"score":1767,"play_id":"0894605c-285d-41eb-850d-f4f78c344cae","local_time":"20201216210024","is_ascension_mode":true,"campfire_choices":[{"data":"TheCursedMod:WearCloak","floor":6,"key":"SMITH"},{"data":"TheCursedMod:CursedWand","floor":8,"key":"SMITH"},{"data":"TheCursedMod:Grudge","floor":15,"key":"SMITH"},{"floor":24,"key":"REST"},{"floor":32,"key":"DIG"},{"floor":40,"key":"RECALL"},{"data":"TheCursedMod:CursedSpellbook","floor":42,"key":"SMITH"},{"data":"TheCursedMod:NeowsMight","floor":49,"key":"SMITH"},{"data":"TheCursedMod:CollectTribute","floor":49,"key":"SMITH"},{"data":"TheCursedMod:CircleOfCorruption","floor":52,"key":"SMITH"},{"data":"TheCursedMod:CircleOfCorruption","floor":52,"key":"SMITH"}],"circlet_count":0,"master_deck":["TheCursedMod:CursedWand+1","TheCursedMod:CleanUpWorkshop+1","TheCursedMod:CursedShiv+1","TheCursedMod:Wield+1","TheCursedMod:ManaBullet","TheCursedMod:CircleOfFlame+1","TheCursedMod:CircleOfWindfury","TheCursedMod:CircleOfCorruption+1","TheCursedMod:CircleOfAbyss","Finesse","TheCursedMod:Obscuration+1","TheCursedMod:WearCloak+1","TheCursedMod:Grudge+1","TheCursedMod:CursedSpellbook+1","TheCursedMod:CircleOfCorruption+1","TheCursedMod:Stretching","TheCursedMod:NeowsMight+1","TheCursedMod:HellfireBreathing+1","TheCursedMod:LuckyCharm","TheCursedMod:CollectTribute+1","TheCursedMod:CursedAmulet","TheCursedMod:AshesToAshes","TheCursedMod:CursedSpellbook+1","TheCursedMod:SurpriseAttack+1","Languid","Violence+1","TheCursedMod:VoidForm+1","TheCursedMod:SpitefulPray","Panache+1","Impatience+1"],"relics":["TheCursedMod:MagicCandle","Question Card","Molten Egg 2","Vajra","Black Star","Golden Egg","MawBank","ReplayTheSpireMod:Lightbulb","Bottled Lightning","Quantum Egg","War Paint","Anchor","Tiny Chest","Bag of Preparation","ReplayTheSpireMod:CursedCoin","ReplayTheSpireMod:TigerMarble","Busted Crown","TheCursedMod:DemonicMark","Whetstone","Juzu Bracelet","Torii","Toy Ornithopter","Replay:Arrowhead","Boot","Letter Opener","HandDrill","Oddly Smooth Stone","Bottled Tornado"],"acts_visited":["Exordium","TheCity","TheBeyond","TheEnding"],"potions_floor_usage":[12,18,21,22,23,23,33,50,55,55,55,55,55,55],"damage_taken":[{"damage":0,"enemies":"Jaw Worm","floor":1,"turns":1},{"damage":0,"enemies":"Small Slimes","floor":2,"turns":1},{"damage":0,"enemies":"Cultist","floor":4,"turns":2},{"damage":0,"enemies":"2 Fungi Beasts","floor":7,"turns":2},{"damage":0,"enemies":"Gremlin Nob","floor":10,"turns":2},{"damage":0,"enemies":"Looter","floor":11,"turns":1},{"damage":0,"enemies":"Lagavulin","floor":12,"turns":2},{"damage":2,"enemies":"Gremlin Gang","floor":13,"turns":3},{"damage":0,"enemies":"Exordium Wildlife","floor":14,"turns":1},{"damage":0,"enemies":"Hexaghost","floor":16,"turns":4},{"damage":0,"enemies":"Shell Parasite","floor":18,"turns":1},{"damage":0,"enemies":"Chosen","floor":20,"turns":3},{"damage":57,"enemies":"Snecko","floor":21,"turns":8},{"damage":0,"enemies":"Centurion and Healer","floor":22,"turns":2},{"damage":0,"enemies":"Gremlin Leader","floor":23,"turns":4},{"damage":14,"enemies":"Slavers","floor":25,"turns":6},{"damage":0,"enemies":"Book of Stabbing","floor":27,"turns":4},{"damage":0,"enemies":"Snake Plant","floor":28,"turns":2},{"damage":0,"enemies":"Slavers","floor":29,"turns":2},{"damage":0,"enemies":"Shelled Parasite and Fungi","floor":30,"turns":2},{"damage":3,"enemies":"Collector","floor":33,"turns":5},{"damage":0,"enemies":"Orb Walker","floor":35,"turns":1},{"damage":0,"enemies":"3 Shapes","floor":37,"turns":2},{"damage":1,"enemies":"Transient","floor":38,"turns":5},{"damage":1,"enemies":"Reptomancer","floor":41,"turns":3},{"damage":2,"enemies":"Nemesis","floor":44,"turns":1},{"damage":0,"enemies":"Writhing Mass","floor":45,"turns":3},{"damage":1,"enemies":"Spire Growth","floor":46,"turns":3},{"damage":0,"enemies":"Reptomancer","floor":47,"turns":2},{"damage":0,"enemies":"Maw","floor":48,"turns":3},{"damage":13,"enemies":"Awakened One","floor":50,"turns":5},{"damage":1,"enemies":"Shield and Spear","floor":54,"turns":1},{"damage":93,"enemies":"The Heart","floor":55,"turns":6}],"seed_played":"5036435921445587242","potions_obtained":[{"floor":2,"key":"ColorlessPotion"},{"floor":10,"key":"Reflective Coating"},{"floor":12,"key":"TheCursedMod:DregsPotion"},{"floor":13,"key":"Block Potion"},{"floor":16,"key":"Adrenaline Potion"},{"floor":21,"key":"Reflective Coating"},{"floor":22,"key":"Weak Potion"},{"floor":25,"key":"Block Potion"},{"floor":27,"key":"LifebloodPotion"},{"floor":28,"key":"Death Potion"},{"floor":30,"key":"Ancient Potion"},{"floor":37,"key":"SpeedPotion"},{"floor":46,"key":"ColorlessPotion"},{"floor":47,"key":"LiquidMemories"},{"floor":54,"key":"LifebloodPotion"}],"is_trial":false,"path_per_floor":["M","M","?","M","?","R","M","R","T","E","M","E","M","M","R","B",null,"M","?","M","M","M","E","R","E","T","E","M","E","M","$","R","B",null,"M","?","M","M","?","R","E","R","T","E","M","M","E","M","R","B",null,"R","$","E","B"],"character_chosen":"THE_CURSED","items_purchased":["Bag of Preparation","ReplayTheSpireMod:CursedCoin","Violence","Boot","Letter Opener","HandDrill","Panache","Impatience","EntropicBrew","DuplicationPotion"],"campfire_rested":1,"item_purchase_floors":[31,31,31,53,53,53,53,53,53,53],"current_hp_per_floor":[68,68,68,68,57,57,57,57,57,57,57,57,55,55,55,55,65,65,65,65,8,8,8,28,14,14,14,14,14,14,14,14,11,54,54,54,54,53,53,53,52,52,52,50,50,49,49,52,52,44,64,64,64,63,0,0],"gold":67,"neow_bonus":"TWO_FIFTY_GOLD","is_daily":false,"chose_seed":false,"campfire_upgraded":8,"win_rate":0.0,"timestamp":1608120024,"path_taken":["M","M","?","M","?","R","M","R","T","E","M","E","M","M","R","BOSS","M","?","M","?","M","E","R","E","T","E","M","E","M","$","R","BOSS","M","?","M","M","?","R","E","R","T","E","M","M","E","M","R","BOSS","R","$","E","BOSS"],"items_purchased_type":["Relic","Relic","Card","Relic","Relic","Relic","Card","Card","Potion","Potion"],"build_version":"2020-12-13","purchased_purges":1,"victory":false,"max_hp_per_floor":[68,68,68,68,68,68,68,68,68,68,68,68,68,68,68,68,68,68,68,68,68,68,68,68,68,68,68,68,68,68,68,68,68,68,68,68,68,68,68,68,68,68,68,68,68,68,68,71,71,71,71,71,71,71,71,71],"card_choices":[{"not_picked":["TheCursedMod:TacticalStrike","TheCursedMod:HellfireBreathing"],"picked":"TheCursedMod:Obscuration","floor":1},{"not_picked":["TheCursedMod:AbyssShockwave","TheCursedMod:CircleOfWindfury","TheCursedMod:CursedMace"],"picked":"SKIP","floor":2},{"not_picked":["TheCursedMod:RapidMovement","TheCursedMod:BlessingInDisguise"],"picked":"TheCursedMod:WearCloak","floor":4},{"not_picked":["TheCursedMod:SpreadPlague","TheCursedMod:Obscuration","TheCursedMod:Hemoplague"],"picked":"SKIP","floor":7},{"not_picked":["TheCursedMod:Evocation","TheCursedMod:CursedBlade+1","TheCursedMod:RavingStaff+1"],"picked":"TheCursedMod:Grudge","floor":10},{"not_picked":["TheCursedMod:CircleOfCorruption","TheCursedMod:FleshFromBone","TheCursedMod:FuryStrike+1"],"picked":"TheCursedMod:CursedSpellbook","floor":11},{"not_picked":["TheCursedMod:SoulReap+1","TheCursedMod:SmokeScreen","TheCursedMod:CursedAmulet"],"picked":"TheCursedMod:CircleOfCorruption","floor":12},{"not_picked":["TheCursedMod:FleshFromBone","TheCursedMod:ShockAndAwe+1","TheCursedMod:CursedBlade+1","TheCursedMod:Stigma+1"],"picked":"SKIP","floor":13},{"not_picked":["TheCursedMod:CircleOfCorruption","TheCursedMod:Wield+1","TheCursedMod:HellfireBreathing"],"picked":"TheCursedMod:Stretching","floor":14},{"not_picked":["TheCursedMod:UltimatePain","TheCursedMod:DemonSword+1","TheCursedMod:DemonicPact"],"picked":"TheCursedMod:NeowsMight","floor":16},{"not_picked":["TheCursedMod:SurpriseAttack+1","TheCursedMod:DoubleShield+1","TheCursedMod:RapidMovement"],"picked":"TheCursedMod:HellfireBreathing+1","floor":18},{"not_picked":["TheCursedMod:RavingStaff+1","TheCursedMod:SoulReap+1","TheCursedMod:Torture"],"picked":"TheCursedMod:LuckyCharm","floor":20},{"not_picked":["TheCursedMod:RavingStaff+1","TheCursedMod:FuryStrike+1","TheCursedMod:CircleOfCorruption"],"picked":"TheCursedMod:CursedAmulet","floor":21},{"not_picked":["TheCursedMod:Stigma+1","TheCursedMod:Evocation","TheCursedMod:WearCloak"],"picked":"TheCursedMod:CollectTribute","floor":22},{"not_picked":["TheCursedMod:CursedRelics+1","TheCursedMod:CursedBoomerang+1","TheCursedMod:CursedStaff+1"],"picked":"TheCursedMod:CursedAmulet","floor":23},{"not_picked":["TheCursedMod:CircleOfFlame+1","TheCursedMod:Stretching","TheCursedMod:SoulReap+1"],"picked":"TheCursedMod:AshesToAshes","floor":25},{"not_picked":["TheCursedMod:CursedShiv+1","TheCursedMod:VitalStrike+1","TheCursedMod:FuryStrike+1"],"picked":"TheCursedMod:CursedSpellbook+1","floor":27},{"not_picked":["TheCursedMod:FleshFromBone","TheCursedMod:TroublousMinions","TheCursedMod:LuckyCharm"],"picked":"TheCursedMod:SurpriseAttack+1","floor":28},{"not_picked":["TheCursedMod:Torture","TheCursedMod:CircleOfWindfury","TheCursedMod:Mangle+1","TheCursedMod:Grudge"],"picked":"SKIP","floor":29},{"not_picked":["TheCursedMod:Stretching","TheCursedMod:Torture","TheCursedMod:RavingStaff+1","TheCursedMod:FleshFromBone+1"],"picked":"SKIP","floor":30},{"not_picked":["TheCursedMod:CursedRelics+1","TheCursedMod:ShockAndAwe+1","TheCursedMod:ParallelWorld"],"picked":"TheCursedMod:VoidForm","floor":33},{"not_picked":["TheCursedMod:CursedBlade+1","TheCursedMod:RapidMovement+1"],"picked":"SKIP","floor":35},{"not_picked":["TheCursedMod:Stigma+1","TheCursedMod:BlessingInDisguise+1"],"picked":"SKIP","floor":37},{"not_picked":["TheCursedMod:SurpriseAttack+1"],"picked":"TheCursedMod:SpitefulPray","floor":38},{"not_picked":["TheCursedMod:CursedAmulet","TheCursedMod:VitalStrike+1"],"picked":"SKIP","floor":41},{"not_picked":["TheCursedMod:Wield+1","TheCursedMod:CircleOfAmplification"],"picked":"SKIP","floor":44},{"not_picked":["TheCursedMod:FuryStrike+1","TheCursedMod:Obscuration+1"],"picked":"SKIP","floor":45},{"not_picked":["TheCursedMod:ReleasedStrength","TheCursedMod:TroublousMinions+1"],"picked":"SKIP","floor":46},{"not_picked":["TheCursedMod:AbyssShockwave+1","TheCursedMod:Evocation"],"picked":"SKIP","floor":47},{"not_picked":["TheCursedMod:LuckyCharm+1","TheCursedMod:Hemoplague"],"picked":"SKIP","floor":48},{"not_picked":["TheCursedMod:CursedShiv+1","TheCursedMod:SmokeScreen"],"picked":"SKIP","floor":54},{"not_picked":["TheCursedMod:CursedShiv+1","TheCursedMod:SmokeScreen"],"picked":"SKIP","floor":54}],"player_experience":164521,"relics_obtained":[{"floor":9,"key":"Question Card"},{"floor":10,"key":"Molten Egg 2"},{"floor":12,"key":"Vajra"},{"floor":23,"key":"Golden Egg"},{"floor":23,"key":"MawBank"},{"floor":25,"key":"ReplayTheSpireMod:Lightbulb"},{"floor":25,"key":"Bottled Lightning"},{"floor":27,"key":"Quantum Egg"},{"floor":27,"key":"War Paint"},{"floor":29,"key":"Anchor"},{"floor":29,"key":"Tiny Chest"},{"floor":32,"key":"ReplayTheSpireMod:TigerMarble"},{"floor":41,"key":"TheCursedMod:DemonicMark"},{"floor":41,"key":"Whetstone"},{"floor":43,"key":"Juzu Bracelet"},{"floor":44,"key":"Torii"},{"floor":44,"key":"Toy Ornithopter"},{"floor":47,"key":"Replay:Arrowhead"},{"floor":54,"key":"Oddly Smooth Stone"},{"floor":54,"key":"Bottled Tornado"}],"event_choices":[{"damage_healed":0,"gold_gain":0,"player_choice":"Grow","damage_taken":0,"max_hp_gain":0,"max_hp_loss":0,"event_name":"Living Wall","floor":3,"gold_loss":0,"cards_upgraded":["TheCursedMod:CleanUpWorkshop"]},{"damage_healed":0,"gold_gain":75,"player_choice":"Gather Gold","damage_taken":11,"max_hp_gain":0,"max_hp_loss":0,"event_name":"World of Goop","floor":5,"gold_loss":0},{"damage_healed":0,"gold_gain":0,"player_choice":"Bought 0 Potions","damage_taken":0,"max_hp_gain":0,"max_hp_loss":0,"event_name":"The Woman in Blue","floor":19,"gold_loss":0},{"damage_healed":0,"gold_gain":0,"player_choice":"Memory 1","damage_taken":0,"max_hp_gain":0,"max_hp_loss":0,"event_name":"SensoryStone","floor":36,"gold_loss":0},{"damage_healed":0,"gold_gain":0,"player_choice":"Ignored","damage_taken":0,"max_hp_gain":0,"max_hp_loss":0,"event_name":"SecretPortal","floor":39,"gold_loss":0}],"is_beta":false,"boss_relics":[{"not_picked":["Philosopher\u0027s Stone","Pandora\u0027s Box"],"picked":"Black Star"},{"not_picked":["TheCursedMod:FourLeafCloverCharm","Honey Jar"],"picked":"Busted Crown"}],"items_purged_floors":[53],"is_endless":false,"potions_floor_spawned":[2,10,12,13,16,21,22,25,27,28,30,37,41,46,47,54],"killed_by":"The Heart","ascension_level":10}}