{"host":"0efafstpzz7w25m4","time":1608146120,"event":{"mods":["AchievementEnabler","BaseMod","BetterRewards","Colored Map","Highlight Path","Minty Spire (QoL Compilation)","StSLib","The Cursed"],"gold_per_floor":[112,130,148,113,113,113,141,141,210,222,247,261,261,261,261,357,357,374,374,464,444,462,462,475,475,475,475,487,83,83,103,103,206,206,223,99,99,99,115,168,168,179,203,203,218,238,0,0,0],"floor_reached":48,"playtime":3407,"items_purged":["Decay"],"score":746,"play_id":"3bbf984d-7b54-4f6f-bd2d-2ed2660716cd","local_time":"20201216201520","is_ascension_mode":true,"campfire_choices":[{"floor":6.0,"key":"RECALL"},{"data":"Chaos","floor":8.0,"key":"SMITH"},{"floor":15.0,"key":"REST"},{"floor":23,"key":"REST"},{"floor":25,"key":"REST"},{"data":"White Noise","floor":27,"key":"SMITH"},{"floor":30,"key":"REST"},{"data":"Capacitor","floor":32,"key":"SMITH"},{"data":"Buffer","floor":41,"key":"SMITH"}],"circlet_count":0,"master_deck":["Strike_B","Strike_B","Strike_B","Defend_B","Defend_B","Defend_B","Defend_B","Zap","Dualcast","Cold Snap","Beam Cell","White Noise+1","Chaos+1","Conserve Battery","Seek","Capacitor+1","Thunder Strike","Auto Shields","Leap+1","Turbo+1","Streamline+1","BootSequence+1","Transmutation+1","Skim+1","Buffer+1","Sunder+1","Madness+1","Madness+1","Redo+1","Tempest+1","Double Energy+1","Biased Cognition","Leap+1","Hello World+1"],"relics":["Cracked Core","Toolbox","Anchor","Emotion Chip","Bag of Preparation","Eternal Feather","Darkstone Periapt","Bronze Scales","Philosopher\u0027s Stone","Toxic Egg 2","DataDisk","Membership Card","SacredBark","Matryoshka","Smiling Mask","Gremlin Horn","Toy Ornithopter","Red Mask"],"acts_visited":["TheCity","TheBeyond"],"potions_floor_usage":[24,33,33,33,42,45],"damage_taken":[{"damage":0.0,"enemies":"Cultist","floor":1.0,"turns":4.0},{"damage":2.0,"enemies":"Jaw Worm","floor":2.0,"turns":2.0},{"damage":0.0,"enemies":"Small Slimes","floor":3.0,"turns":2.0},{"damage":17.0,"enemies":"Gremlin Nob","floor":7.0,"turns":4.0},{"damage":2.0,"enemies":"Red Slaver","floor":10.0,"turns":2.0},{"damage":24.0,"enemies":"Lagavulin","floor":11.0,"turns":6.0},{"damage":6.0,"enemies":"Large Slime","floor":12.0,"turns":4.0},{"damage":31.0,"enemies":"Slime Boss","floor":16.0,"turns":8.0},{"damage":2,"enemies":"Chosen","floor":18,"turns":4},{"damage":6,"enemies":"2 Thieves","floor":21,"turns":4},{"damage":26,"enemies":"Snake Plant","floor":22,"turns":4},{"damage":38,"enemies":"Shelled Parasite and Fungi","floor":24,"turns":5},{"damage":39,"enemies":"Cultist and Chosen","floor":28,"turns":6},{"damage":0,"enemies":"Snake Plant","floor":31,"turns":3},{"damage":68,"enemies":"Champ","floor":33,"turns":11},{"damage":17,"enemies":"Orb Walker","floor":35,"turns":3},{"damage":17,"enemies":"3 Shapes","floor":39,"turns":4},{"damage":5,"enemies":"Nemesis","floor":40,"turns":5},{"damage":23,"enemies":"3 Darklings","floor":42,"turns":3},{"damage":15,"enemies":"4 Shapes","floor":45,"turns":4},{"damage":0,"enemies":"Sphere and 2 Shapes","floor":46,"turns":4},{"damage":23,"enemies":"Jaw Worm Horde","floor":48,"turns":2}],"seed_played":"8869305948693057764","potions_obtained":[{"floor":1.0,"key":"GamblersBrew"},{"floor":3.0,"key":"BlessingOfTheForge"},{"floor":12.0,"key":"Weak Potion"},{"floor":21,"key":"ColorlessPotion"},{"floor":22,"key":"EssenceOfDarkness"},{"floor":28,"key":"LiquidBronze"},{"floor":39,"key":"Block Potion"},{"floor":42,"key":"Fire Potion"},{"floor":46,"key":"Strength Potion"}],"is_trial":false,"path_per_floor":["M","M","M","?","?","R","E","R","T","M","E","M","T","?","R","B",null,"M","?","?","M","M","R","M","R","T","R","M","$","R","M","R","B",null,"M","$","?","?","M","E","R","M","T","?","M","M","?","M"],"character_chosen":"DEFECT","items_purchased":["Toolbox","DataDisk","Membership Card","Transmutation+1","Matryoshka"],"campfire_rested":4,"item_purchase_floors":[0,29,29,29,36],"current_hp_per_floor":[50,48,48,66,66,66,49,49,49,47,23,17,17,17,48,17,75,73,73,55,49,23,57,19,53,53,65,26,26,60,60,75,7,75,58,58,49,49,32,27,42,19,19,19,9,9,9,0,0],"gold":0,"neow_bonus":"","is_daily":false,"chose_seed":false,"campfire_upgraded":4,"win_rate":0.0,"timestamp":1608146120,"path_taken":["M","M","M","?","?","R","E","R","T","M","E","M","?","?","R","BOSS","M","?","?","M","M","R","M","R","T","R","?","$","R","M","R","BOSS","M","$","?","?","?","E","R","M","T","?","M","?","?","M"],"items_purchased_type":["Relic","Relic","Relic","Card","Relic"],"build_version":"2020-12-13","purchased_purges":1,"victory":false,"max_hp_per_floor":[75,75,75,75,75,75,75,75,75,75,75,75,75,75,75,75,75,75,75,75,75,75,75,75,75,75,75,75,75,75,75,75,75,75,75,75,75,75,75,75,75,75,75,75,75,75,75,75,75],"card_choices":[{"not_picked":["Compile Driver","Coolheaded"],"picked":"Cold Snap","floor":1.0},{"not_picked":["Compile Driver","Streamline"],"picked":"Beam Cell","floor":2.0},{"not_picked":["Conserve Battery","Leap"],"picked":"White Noise","floor":3.0},{"not_picked":["Glacier","White Noise"],"picked":"Chaos","floor":7.0},{"not_picked":["Redo","Stack"],"picked":"Conserve Battery","floor":10.0},{"not_picked":["Blizzard","White Noise"],"picked":"Seek","floor":11.0},{"not_picked":["Rebound","Barrage"],"picked":"Capacitor","floor":12.0},{"not_picked":["All For One","Multi-Cast"],"picked":"Thunder Strike","floor":16.0},{"not_picked":["Beam Cell+1","Sweeping Beam"],"picked":"Auto Shields","floor":18},{"not_picked":["Beam Cell+1","White Noise"],"picked":"Leap+1","floor":21},{"not_picked":["Aggregate","Sweeping Beam"],"picked":"Turbo+1","floor":22},{"not_picked":["Storm+1","Thunder Strike"],"picked":"Streamline+1","floor":24},{"not_picked":["Streamline","Hologram+1"],"picked":"BootSequence+1","floor":28},{"not_picked":["Stack+1","Gash+1"],"picked":"Skim+1","floor":31},{"not_picked":["Meteor Strike","Creative AI"],"picked":"Buffer","floor":33},{"not_picked":["Compile Driver","Steam+1"],"picked":"Sunder+1","floor":35},{"not_picked":["Compile Driver","Heatsinks+1","FTL+1"],"picked":"SKIP","floor":39},{"not_picked":["Streamline","Rebound"],"picked":"Redo+1","floor":40},{"not_picked":["Stack+1","Hyperbeam"],"picked":"Tempest+1","floor":42},{"not_picked":["Sunder","Redo+1"],"picked":"Leap+1","floor":45},{"not_picked":["Ball Lightning+1","Compile Driver"],"picked":"Hello World+1","floor":46}],"player_experience":432291,"relics_obtained":[{"floor":7.0,"key":"Bag of Preparation"},{"floor":11.0,"key":"Eternal Feather"},{"floor":13.0,"key":"Darkstone Periapt"},{"floor":26,"key":"Toxic Egg 2"},{"floor":40,"key":"Smiling Mask"},{"floor":43,"key":"Gremlin Horn"},{"floor":43,"key":"Toy Ornithopter"}],"event_choices":[{"damage_healed":18.0,"max_hp_gain":0.0,"max_hp_loss":0.0,"gold_gain":0.0,"event_name":"The Cleric","player_choice":"Healed","floor":4.0,"gold_loss":35.0,"damage_taken":0.0},{"damage_healed":0.0,"max_hp_gain":0.0,"max_hp_loss":0.0,"gold_gain":0.0,"event_name":"Golden Wing","player_choice":"Ignored","floor":5.0,"gold_loss":0.0,"damage_taken":0.0},{"damage_healed":0.0,"max_hp_gain":0.0,"max_hp_loss":0.0,"gold_gain":0.0,"event_name":"WeMeetAgain","player_choice":"Gave Potion","floor":14.0,"gold_loss":0.0,"damage_taken":0.0,"relics_obtained":["Bronze Scales"]},{"damage_healed":0,"gold_gain":0,"player_choice":"Ignored","damage_taken":0,"max_hp_gain":0,"max_hp_loss":0,"event_name":"Ghosts","floor":19,"gold_loss":0},{"damage_healed":0,"gold_gain":90,"player_choice":"GOLD POTION ","damage_taken":18,"max_hp_gain":0,"max_hp_loss":0,"event_name":"Knowing Skull","floor":20,"potions_obtained":["PowerPotion"],"gold_loss":0,"cards_obtained":[]},{"damage_healed":0,"gold_gain":0,"player_choice":"Embrace Madness","damage_taken":9,"max_hp_gain":0,"max_hp_loss":0,"event_name":"Winding Halls","floor":37,"gold_loss":0,"cards_obtained":["Madness","Madness"]},{"cards_removed":["Strike_B"],"damage_healed":0,"gold_gain":0,"player_choice":"Purged","damage_taken":0,"max_hp_gain":0,"max_hp_loss":0,"event_name":"Purifier","floor":38,"gold_loss":0},{"damage_healed":0,"gold_gain":0,"player_choice":"2 cards matched","damage_taken":0,"max_hp_gain":0,"max_hp_loss":0,"event_name":"Match and Keep!","floor":44,"gold_loss":0,"cards_obtained":["Double Energy","Biased Cognition"]},{"damage_healed":0,"gold_gain":0,"player_choice":"Paid","damage_taken":0,"relics_obtained":["Red Mask"],"max_hp_gain":0,"max_hp_loss":0,"event_name":"Tomb of Lord Red Mask","floor":47,"gold_loss":238}],"is_beta":false,"boss_relics":[{"not_picked":["Busted Crown","Empty Cage"],"picked":"Philosopher\u0027s Stone"},{"not_picked":["Pandora\u0027s Box","Astrolabe"],"picked":"SacredBark"}],"items_purged_floors":[0],"is_endless":false,"potions_floor_spawned":[1,3,12,21,22,28,31,39,42,46],"killed_by":"Jaw Worm Horde","ascension_level":4}}