{"host":"6xsbn6ynqlzwllfm","time":1608139910,"event":{"mods":["2.2 Compatiblity","BaseMod","Bestiary","Colored Map","Colored Powertips","Curses Come First","Downfall","Highlight Path","Minty Spire (QoL Compilation)","Quick Restart","Relic Stats","Slay the Relics Exporter","StSLib","SuperFastMode"],"gold_per_floor":[110,110,134,148,18,18,32,32,110,260,271,8,8,35,35,109,109,124,74,85,102,17,17,67,30,55,73,101,101,131,142,142,142,142],"floor_reached":33,"playtime":923,"items_purged":["Strike_R","Doubt","Defend_R"],"score":591,"play_id":"33a11a21-2161-4dfe-b4d0-83f2f2a52f7f","local_time":"20201216123150","is_ascension_mode":true,"campfire_choices":[{"data":"Spot Weakness","floor":6.0,"key":"SMITH"},{"data":"Battle Trance","floor":8.0,"key":"SMITH"},{"data":"Bash","floor":13.0,"key":"SMITH"},{"data":"Armaments","floor":15.0,"key":"SMITH"},{"data":"Double Tap","floor":23.0,"key":"SMITH"},{"floor":29.0,"key":"REST"},{"floor":32.0,"key":"REST"}],"circlet_count":0,"master_deck":["AscendersBane","Strike_R","Strike_R","Defend_R","Defend_R","Bash+1","Feel No Pain","Spot Weakness+1","Battle Trance+1","Twin Strike","Thunderclap","Sentinel","Armaments+1","Double Tap+1","Rage+1","Havoc+1","Heavy Blade+1","Headbutt","Dark Embrace","Berserk","Demon Form","Shrug It Off"],"relics":["Burning Blood","Smiling Mask","Bronze Scales","Ornamental Fan","Orichalcum","Mango","Astrolabe","Toy Ornithopter","Centennial Puzzle","MealTicket","Dream Catcher"],"acts_visited":["TheCity"],"potions_floor_usage":[],"damage_taken":[{"damage":3.0,"enemies":"2 Louse","floor":1.0,"turns":4.0},{"damage":9.0,"enemies":"Jaw Worm","floor":4.0,"turns":4.0},{"damage":1.0,"enemies":"Cultist","floor":7.0,"turns":3.0},{"damage":24.0,"enemies":"Large Slime","floor":11.0,"turns":6.0},{"damage":14.0,"enemies":"Lagavulin","floor":14.0,"turns":4.0},{"damage":47.0,"enemies":"The Guardian","floor":16.0,"turns":11.0},{"damage":2.0,"enemies":"3 Byrds","floor":18.0,"turns":2.0},{"damage":8.0,"enemies":"2 Thieves","floor":20.0,"turns":3.0},{"damage":20.0,"enemies":"Chosen and Byrds","floor":21.0,"turns":3.0},{"damage":28.0,"enemies":"3 Cultists","floor":27.0,"turns":5.0},{"damage":15.0,"enemies":"Book of Stabbing","floor":28.0,"turns":3.0},{"damage":40.0,"enemies":"Slavers","floor":30.0,"turns":5.0},{"damage":29.0,"enemies":"Snake Plant","floor":31.0,"turns":3.0},{"damage":67,"enemies":"Automaton","floor":33,"turns":6}],"seed_played":"3887976105204693501","potions_obtained":[{"floor":1.0,"key":"ColorlessPotion"},{"floor":16.0,"key":"HeartOfIron"},{"floor":18.0,"key":"champ:CounterPotion"},{"floor":20.0,"key":"DuplicationPotion"},{"floor":21.0,"key":"Swift Potion"}],"is_trial":false,"path_per_floor":["M","?","T","M","$","R","M","R","T","?","M","$","R","E","R","B",null,"M","$","M","M","?","R","?","$","T","M","E","R","E","M","R","B"],"character_chosen":"IRONCLAD","items_purchased":["Battle Trance","Orichalcum","Sentinel","Dark Embrace"],"campfire_rested":2,"item_purchase_floors":[5,12,12,25],"current_hp_per_floor":[78,60,60,57,57,57,62,62,62,62,44,44,44,50,50,9,74,78,78,76,62,62,62,62,62,62,40,41,69,35,12,40,0,0],"gold":142,"neow_bonus":"TEN_PERCENT_HP_BONUS","is_daily":false,"chose_seed":false,"campfire_upgraded":5,"win_rate":0.0,"timestamp":1608139910,"path_taken":["M","?","?","M","$","R","M","R","T","?","M","$","R","E","R","BOSS","M","$","M","M","?","R","?","?","T","M","E","R","E","M","R","BOSS"],"items_purchased_type":["Card","Relic","Card","Card"],"build_version":"2020-12-13","purchased_purges":3,"victory":false,"max_hp_per_floor":[82,82,82,82,82,82,82,82,82,82,82,82,82,96,96,96,96,96,96,96,96,96,96,96,96,96,96,96,96,96,96,96,96,96],"relic_stats":{"Centennial Puzzle":[15],"Dream Catcher":1,"counters":[14,62],"Ornamental Fan":[32],"Bronze Scales":[251],"Astrolabe":["Rage","Havoc","Heavy Blade"],"MealTicket":0,"Orichalcum":[102],"Smiling Mask":150,"obtain_stats":[{"Centennial Puzzle":26,"Dream Catcher":30,"Ornamental Fan":9,"Bronze Scales":3,"Astrolabe":17,"Mango":14,"MealTicket":28,"Orichalcum":12,"Smiling Mask":2,"Burning Blood":0,"Toy Ornithopter":22},{"Centennial Puzzle":9,"Dream Catcher":12,"Ornamental Fan":3,"Bronze Scales":1,"Astrolabe":6,"Mango":5,"MealTicket":11,"Orichalcum":4,"Smiling Mask":1,"Burning Blood":0,"Toy Ornithopter":9},{"Centennial Puzzle":40,"Dream Catcher":53,"Ornamental Fan":11,"Bronze Scales":4,"Astrolabe":32,"Mango":21,"MealTicket":48,"Orichalcum":17,"Smiling Mask":4,"Burning Blood":0,"Toy Ornithopter":40}],"Burning Blood":78,"Toy Ornithopter":10},"card_choices":[{"not_picked":["Shrug It Off","Power Through"],"picked":"Feel No Pain","floor":1.0},{"not_picked":["Clothesline","Rampage"],"picked":"Spot Weakness","floor":4.0},{"not_picked":["Evolve","Bloodletting"],"picked":"Twin Strike","floor":7.0},{"not_picked":["Intimidate","Flex"],"picked":"Thunderclap","floor":11.0},{"not_picked":["Fire Breathing","Dual Wield"],"picked":"Armaments","floor":14.0},{"not_picked":["Demon Form","Bludgeon"],"picked":"Double Tap","floor":16.0},{"not_picked":["Battle Trance","Reckless Charge"],"picked":"Headbutt","floor":18.0},{"not_picked":["Second Wind","Rage","Armaments"],"picked":"SKIP","floor":20.0},{"not_picked":["Anger","Flex","Headbutt"],"picked":"SKIP","floor":21.0},{"not_picked":["Shrug It Off","Entrench+1"],"picked":"Berserk","floor":27.0},{"not_picked":["Armaments+1","Havoc"],"picked":"Demon Form","floor":28.0},{"not_picked":["Cleave","Wild Strike","Double Tap"],"picked":"SKIP","floor":30.0},{"not_picked":["Pommel Strike","Havoc"],"picked":"Shrug It Off","floor":31.0}],"player_experience":1224390,"relics_obtained":[{"floor":3.0,"key":"Bronze Scales"},{"floor":9.0,"key":"Ornamental Fan"},{"floor":14.0,"key":"Mango"},{"floor":26.0,"key":"Centennial Puzzle"},{"floor":28.0,"key":"MealTicket"},{"floor":30.0,"key":"Dream Catcher"}],"event_choices":[{"damage_healed":0.0,"max_hp_gain":0.0,"max_hp_loss":0.0,"gold_gain":0.0,"event_name":"Scrap Ooze","player_choice":"Success","floor":2.0,"gold_loss":0.0,"damage_taken":18.0,"relics_obtained":["Smiling Mask"]},{"damage_healed":0.0,"max_hp_gain":0.0,"max_hp_loss":0.0,"gold_gain":150.0,"event_name":"Liars Game","player_choice":"AGREE","floor":10.0,"gold_loss":0.0,"damage_taken":0.0,"cards_obtained":["Doubt"]},{"damage_healed":0.0,"max_hp_gain":0.0,"max_hp_loss":0.0,"gold_gain":0.0,"event_name":"Addict","player_choice":"Obtained Relic","floor":22.0,"gold_loss":85.0,"damage_taken":0.0,"relics_obtained":["Toy Ornithopter"]},{"damage_healed":0.0,"max_hp_gain":0.0,"max_hp_loss":0.0,"gold_gain":50.0,"event_name":"Nest","player_choice":"Stole From Cult","floor":24.0,"gold_loss":0.0,"damage_taken":0.0}],"is_beta":false,"boss_relics":[{"not_picked":["Black Star","Pandora\u0027s Box"],"picked":"Astrolabe"}],"items_purged_floors":[5,12,19],"is_endless":false,"potions_floor_spawned":[1,16,18,20,21],"killed_by":"Automaton","ascension_level":20}}