{"host":"4u4xibnmtqpdl4qa","time":1608119714,"event":{"mods":["AchievementEnabler","BaseMod","Colored Map","Colored Powertips","DeckTracker","Highlight Path","Minty Spire (QoL Compilation)","Quick Restart","Relic Stats","Slay-I","StSLib","Waifu the Spire"],"gold_per_floor":[117,130,4,4,4,40,40,40,118,118,118,161,186,204,204,324,324,313,313,328,328,343,381,381,381,381],"floor_reached":25,"playtime":2177,"items_purged":["Strike_R"],"score":252,"play_id":"ea0edc2c-1a44-4130-a1d1-df44355f3da3","local_time":"20201216125514","is_ascension_mode":true,"campfire_choices":[{"data":"Armaments","floor":7.0,"key":"SMITH"},{"floor":11.0,"key":"REST"},{"floor":15.0,"key":"REST"},{"floor":24,"key":"REST"}],"circlet_count":0,"master_deck":["Strike_R","Strike_R","Strike_R","Strike_R","Defend_R","Defend_R","Defend_R","Defend_R","Bash","Shrug It Off","Heavy Blade","Armaments+1","Flame Barrier","Feel No Pain","Disarm","Inflame","Barricade","Shockwave","Shame","Entrench+1","True Grit","True Grit+1"],"relics":["Burning Blood","Bag of Preparation","Golden Idol","PreservedInsect","Matryoshka","Happy Flower","Potion Belt","Runic Pyramid","Ancient Tea Set","Regal Pillow"],"acts_visited":["Exordium","TheCity"],"potions_floor_usage":[],"damage_taken":[{"damage":0.0,"enemies":"Small Slimes","floor":1.0,"turns":3.0},{"damage":0.0,"enemies":"2 Louse","floor":2.0,"turns":4.0},{"damage":46.0,"enemies":"3 Sentries","floor":6.0,"turns":14.0},{"damage":36.0,"enemies":"Lagavulin","floor":12.0,"turns":7.0},{"damage":4.0,"enemies":"Jaw Worm","floor":13.0,"turns":3.0},{"damage":7.0,"enemies":"Large Slime","floor":14.0,"turns":7.0},{"damage":8.0,"enemies":"The Guardian","floor":16.0,"turns":12.0},{"damage":33.0,"enemies":"2 Thieves","floor":18.0,"turns":4.0},{"damage":9,"enemies":"3 Byrds","floor":20,"turns":6},{"damage":33,"enemies":"Centurion and Healer","floor":22,"turns":14},{"damage":21,"enemies":"Gremlin Leader","floor":23,"turns":14},{"damage":54,"enemies":"Slavers","floor":25,"turns":4}],"seed_played":"3208429199566937535","potions_obtained":[{"floor":1.0,"key":"FearPotion"},{"floor":12.0,"key":"Swift Potion"},{"floor":14.0,"key":"Swift Potion"},{"floor":20,"key":"PowerPotion"},{"floor":22,"key":"Weak Potion"}],"is_trial":false,"path_per_floor":["M","M","$","?","?","E","R","?","T","?","R","E","M","M","R","B",null,"M","?","M","?","M","E","R","E"],"character_chosen":"IRONCLAD","items_purchased":["Armaments"],"campfire_rested":3,"item_purchase_floors":[3],"current_hp_per_floor":[80,80,80,85,85,45,45,45,45,42,67,37,39,38,63,61,85,58,58,55,55,28,13,53,0,0],"gold":381,"neow_bonus":"RANDOM_COMMON_RELIC","is_daily":false,"chose_seed":false,"campfire_upgraded":1,"win_rate":0.0,"timestamp":1608119714,"path_taken":["M","M","$","?","?","E","R","?","T","?","R","E","M","M","R","BOSS","M","?","M","?","M","E","R","E"],"items_purchased_type":["Card"],"build_version":"2020-12-13","purchased_purges":1,"victory":false,"max_hp_per_floor":[80,80,80,85,85,85,85,85,85,85,85,85,85,85,85,85,85,85,85,85,85,85,85,85,85,85],"relic_stats":{"Regal Pillow":15,"Happy Flower":[23],"counters":[12,92],"Golden Idol":67,"PreservedInsect":113,"Bag of Preparation":[24],"obtain_stats":[{"Potion Belt":12,"Regal Pillow":23,"Matryoshka":9,"Happy Flower":10,"Golden Idol":5,"PreservedInsect":6,"Bag of Preparation":0,"Ancient Tea Set":19,"Burning Blood":0,"Runic Pyramid":17},{"Potion Belt":4,"Regal Pillow":11,"Matryoshka":3,"Happy Flower":3,"Golden Idol":2,"PreservedInsect":3,"Bag of Preparation":0,"Ancient Tea Set":8,"Burning Blood":0,"Runic Pyramid":7},{"Potion Belt":28,"Regal Pillow":88,"Matryoshka":21,"Happy Flower":21,"Golden Idol":7,"PreservedInsect":21,"Bag of Preparation":0,"Ancient Tea Set":54,"Burning Blood":0,"Runic Pyramid":50}],"Burning Blood":54},"card_choices":[{"not_picked":["Cleave","Rage"],"picked":"Shrug It Off","floor":1.0},{"not_picked":["Fire Breathing","Sever Soul"],"picked":"Heavy Blade","floor":2.0},{"not_picked":["Blood for Blood","Clash"],"picked":"Flame Barrier","floor":6.0},{"not_picked":["Warcry","Wild Strike"],"picked":"Feel No Pain","floor":12.0},{"not_picked":["Combust","Sword Boomerang"],"picked":"Disarm","floor":13.0},{"not_picked":["Blood for Blood","Thunderclap"],"picked":"Inflame","floor":14.0},{"not_picked":["Bludgeon","Feed"],"picked":"Barricade","floor":16.0},{"not_picked":["Heavy Blade+1","Thunderclap"],"picked":"Shockwave","floor":18.0},{"not_picked":["Burning Pact","Infernal Blade"],"picked":"Entrench+1","floor":20},{"not_picked":["Fire Breathing","Entrench"],"picked":"True Grit","floor":22},{"not_picked":["Twin Strike+1","Immolate"],"picked":"True Grit+1","floor":23}],"player_experience":126630,"relics_obtained":[{"floor":6.0,"key":"PreservedInsect"},{"floor":9.0,"key":"Matryoshka"},{"floor":12.0,"key":"Potion Belt"},{"floor":23,"key":"Regal Pillow"}],"event_choices":[{"damage_healed":0.0,"max_hp_gain":5.0,"max_hp_loss":0.0,"gold_gain":0.0,"event_name":"Big Fish","player_choice":"Donut","floor":4.0,"gold_loss":0.0,"damage_taken":0.0},{"damage_healed":0.0,"max_hp_gain":0.0,"max_hp_loss":0.0,"gold_gain":0.0,"event_name":"Golden Idol","player_choice":"Take Wound","floor":5.0,"gold_loss":0.0,"damage_taken":0.0,"relics_obtained":["Golden Idol"],"cards_obtained":["Injury"]},{"cards_removed":["Injury"],"damage_healed":0.0,"max_hp_gain":0.0,"max_hp_loss":0.0,"gold_gain":0.0,"event_name":"Living Wall","player_choice":"Forget","floor":8.0,"gold_loss":0.0,"damage_taken":0.0},{"damage_healed":0.0,"max_hp_gain":0.0,"max_hp_loss":0.0,"gold_gain":0.0,"event_name":"Scrap Ooze","player_choice":"Success","floor":10.0,"gold_loss":0.0,"damage_taken":3.0,"relics_obtained":["Happy Flower"]},{"damage_healed":0.0,"max_hp_gain":0.0,"max_hp_loss":0.0,"gold_gain":0.0,"event_name":"Addict","player_choice":"Stole Relic","floor":19.0,"gold_loss":0.0,"damage_taken":0.0,"relics_obtained":["Ancient Tea Set"],"cards_obtained":["Shame"]},{"damage_healed":0,"gold_gain":0,"player_choice":"Ignored","damage_taken":0,"max_hp_gain":0,"max_hp_loss":0,"event_name":"Vampires","floor":21,"gold_loss":0}],"is_beta":false,"boss_relics":[{"not_picked":["Cursed Key","Busted Crown"],"picked":"Runic Pyramid"}],"items_purged_floors":[3],"is_endless":false,"potions_floor_spawned":[1,12,14,20,22],"killed_by":"Slavers","ascension_level":2}}