{"host":"ifd7sfhtlbe34qll","time":1608097096,"event":{"mods":["2.2 Compatiblity","BaseMod","Block Reminder","Colored Map","Downfall","Highlight Path","Minty Spire (QoL Compilation)","Potion Indicator Mod","Quick Restart","Random Character Button","Relic Stats","StSLib"],"gold_per_floor":[99,109,119,119,162,191,191,236,236,276,309,330,41,44,72,72,72],"floor_reached":16,"playtime":972,"items_purged":[],"score":144,"play_id":"b09b3341-0bed-410a-b63e-cb3c67c26b0c","local_time":"20201215233816","is_ascension_mode":true,"campfire_choices":[{"data":"hexamod:Sear","floor":1,"key":"SMITH"},{"data":"hexamod:Incineration","floor":9,"key":"SMITH"}],"circlet_count":0,"master_deck":["hexamod:Strike","hexamod:Strike","hexamod:Strike","hexamod:Strike","hexamod:Defend","hexamod:Defend","hexamod:Defend","hexamod:Defend","hexamod:Sear+1","hexamod:Float","hexamod:ParanormalForm","hexamod:PhantomFireball","hexamod:RainOfEmbers","hexamod:ThirdSeal","hexamod:NightmareStrike","hexamod:FourthSeal","hexamod:Incineration+1","hexamod:HauntingEcho","hexamod:CrushingStance","hexamod:FourthSeal","hexamod:FourthSeal","hexamod:TimeWarp","hexamod:TurnItUp","hexamod:EmpoweredFlame","hexamod:BurningTouch","hexamod:Hexaguard"],"relics":["hexamod:SpiritBrand","HornCleat","CeramicFish","champ:DeflectingBracers","Letter Opener","Unceasing Top","Odd Mushroom","hexamod:RecyclingMachine"],"acts_visited":["Exordium"],"potions_floor_usage":[5,12,13,13,14,14,14,15,16,16,16],"damage_taken":[{"damage":0,"enemies":"Cultist","floor":2,"turns":3},{"damage":1,"enemies":"Jaw Worm","floor":3,"turns":3},{"damage":7,"enemies":"3 Sentries","floor":5,"turns":6},{"damage":0,"enemies":"2 Louse","floor":6,"turns":3},{"damage":24,"enemies":"Gremlin Nob","floor":8,"turns":3},{"damage":9,"enemies":"Lagavulin","floor":10,"turns":5},{"damage":1,"enemies":"The Mushroom Lair","floor":11,"turns":4},{"damage":0,"enemies":"Blue Slaver","floor":12,"turns":3},{"damage":0,"enemies":"downfall:FleeingMerchant","floor":13,"turns":4},{"damage":0,"enemies":"downfall:FleeingMerchant","floor":14,"turns":4},{"damage":7,"enemies":"3 Louse","floor":15,"turns":4},{"damage":58,"enemies":"downfall:Silent","floor":16,"turns":8}],"seed_played":"6529959344519624418","potions_obtained":[{"floor":2,"key":"LiquidBronze"},{"floor":8,"key":"EssenceOfSteel"},{"floor":10,"key":"hexamod:InfernoChargePotion"},{"floor":11,"key":"DuplicationPotion"},{"floor":11,"key":"Guardian:BlockOnCardUsePotion"},{"floor":12,"key":"Regen Potion"},{"floor":12,"key":"Fruit Juice"},{"floor":13,"key":"hexamod:DoubleChargePotion"},{"floor":13,"key":"EssenceOfSteel"},{"floor":13,"key":"hexamod:EctoCoolerPotion"},{"floor":14,"key":"DuplicationPotion"},{"floor":14,"key":"hexamod:InfernoChargePotion"},{"floor":14,"key":"Regen Potion"},{"floor":15,"key":"hexamod:DoubleChargePotion"}],"is_trial":false,"path_per_floor":["R","M","M","T","E","M","T","E","R","E","?","M","$","$","M","B"],"character_chosen":"THE_SPIRIT","items_purchased":["hexamod:TimeWarp","hexamod:RecyclingMachine"],"campfire_rested":0,"item_purchase_floors":[13,13],"current_hp_per_floor":[70,70,69,69,62,62,62,38,38,29,28,28,47,47,52,0,0],"gold":72,"neow_bonus":"ONE_RANDOM_RARE_CARD","is_daily":false,"chose_seed":false,"campfire_upgraded":2,"win_rate":0.0,"timestamp":1608097096,"path_taken":["R","M","M","?","E","M","T","E","R","E","?","M","$","$","M","BOSS"],"items_purchased_type":["Card","Relic"],"build_version":"2020-12-13","purchased_purges":0,"victory":false,"max_hp_per_floor":[70,70,70,70,70,70,70,70,70,70,70,70,75,75,75,75,75],"relic_stats":{"counters":[12,50],"CeramicFish":117,"Letter Opener":[20],"obtain_stats":[{"HornCleat":4,"CeramicFish":5,"champ:DeflectingBracers":7,"Letter Opener":8,"hexamod:RecyclingMachine":13,"Odd Mushroom":11,"hexamod:SpiritBrand":0,"Unceasing Top":10},{"HornCleat":2,"CeramicFish":3,"champ:DeflectingBracers":4,"Letter Opener":5,"hexamod:RecyclingMachine":9,"Odd Mushroom":7,"hexamod:SpiritBrand":0,"Unceasing Top":6},{"HornCleat":6,"CeramicFish":12,"champ:DeflectingBracers":15,"Letter Opener":18,"hexamod:RecyclingMachine":34,"Odd Mushroom":27,"hexamod:SpiritBrand":0,"Unceasing Top":23}],"Unceasing Top":[0]},"card_choices":[{"not_picked":["hexamod:HeatCrush","hexamod:SwordOfDarkness"],"picked":"hexamod:PhantomFireball","floor":2},{"not_picked":["hexamod:GhostOfSpirePast","hexamod:FastForward"],"picked":"hexamod:RainOfEmbers","floor":3},{"not_picked":["hexamod:NightmareStrike","hexamod:GhostflameBarrier"],"picked":"hexamod:ThirdSeal","floor":5},{"not_picked":["hexamod:AdvancingGuard","hexamod:PowerFromBeyond"],"picked":"hexamod:NightmareStrike","floor":6},{"not_picked":["hexamod:FlamesFromBeyond","hexamod:FastForward"],"picked":"hexamod:FourthSeal","floor":6},{"not_picked":["hexamod:CatchUp","hexamod:InspiringFlames"],"picked":"hexamod:Incineration","floor":8},{"not_picked":["hexamod:BacktrackSmack","hexamod:GhostLash"],"picked":"hexamod:HauntingEcho","floor":8},{"not_picked":["hexamod:SoulSteal","hexamod:GhostOfSpireFuture"],"picked":"hexamod:CrushingStance","floor":10},{"not_picked":["hexamod:RainOfEmbers","hexamod:GhostLash"],"picked":"hexamod:FourthSeal","floor":11},{"not_picked":["hexamod:Again","hexamod:Rewind"],"picked":"hexamod:FourthSeal","floor":12},{"not_picked":["hexamod:GhostLash","hexamod:GhostOfSpirePast","hexamod:GhostOfSpireFuture"],"picked":"SKIP","floor":13},{"not_picked":["hexamod:BacktrackSmack","hexamod:GhostLash","hexamod:ThermalTransfer"],"picked":"SKIP","floor":13},{"not_picked":["hexamod:CatchUp","hexamod:NightmareStrike"],"picked":"hexamod:TurnItUp","floor":14},{"not_picked":["hexamod:SpectersWail","hexamod:SwordOfDarkness"],"picked":"hexamod:EmpoweredFlame","floor":14},{"not_picked":["hexamod:SoulSteal","hexamod:SpectersWail"],"picked":"hexamod:BurningTouch","floor":15},{"not_picked":["hexamod:SoulSteal","hexamod:HauntingEcho"],"picked":"hexamod:Hexaguard","floor":15}],"player_experience":1568643,"relics_obtained":[{"floor":4,"key":"HornCleat"},{"floor":5,"key":"CeramicFish"},{"floor":7,"key":"champ:DeflectingBracers"},{"floor":8,"key":"Letter Opener"},{"floor":10,"key":"Unceasing Top"},{"floor":11,"key":"Odd Mushroom"}],"event_choices":[{"damage_healed":0,"gold_gain":0,"player_choice":"Fought Mushrooms","damage_taken":0,"max_hp_gain":0,"max_hp_loss":0,"event_name":"Mushrooms","floor":11,"gold_loss":0}],"is_beta":false,"boss_relics":[],"items_purged_floors":[],"is_endless":false,"potions_floor_spawned":[2,11,12],"killed_by":"downfall:Silent","ascension_level":4}}