{"host":"1s3zwrha01am7rbu","time":1608081483,"event":{"mods":["AchievementEnabler","BaseMod","Better Note","Block Reminder","Colored Map","Colored Powertips","Curses Come First","DeckTracker","Emptier Cage","Minty Spire (QoL Compilation)","Quick Restart","Rare Cards Sparkle","Relic Stats","StSLib","SuperFastMode","Uncapped","Unceasing Turn Reminder","everything is the same but u backflip on backflip"],"gold_per_floor":[112,37,54,64,64,64,91,103,115,139,151,178,190,202,214,325,337,363,375,406,246,257,257,107,107,132,132,149,149,168,168,168],"floor_reached":31,"playtime":919,"items_purged":["Strike_P","Strike_P"],"score":235,"play_id":"45bfbc84-6301-431c-87a1-964bc4716d07","local_time":"20201215201803","is_ascension_mode":false,"campfire_choices":[{"data":"Consecrate","floor":6,"key":"SMITH"},{"floor":8,"key":"REST"},{"data":"Eruption","floor":13,"key":"SMITH"},{"data":"ThirdEye","floor":15,"key":"SMITH"},{"floor":23,"key":"REST"},{"floor":25,"key":"REST"},{"floor":27,"key":"REST"}],"circlet_count":0,"master_deck":["Strike_P+1","Strike_P","Defend_P","Defend_P","Defend_P","Eruption+1","Vigilance","JustLucky","Consecrate+1","JustLucky","ThirdEye+1","Devotion","Brilliance+1","Nirvana","Judgement","CutThroughFate+1"],"relics":["PureWater","Lantern","MawBank","CultistMask","Philosopher\u0027s Stone","Bronze Scales","Juzu Bracelet","Whetstone"],"acts_visited":["Exordium","TheCity"],"potions_floor_usage":[7,16,22,31],"damage_taken":[{"damage":0,"enemies":"Jaw Worm","floor":1,"turns":4},{"damage":0,"enemies":"Small Slimes","floor":3,"turns":2},{"damage":0,"enemies":"Cultist","floor":4,"turns":3},{"damage":33,"enemies":"Gremlin Nob","floor":7,"turns":5},{"damage":0,"enemies":"Exordium Wildlife","floor":10,"turns":2},{"damage":0,"enemies":"3 Louse","floor":12,"turns":1},{"damage":18,"enemies":"Slime Boss","floor":16,"turns":11},{"damage":43,"enemies":"Spheric Guardian","floor":18,"turns":4},{"damage":19,"enemies":"2 Thieves","floor":20,"turns":5},{"damage":5,"enemies":"Chosen and Byrds","floor":22,"turns":6},{"damage":19,"enemies":"3 Cultists","floor":28,"turns":5},{"damage":38,"enemies":"Snecko","floor":30,"turns":7},{"damage":13,"enemies":"Snake Plant","floor":31,"turns":3}],"seed_played":"-4691881859410581492","potions_obtained":[{"floor":3,"key":"EssenceOfSteel"},{"floor":4,"key":"Strength Potion"},{"floor":12,"key":"Fire Potion"},{"floor":20,"key":"LiquidMemories"},{"floor":28,"key":"LiquidMemories"}],"is_trial":false,"path_per_floor":["M","$","M","M","?","R","E","R","T","M","?","M","R","?","R","B",null,"M","?","M","$","M","R","$","R","T","R","M","?","M","M"],"character_chosen":"WATCHER","items_purchased":["Judgement","Juzu Bracelet"],"campfire_rested":4,"item_purchase_floors":[21,24],"current_hp_per_floor":[72,72,72,72,69,69,36,57,57,57,57,57,57,57,57,39,72,29,29,10,10,5,26,26,47,47,68,49,49,11,0,0],"gold":168,"neow_bonus":"THREE_CARDS","is_daily":false,"chose_seed":false,"campfire_upgraded":3,"win_rate":0.0,"timestamp":1608081483,"path_taken":["M","$","M","M","?","R","E","R","T","M","?","?","R","?","R","BOSS","M","?","M","$","M","R","$","R","T","R","M","?","M","M"],"items_purchased_type":["Card","Relic"],"build_version":"2020-12-13","purchased_purges":2,"victory":false,"max_hp_per_floor":[72,72,72,72,72,72,72,72,72,72,72,72,72,72,72,72,72,72,72,72,72,72,72,72,72,72,72,72,72,72,72,72],"relic_stats":{"counters":[13,58],"Bronze Scales":[67],"Juzu Bracelet":1,"Whetstone":["Brilliance","Strike_P"],"MawBank":168,"obtain_stats":[{"Lantern":5,"Bronze Scales":19,"Philosopher\u0027s Stone":17,"CultistMask":11,"Juzu Bracelet":24,"Whetstone":26,"PureWater":0,"MawBank":7},{"Lantern":3,"Bronze Scales":8,"Philosopher\u0027s Stone":7,"CultistMask":5,"Juzu Bracelet":10,"Whetstone":10,"PureWater":0,"MawBank":4},{"Lantern":9,"Bronze Scales":32,"Philosopher\u0027s Stone":28,"CultistMask":16,"Juzu Bracelet":43,"Whetstone":43,"PureWater":0,"MawBank":14}]},"card_choices":[{"not_picked":["Crescendo","Halt"],"picked":"JustLucky","floor":0},{"not_picked":["Halt","BowlingBash","ClearTheMind"],"picked":"SKIP","floor":1},{"not_picked":["FlurryOfBlows","MentalFortress"],"picked":"Consecrate","floor":3},{"not_picked":["PathToVictory","Evaluate"],"picked":"JustLucky","floor":4},{"not_picked":["InnerPeace","Prostrate","FollowUp"],"picked":"SKIP","floor":7},{"not_picked":["Worship","WreathOfFlame","Collect"],"picked":"SKIP","floor":10},{"not_picked":["Halt","EmptyFist"],"picked":"ThirdEye","floor":12},{"not_picked":["Wish","Omniscience"],"picked":"Brilliance","floor":16},{"not_picked":["CrushJoints","JustLucky"],"picked":"Nirvana","floor":18},{"not_picked":["SashWhip","ClearTheMind","Halt"],"picked":"SKIP","floor":20},{"not_picked":["Sanctity+1","Conclude+1","Protect"],"picked":"SKIP","floor":22},{"not_picked":["Evaluate","MasterReality","Fasting2"],"picked":"SKIP","floor":28},{"not_picked":["CarveReality","BowlingBash+1","Evaluate"],"picked":"SKIP","floor":30}],"player_experience":193432,"relics_obtained":[{"floor":7,"key":"MawBank"},{"floor":19,"key":"Bronze Scales"},{"floor":26,"key":"Whetstone"}],"event_choices":[{"damage_healed":0,"gold_gain":0,"player_choice":"Success","damage_taken":3,"relics_obtained":["Lantern"],"max_hp_gain":0,"max_hp_loss":0,"event_name":"Scrap Ooze","floor":5,"gold_loss":0},{"damage_healed":0,"gold_gain":0,"player_choice":"Trade","damage_taken":0,"relics_obtained":["CultistMask"],"max_hp_gain":0,"max_hp_loss":0,"event_name":"FaceTrader","floor":11,"gold_loss":0},{"damage_healed":0,"gold_gain":0,"cards_transformed":["Defend_P"],"player_choice":"Change","damage_taken":0,"max_hp_gain":0,"max_hp_loss":0,"event_name":"Living Wall","floor":14,"gold_loss":0,"cards_obtained":["Devotion"]},{"damage_healed":0,"gold_gain":0,"player_choice":"Relic","damage_taken":0,"max_hp_gain":0,"max_hp_loss":0,"event_name":"Wheel of Change","floor":19,"gold_loss":0},{"cards_removed":["Judgement"],"damage_healed":0,"gold_gain":0,"player_choice":"Take \u0026 Give","damage_taken":0,"max_hp_gain":0,"max_hp_loss":0,"event_name":"betterNote:BetterNote","floor":29,"gold_loss":0,"cards_obtained":["CutThroughFate"]}],"is_beta":false,"boss_relics":[{"not_picked":["Tiny House","Coffee Dripper"],"picked":"Philosopher\u0027s Stone"}],"items_purged_floors":[2,21],"is_endless":false,"potions_floor_spawned":[3,4,12,20,28],"killed_by":"Snake Plant","ascension_level":0}}