{"host":"u2dm6glrpyjr66v9","time":1608091415,"event":{"mods":["AchievementEnabler","BaseMod","CapriCore","Colored Map","Colored Powertips","DeckTracker","Friendly Minions","KomeijiMod","Minty Spire (QoL Compilation)","Quick Restart","StSLib","SuperFastMode"],"gold_per_floor":[114,114,114,128,141,141,158,120,192,210,210,210,225,242,242,344,344,360,377,377,392,411,411,411],"floor_reached":23,"playtime":636,"items_purged":[],"score":187,"play_id":"a656a43c-4ab0-49c9-bbc9-8a40ff6f62ff","local_time":"20201216130335","is_ascension_mode":false,"campfire_choices":[{"data":"Crescendo","floor":6,"key":"SMITH"},{"data":"BattleHymn","floor":11,"key":"SMITH"},{"data":"Eruption","floor":15,"key":"SMITH"}],"circlet_count":0,"master_deck":["Strike_P","Strike_P","Strike_P","Strike_P","Defend_P","Defend_P","Defend_P","Defend_P","Eruption+1","Vigilance","Crescendo+1","ReachHeaven","EmptyFist","BattleHymn+1","Meditate","Conclude","Judgement","Indignation","Halt","Halt+1","FearNoEvil"],"relics":["PureWater","NeowsBlessing","The Courier","Black Star"],"acts_visited":["Exordium","TheCity"],"potions_floor_usage":[16,16,16,21,21],"damage_taken":[{"damage":0,"enemies":"Cultist","floor":1,"turns":1},{"damage":0,"enemies":"Small Slimes","floor":4,"turns":1},{"damage":0,"enemies":"Jaw Worm","floor":5,"turns":1},{"damage":14,"enemies":"Gremlin Gang","floor":7,"turns":4},{"damage":11,"enemies":"Exordium Wildlife","floor":10,"turns":3},{"damage":8,"enemies":"Red Slaver","floor":13,"turns":2},{"damage":0,"enemies":"Blue Slaver","floor":14,"turns":3},{"damage":29,"enemies":"Hexaghost","floor":16,"turns":5},{"damage":20,"enemies":"Chosen","floor":18,"turns":2},{"damage":2,"enemies":"3 Byrds","floor":19,"turns":4},{"damage":0,"enemies":"Centurion and Healer","floor":21,"turns":3},{"damage":10,"enemies":"Snecko","floor":22,"turns":5},{"damage":82,"enemies":"Book of Stabbing","floor":23,"turns":3}],"seed_played":"9033247947658037969","potions_obtained":[{"floor":1,"key":"EssenceOfSteel"},{"floor":4,"key":"PowerPotion"},{"floor":10,"key":"ColorlessPotion"},{"floor":16,"key":"GamblersBrew"},{"floor":20,"key":"Block Potion"},{"floor":20,"key":"ColorlessPotion"},{"floor":22,"key":"LiquidBronze"}],"is_trial":false,"path_per_floor":["M","$","?","M","M","R","M","$","T","M","R","?","M","M","R","B",null,"M","M","?","M","M","E"],"character_chosen":"WATCHER","items_purchased":["BattleHymn"],"campfire_rested":0,"item_purchase_floors":[8],"current_hp_per_floor":[72,72,72,72,72,72,58,58,58,47,47,47,39,39,39,10,72,52,50,50,50,40,0,0],"gold":411,"neow_bonus":"THREE_ENEMY_KILL","is_daily":false,"chose_seed":false,"campfire_upgraded":3,"win_rate":0.0,"timestamp":1608091415,"path_taken":["M","?","?","M","?","R","M","?","T","M","R","?","M","M","R","BOSS","M","?","?","?","M","E"],"items_purchased_type":["Card"],"build_version":"2020-12-13","purchased_purges":0,"victory":false,"max_hp_per_floor":[72,72,72,72,72,72,72,72,72,72,72,72,72,72,72,72,72,72,72,72,72,72,72,72],"card_choices":[{"not_picked":["SashWhip","FollowUp"],"picked":"PathToVictory","floor":1},{"not_picked":["PathToVictory","CarveReality"],"picked":"Crescendo","floor":4},{"not_picked":["FlurryOfBlows","CrushJoints"],"picked":"ReachHeaven","floor":5},{"not_picked":["Crescendo","Adaptation"],"picked":"EmptyFist","floor":7},{"not_picked":["DeceiveReality","Sanctity"],"picked":"CutThroughFate","floor":10},{"not_picked":["EmptyFist","JustLucky","Crescendo"],"picked":"SKIP","floor":13},{"not_picked":["JustLucky","ClearTheMind"],"picked":"Conclude","floor":14},{"not_picked":["ConjureBlade","Establishment"],"picked":"Judgement","floor":16},{"not_picked":["CrushJoints","Adaptation"],"picked":"Indignation","floor":18},{"not_picked":["EmptyBody","Protect"],"picked":"Halt","floor":19},{"not_picked":["Sanctity","Nirvana+1"],"picked":"Halt+1","floor":21},{"not_picked":["FlyingSleeves","CrushJoints+1"],"picked":"FearNoEvil","floor":22}],"player_experience":98813,"relics_obtained":[{"floor":9,"key":"The Courier"}],"event_choices":[{"cards_removed":["PathToVictory"],"damage_healed":5,"gold_gain":0,"player_choice":"Offered Common","damage_taken":0,"max_hp_gain":0,"max_hp_loss":0,"event_name":"Bonfire Elementals","floor":3,"gold_loss":0},{"cards_removed":["PathToVictory"],"damage_healed":5,"gold_gain":0,"player_choice":"Offered Special","damage_taken":0,"max_hp_gain":0,"max_hp_loss":0,"event_name":"Bonfire Elementals","floor":3,"gold_loss":0},{"damage_healed":0,"gold_gain":0,"cards_transformed":["CutThroughFate"],"player_choice":"Transformed","damage_taken":0,"max_hp_gain":0,"max_hp_loss":0,"event_name":"Transmorgrifier","floor":12,"gold_loss":0,"cards_obtained":["Meditate"]},{"damage_healed":0,"gold_gain":0,"player_choice":"Got Potions","damage_taken":0,"max_hp_gain":0,"max_hp_loss":0,"event_name":"Lab","floor":20,"gold_loss":0}],"is_beta":false,"boss_relics":[{"not_picked":["Empty Cage","Runic Pyramid"],"picked":"Black Star"}],"items_purged_floors":[],"is_endless":false,"potions_floor_spawned":[1,4,10,16,22],"killed_by":"Book of Stabbing","ascension_level":0}}