{"host":"oc5h2hqz0xgb0igf","time":1608115979,"event":{"mods":["AchievementEnabler","BaseMod","Card Forge","Colored Map","Colored Powertips","Minty Spire (QoL Compilation)","Rare Cards Sparkle","StSLib"],"gold_per_floor":[16,16,16,39,57,57,88,108,134,168,168,182,226,251,251,374,374,392,392,412,327,252,290,290,290,368,412,435,466,485,503,503,629,629,642,325,344,369,432,468,483,483,483,526,526,542,875,902,902,902,902,902,437,465,465],"floor_reached":56,"playtime":3488,"items_purged":["Warcry"],"score":1914,"play_id":"3f88b940-2680-40a1-be52-713ad81b5677","local_time":"20201216025259","is_ascension_mode":true,"campfire_choices":[{"data":"Power Through","floor":6,"key":"SMITH"},{"data":"Immolate","floor":11,"key":"SMITH"},{"data":"Power Through","floor":15,"key":"SMITH"},{"data":"1","floor":24,"key":"LIFT"},{"data":"Offering","floor":32,"key":"SMITH"},{"data":"Fire Breathing","floor":42,"key":"SMITH"},{"floor":45,"key":"RECALL"},{"data":"Offering","floor":49,"key":"SMITH"},{"data":"2","floor":52,"key":"LIFT"}],"circlet_count":0,"master_deck":["Evolve+1","Fire Breathing+1","Feel No Pain+1","Fiend Fire+1","Power Through+1","Sentinel+1","True Grit+1","Dark Embrace+1","Burning Pact+1","Immolate+1","Offering+1","Power Through+1","Burning Pact+1","Sentinel+1","Immolate+1","Sentinel+1","Sentinel+1","Offering+1","Fire Breathing+1"],"relics":["Burning Blood","Hammer of Thor","Seething Fire","Anvil of the Gods","CaptainsWheel","Whetstone","Boot","Ginger","Sozu","Pear","Girya","Letter Opener","Paper Frog","Pocketwatch","Busted Crown","Mummified Hand","Unceasing Top","White Beast Statue","Bird Faced Urn","Ancient Tea Set","Juzu Bracelet","Anchor","Bag of Marbles","Frozen Eye","Mango"],"acts_visited":["Exordium","TheCity","TheBeyond","TheEnding"],"potions_floor_usage":[16,16,16],"damage_taken":[{"damage":17,"enemies":"Jaw Worm","floor":1,"turns":3},{"damage":0,"enemies":"2 Louse","floor":4,"turns":1},{"damage":0,"enemies":"Small Slimes","floor":5,"turns":4},{"damage":6,"enemies":"Lagavulin","floor":7,"turns":3},{"damage":6,"enemies":"Gremlin Gang","floor":8,"turns":2},{"damage":0,"enemies":"Gremlin Nob","floor":10,"turns":2},{"damage":6,"enemies":"Large Slime","floor":12,"turns":3},{"damage":6,"enemies":"3 Sentries","floor":13,"turns":1},{"damage":0,"enemies":"2 Fungi Beasts","floor":14,"turns":1},{"damage":6,"enemies":"Slime Boss","floor":16,"turns":1},{"damage":6,"enemies":"2 Thieves","floor":18,"turns":1},{"damage":6,"enemies":"3 Byrds","floor":20,"turns":2},{"damage":6,"enemies":"Book of Stabbing","floor":23,"turns":2},{"damage":6,"enemies":"Slavers","floor":27,"turns":2},{"damage":6,"enemies":"Cultist and Chosen","floor":28,"turns":2},{"damage":12,"enemies":"Book of Stabbing","floor":29,"turns":3},{"damage":6,"enemies":"Centurion and Healer","floor":30,"turns":2},{"damage":6,"enemies":"Snecko","floor":31,"turns":3},{"damage":6,"enemies":"Collector","floor":33,"turns":4},{"damage":6,"enemies":"3 Darklings","floor":35,"turns":2},{"damage":6,"enemies":"3 Shapes","floor":37,"turns":2},{"damage":6,"enemies":"Jaw Worm Horde","floor":38,"turns":2},{"damage":6,"enemies":"2 Orb Walkers","floor":39,"turns":2},{"damage":6,"enemies":"Nemesis","floor":40,"turns":3},{"damage":6,"enemies":"Spire Growth","floor":41,"turns":1},{"damage":12,"enemies":"Reptomancer","floor":44,"turns":1},{"damage":12,"enemies":"Maw","floor":46,"turns":1},{"damage":12,"enemies":"Nemesis","floor":48,"turns":1},{"damage":12,"enemies":"Awakened One","floor":50,"turns":5},{"damage":12,"enemies":"Shield and Spear","floor":54,"turns":1},{"damage":14,"enemies":"The Heart","floor":55,"turns":4}],"seed_played":"3659444007477050601","potions_obtained":[{"floor":1,"key":"LiquidMemories"},{"floor":7,"key":"SteroidPotion"},{"floor":14,"key":"Energy Potion"}],"is_trial":false,"path_per_floor":["M","?","?","M","M","R","E","M","T","E","R","M","E","M","R","B",null,"M","?","M","?","$","E","R","?","T","E","M","E","M","M","R","B",null,"M","$","M","M","?","E","M","R","T","E","R","M","?","E","R","B",null,"R","$","E","B",null],"character_chosen":"IRONCLAD","items_purchased":["Mummified Hand","Fire Breathing","Anchor","Bag of Marbles","Frozen Eye"],"campfire_rested":0,"item_purchase_floors":[36,36,53,53,53],"current_hp_per_floor":[69,49,49,55,61,61,61,61,61,67,67,67,67,73,73,73,80,80,80,80,90,90,90,90,90,90,90,90,84,84,84,84,84,90,90,90,90,90,90,90,90,90,90,90,90,90,90,90,90,90,90,90,90,104,104],"gold":465,"neow_bonus":"ONE_RARE_RELIC","is_daily":false,"chose_seed":false,"campfire_upgraded":6,"win_rate":0.0,"timestamp":1608115979,"path_taken":["M","?","?","M","M","R","E","M","T","E","R","M","E","M","R","BOSS","M","?","M","?","$","E","R","?","T","E","?","E","M","M","R","BOSS","M","$","?","M","?","E","M","R","T","E","R","M","?","E","R","BOSS","R","$","E","BOSS"],"items_purchased_type":["Relic","Card","Relic","Relic","Relic"],"build_version":"2020-12-13","purchased_purges":1,"victory":true,"max_hp_per_floor":[80,80,80,80,80,80,80,80,80,80,80,80,80,80,80,80,80,80,80,80,90,90,90,90,90,90,90,90,90,90,90,90,90,90,90,90,90,90,90,90,90,90,90,90,90,90,90,90,90,90,90,90,90,104,104],"card_choices":[{"not_picked":["Sever Soul","Clothesline","Heavy Blade"],"picked":"SKIP","floor":1},{"not_picked":["Anger","Iron Wave","Disarm"],"picked":"SKIP","floor":4},{"not_picked":["Blood for Blood","Sword Boomerang","Cleave"],"picked":"SKIP","floor":5},{"not_picked":["Rupture","Twin Strike","Havoc"],"picked":"SKIP","floor":7},{"not_picked":["True Grit","Infernal Blade","Reckless Charge"],"picked":"SKIP","floor":8},{"not_picked":["Spot Weakness","Reaper","Clothesline"],"picked":"SKIP","floor":10},{"not_picked":["Headbutt","Thunderclap","Sever Soul"],"picked":"SKIP","floor":12},{"not_picked":["Shrug It Off","Headbutt","Seeing Red"],"picked":"SKIP","floor":13},{"not_picked":["Twin Strike","Ghostly Armor","Dropkick"],"picked":"SKIP","floor":14},{"not_picked":["Shrug It Off+1","Inflame","Armaments+1"],"picked":"SKIP","floor":18},{"not_picked":["Infernal Blade+1","Shockwave","Thunderclap"],"picked":"SKIP","floor":20},{"not_picked":["Wild Strike","Limit Break","Twin Strike"],"picked":"SKIP","floor":23},{"not_picked":["Warcry","Metallicize","Heavy Blade"],"picked":"SKIP","floor":27},{"not_picked":["Warcry","Pummel","Second Wind"],"picked":"SKIP","floor":28},{"not_picked":["Flame Barrier","Heavy Blade","Clothesline+1"],"picked":"SKIP","floor":29},{"not_picked":["Power Through","Cleave+1","Rupture"],"picked":"SKIP","floor":30},{"not_picked":["Body Slam","Headbutt","Havoc+1"],"picked":"SKIP","floor":31},{"not_picked":["Feed","Reaper"],"picked":"Offering","floor":33},{"not_picked":["Sever Soul+1"],"picked":"SKIP","floor":35},{"not_picked":["Hemokinesis"],"picked":"SKIP","floor":37},{"not_picked":["Burning Pact"],"picked":"SKIP","floor":38},{"not_picked":["Ghostly Armor"],"picked":"SKIP","floor":40},{"not_picked":["Blood for Blood+1"],"picked":"SKIP","floor":41},{"not_picked":["Intimidate"],"picked":"SKIP","floor":44},{"not_picked":["Intimidate+1"],"picked":"SKIP","floor":46},{"not_picked":["Ghostly Armor+1"],"picked":"SKIP","floor":48},{"not_picked":["Dual Wield"],"picked":"SKIP","floor":54}],"player_experience":79872,"relics_obtained":[{"floor":7,"key":"Whetstone"},{"floor":10,"key":"Boot"},{"floor":13,"key":"Ginger"},{"floor":23,"key":"Girya"},{"floor":26,"key":"Letter Opener"},{"floor":27,"key":"Paper Frog"},{"floor":29,"key":"Pocketwatch"},{"floor":39,"key":"Unceasing Top"},{"floor":40,"key":"White Beast Statue"},{"floor":43,"key":"Bird Faced Urn"},{"floor":44,"key":"Ancient Tea Set"},{"floor":48,"key":"Juzu Bracelet"},{"floor":54,"key":"Mango"}],"event_choices":[{"damage_healed":0,"gold_gain":0,"player_choice":"Take Damage","damage_taken":20,"relics_obtained":["Golden Idol"],"max_hp_gain":0,"max_hp_loss":0,"event_name":"Golden Idol","floor":2,"gold_loss":0},{"cards_removed":["Sever Soul"],"damage_healed":0,"gold_gain":0,"player_choice":"Forget","damage_taken":0,"max_hp_gain":0,"max_hp_loss":0,"event_name":"Living Wall","floor":3,"gold_loss":0},{"damage_healed":0,"gold_gain":0,"player_choice":"Read","damage_taken":0,"max_hp_gain":0,"max_hp_loss":0,"event_name":"The Library","floor":19,"gold_loss":0,"cards_obtained":["Warcry"]},{"damage_healed":0,"gold_gain":0,"player_choice":"Obtained Relic","damage_taken":0,"relics_obtained":["Pear"],"max_hp_gain":0,"max_hp_loss":0,"event_name":"Addict","floor":21,"gold_loss":85},{"damage_healed":0,"gold_gain":0,"player_choice":"Bought 0 Potions","damage_taken":0,"max_hp_gain":0,"max_hp_loss":0,"event_name":"The Woman in Blue","floor":25,"gold_loss":0},{"damage_healed":0,"gold_gain":0,"player_choice":"Fight","damage_taken":0,"max_hp_gain":0,"max_hp_loss":0,"event_name":"Mysterious Sphere","floor":39,"gold_loss":0},{"damage_healed":0,"gold_gain":333,"player_choice":"Gave Idol","damage_taken":0,"max_hp_gain":0,"max_hp_loss":0,"event_name":"The Moai Head","floor":47,"relics_lost":["Golden Idol"],"gold_loss":0}],"is_beta":false,"boss_relics":[{"not_picked":["Astrolabe","Snecko Eye"],"picked":"Sozu"},{"not_picked":["Tiny House","SlaversCollar"],"picked":"Busted Crown"}],"items_purged_floors":[22],"is_endless":false,"potions_floor_spawned":[1,7,14,18,28,30,33,37,38,39,41,44,46,48,54],"ascension_level":1}}