{"host":"bp6b47iftb3mluh0","time":1608133319,"event":{"mods":["Act Like it!","Alarm Clock","Aspiration","BaseMod","Better Third Choice","Better Vampires","Challenge The Spire","Colored Powertips","Conspire","Dota2Spire","Downfall","Friendly Minions","Gensokyo","Hallownest","Hermit","Kiyohime（清姬）","Lobotomy","LobotomyExtend","Marisa（F雨　魔理沙）","Marked Mod","Minty Spire (QoL Compilation)","Quick Restart","Red Circlet Mod","Relic Stats","Replay The Spire","Reworked Bosses","Ryuuou龙王","Shop Mod","Spicy Shops","StSLib","The Bug Knight","The Poker Player","TheWitcher","Uncapped","Waifu the Spire","Youmu（魂魄妖梦）","[地精首领爬塔]The Maniac","vexMod","【东方二次创作】八云紫mod","【遗物卡牌】REMEMod"],"gold_per_floor":[138,118,130,130,130,179,22,22,42,60,60,79,79,92,107,122,122,219,219,235,289,289,308,367,395,395,410,436,471,482,482,482,18,18,122,122,138,138,88,88,88,88,88,99,99,99,26,45,78,78,78,78,78],"floor_reached":54,"playtime":2877,"items_purged":["AT_purpleEX","AT_purpleEX+1"],"score":720,"play_id":"20d2a6f6-e9a9-4410-b96f-16052e855eb7","local_time":"20201216234159","is_ascension_mode":false,"campfire_choices":[{"data":"LessonLearned","floor":8.0,"key":"SMITH"},{"data":"Bait_HighSpeedFlying_purple","floor":13.0,"key":"SMITH"},{"data":"MagicEyes_LaplaceDemon_purple","floor":17.0,"key":"SMITH"},{"floor":26.0,"key":"REST"},{"data":"MeetDecomposer_purple","floor":32.0,"key":"SMITH"},{"data":"WangLiang_LineAndCurveDreams_purple","floor":34.0,"key":"SMITH"},{"data":"Monsters_DoubleDeathButterfly_purple","floor":43,"key":"SMITH"},{"data":"expansioncontent:Torchfire","floor":46,"key":"SMITH"},{"floor":51,"key":"REST"}],"circlet_count":0,"master_deck":["AT_purpleEX+1","AT_purpleEX+1","Defend_purpleEX+1","Defend_purpleEX+1","Defend_purpleEX+1","Defend_purpleEX+1","Observe_purple_1+1","Observe_purple_2+1","LessonLearned+1","ExistenceContinue_purple+1","Bait_HighSpeedFlying_purple+1","AdvanceAttack_purple+1","Boundary_ObjectiveBoundary_purple+1","MagicEyes_LaplaceDemon_purple+1","LoveAcrossDimensions_purple+1","DimensionStaggered_purple+1","MeetDecomposer_purple+1","WangLiang_LineAndCurveDreams_purple+1","Monsters_DoubleDeathButterfly_purple+1","WingOfChimera_purple+1","Charmbait_purple+1","expansioncontent:Torchfire+1","Regret"],"relics":["Boundary_crack","Memoryfragments_purpleEX","REME_ComplimentaryCards","hermit:Momento","LetterFromLob","HollowMod:QueensCombRelic","Thread and Needle","Sozu","HollowMod:PaleOreRelic","Mummified Hand","MerchantsRug","Dota2Spire:BattleFury","Black Star","Replay:Wax Seal","Pocketwatch","aspiration:Lifesprig","MagicBullet_r","Heaven_r","Dota2Spire:AghanimScepter","Membership Card","Dota2Spire:ArcaneBoots","vexMod:MemoryStick","Dota2Spire:OrchidMalevolence"],"acts_visited":["Exordium","TheCity","TheBeyond"],"potions_floor_usage":[],"damage_taken":[{"damage":5.0,"enemies":"Small Slimes","floor":1.0,"turns":6.0},{"damage":3.0,"enemies":"Cultist","floor":3.0,"turns":3.0},{"damage":25.0,"enemies":"conspire:MimicChest","floor":6.0,"turns":11.0},{"damage":0.0,"enemies":"2 Louse","floor":9.0,"turns":3.0},{"damage":8.0,"enemies":"Exordium Wildlife","floor":10.0,"turns":7.0},{"damage":7.0,"enemies":"Red Slaver","floor":12.0,"turns":5.0},{"damage":1.0,"enemies":"Looter","floor":14.0,"turns":2.0},{"damage":0.0,"enemies":"3 Louse","floor":15.0,"turns":3.0},{"damage":0.0,"enemies":"Large Slime","floor":16.0,"turns":7.0},{"damage":4.0,"enemies":"Fading Forest","floor":18.0,"turns":11.0},{"damage":0.0,"enemies":"3 Byrds","floor":20.0,"turns":5.0},{"damage":0.0,"enemies":"Shell Parasite","floor":23.0,"turns":4.0},{"damage":15.0,"enemies":"conspire:Head Lice","floor":25.0,"turns":5.0},{"damage":0.0,"enemies":"Sentry and Sphere","floor":27.0,"turns":4.0},{"damage":26.0,"enemies":"REME_1_Revenger","floor":29.0,"turns":5.0},{"damage":0.0,"enemies":"Centurion and Healer","floor":30.0,"turns":5.0},{"damage":1.0,"enemies":"bossMod:newCollector","floor":35.0,"turns":6.0},{"damage":9,"enemies":"3 Darklings","floor":37,"turns":4},{"damage":1,"enemies":"Nemesis","floor":42,"turns":3},{"damage":3,"enemies":"3 Shapes","floor":44,"turns":3},{"damage":0,"enemies":"3 Darklings","floor":48,"turns":3},{"damage":39,"enemies":"Nemesis","floor":49,"turns":5},{"damage":5,"enemies":"Replay:Hell Engine","floor":52,"turns":8}],"seed_played":"5767793572269296945","potions_obtained":[{"floor":2.0,"key":"Adrenaline Potion"},{"floor":3.0,"key":"Weak Potion"},{"floor":12.0,"key":"PowerPotion"},{"floor":16.0,"key":"Fire Potion"},{"floor":18.0,"key":"EssenceOfSteel"}],"is_trial":false,"path_per_floor":["M","?","M","PTL","PTL","?","$","R","M","M","T","M","R","M","M","M","R","B",null,"M","T","?","M","?","E","R","M","T","E","M","T","R","$","R","B",null,"M","?","$","?","$","E","R","M","T","R","$","M","E","?","R","B",null,null],"character_chosen":"Youkari","items_purchased":["Thread and Needle","MerchantsRug","Dota2Spire:BattleFury","Replay:Wax Seal","Pocketwatch","Charmbait_purple","aspiration:Lifesprig","Membership Card","Dota2Spire:ArcaneBoots"],"campfire_rested":2,"item_purchase_floors":[7,33,33,39,39,39,39,47,47],"current_hp_per_floor":[68,68,66,66,66,42,42,42,46,40,40,40,40,45,46,46,46,43,46,46,46,46,46,28,24,37,46,46,22,46,46,46,46,46,47,48,43,43,45,47,47,50,50,51,51,51,51,63,31,31,50,50,50],"gold":78,"neow_bonus":"NOSTALGIA","is_daily":false,"chose_seed":false,"campfire_upgraded":7,"win_rate":0.0,"timestamp":1608133319,"path_taken":["M","?","?","PTL","PTL","?","$","R","M","M","T","M","R","M","M","M","R","BOSS","M","?","?","M","?","E","R","M","T","E","?","?","R","$","R","BOSS","M","?","$","?","?","E","R","M","T","R","$","?","E","?","R","BOSS"],"items_purchased_type":["Relic","Relic","Relic","Relic","Relic","Card","Relic","Relic","Relic"],"build_version":"2020-12-13","purchased_purges":2,"victory":true,"max_hp_per_floor":[70,70,70,70,70,46,46,46,46,46,46,46,46,46,46,46,46,46,46,46,46,46,46,46,46,46,46,46,46,46,46,46,46,46,48,48,50,50,52,54,54,66,66,66,66,66,66,66,66,66,66,66,66],"relic_stats":{"Sozu":5,"counters":[23,118],"Mummified Hand":[30],"Black Star":1,"obtain_stats":[{"aspiration:Lifesprig":39,"vexMod:MemoryStick":49,"Dota2Spire:OrchidMalevolence":49,"Sozu":19,"vexMod:CardConverter":31,"Mummified Hand":25,"HollowMod:PaleOreRelic":21,"Dota2Spire:ArcaneBoots":47,"Replay:Wax Seal":39,"HollowMod:QueensCombRelic":6,"MerchantsRug":33,"MagicBullet_r":42,"aspiration:Nostalgia":0,"aspiration:FetidBarrel":29,"Thread and Needle":7,"Dota2Spire:BattleFury":33,"Omamori":11,"Boundary_crack":0,"War Paint":24,"Heaven_r":42,"Dota2Spire:AghanimScepter":45,"LetterFromLob":1,"Black Star":36,"Membership Card":47,"hermit:Momento":0,"Memoryfragments_purpleEX":0,"REME_ComplimentaryCards":0,"Pocketwatch":39},{"aspiration:Lifesprig":18,"vexMod:MemoryStick":22,"Dota2Spire:OrchidMalevolence":22,"Sozu":10,"vexMod:CardConverter":16,"Mummified Hand":13,"HollowMod:PaleOreRelic":11,"Dota2Spire:ArcaneBoots":20,"Replay:Wax Seal":18,"HollowMod:QueensCombRelic":3,"MerchantsRug":16,"MagicBullet_r":18,"aspiration:Nostalgia":0,"aspiration:FetidBarrel":15,"Thread and Needle":3,"Dota2Spire:BattleFury":16,"Omamori":5,"Boundary_crack":0,"War Paint":12,"Heaven_r":19,"Dota2Spire:AghanimScepter":20,"LetterFromLob":1,"Black Star":17,"Membership Card":20,"hermit:Momento":0,"Memoryfragments_purpleEX":0,"REME_ComplimentaryCards":0,"Pocketwatch":18},{"aspiration:Lifesprig":96,"vexMod:MemoryStick":110,"Dota2Spire:OrchidMalevolence":110,"Sozu":58,"vexMod:CardConverter":86,"Mummified Hand":72,"HollowMod:PaleOreRelic":63,"Dota2Spire:ArcaneBoots":102,"Replay:Wax Seal":96,"HollowMod:QueensCombRelic":20,"MerchantsRug":86,"MagicBullet_r":96,"aspiration:Nostalgia":0,"aspiration:FetidBarrel":81,"Thread and Needle":20,"Dota2Spire:BattleFury":86,"Omamori":30,"Boundary_crack":0,"War Paint":67,"Heaven_r":99,"Dota2Spire:AghanimScepter":102,"LetterFromLob":6,"Black Star":92,"Membership Card":102,"hermit:Momento":0,"Memoryfragments_purpleEX":0,"REME_ComplimentaryCards":0,"Pocketwatch":96}],"Pocketwatch":[0]},"card_choices":[{"not_picked":["MonsterNeedle_purple","Charmbait_purple"],"picked":"ExistenceContinue_purple","floor":1.0},{"not_picked":["Boundary_of_Extermination_purpleEX","OmniscientAndOmnipotent_Monster_purple","Charmbait_purple"],"picked":"SKIP","floor":3.0},{"not_picked":["Line_surface_state_purple","RealityDreamConfluencek_purple"],"picked":"Bait_HighSpeedFlying_purple","floor":6.0},{"not_picked":["StateDuplicate_purple","RuleDissolution_purple"],"picked":"AdvanceAttack_purple","floor":9.0},{"not_picked":["StateErode_purple","Realm_recovery_purpleEX","SfantasyHide_purple"],"picked":"SKIP","floor":10.0},{"not_picked":["RuleDissolution_purple","StateDuplicate_purple"],"picked":"Boundary_ObjectiveBoundary_purple","floor":12.0},{"not_picked":["MeetDecomposer_purple","OpenedBox_purple","Yakumo_Ran_purple"],"picked":"SKIP","floor":14.0},{"not_picked":["Boundary_ObjectiveBoundary_purple","AdvanceAttack_purple","Line_surface_state_purple"],"picked":"SKIP","floor":15.0},{"not_picked":["ButterflyHabitatTemple_purple","MetroBOOM_purple"],"picked":"MagicEyes_LaplaceDemon_purple","floor":16.0},{"not_picked":["MagicEyes_LaplaceDemon_purple","ProofOfUnderstanding_purple"],"picked":"LoveAcrossDimensions_purple","floor":18.0},{"not_picked":["StateErode_purple","Charmbait_purple","Realm_recovery_purpleEX"],"picked":"SKIP","floor":20.0},{"not_picked":["SfantasyHide_purple","StateDuplicate_purple","OmniscientAndOmnipotent_Monster_purple"],"picked":"SKIP","floor":23.0},{"not_picked":["EighthInstrument_OneDividesIntoTwo_purple","RuleDissolution_purple","MetroBOOM_purple"],"picked":"SKIP","floor":25.0},{"not_picked":["PurpleNeedle_purple","Yakumo_Ran_purple"],"picked":"DimensionStaggered_purple+1","floor":27.0},{"not_picked":["AdvanceAttack_purple","Realm_recovery_purpleEX"],"picked":"MeetDecomposer_purple","floor":29.0},{"not_picked":["OmniscientAndOmnipotent_Monster_purple","WeekHit_purple+1"],"picked":"WangLiang_LineAndCurveDreams_purple","floor":30.0},{"not_picked":["Know_ledgeAbilityRealm_purple","LoveAcrossDimensions_purple"],"picked":"Monsters_DoubleDeathButterfly_purple","floor":35.0},{"not_picked":["Charmbait_purple+1","ExistenceContinue_purple+1"],"picked":"WingOfChimera_purple+1","floor":37},{"not_picked":["expansioncontent:CaCaw","Replay:SS_hec_4"],"picked":"expansioncontent:Torchfire","floor":40},{"not_picked":["SharpContractionReality_purple","Charmbait_purple","Line_surface_state_purple"],"picked":"SKIP","floor":44},{"not_picked":["Charmbait_purple+1","WatchEChange_purple","Nest_LightFlightworm_purple"],"picked":"SKIP","floor":48},{"not_picked":["AdvanceAttack_purple","Fantasy_PerpetualMotionMachine_purple","Realm_recovery_purpleEX"],"picked":"SKIP","floor":49}],"player_experience":185900,"relics_obtained":[{"floor":1.0,"key":"LetterFromLob"},{"floor":6.0,"key":"HollowMod:QueensCombRelic"},{"floor":11.0,"key":"Omamori"},{"floor":21.0,"key":"HollowMod:PaleOreRelic"},{"floor":24.0,"key":"War Paint"},{"floor":25.0,"key":"Mummified Hand"},{"floor":29.0,"key":"aspiration:FetidBarrel"},{"floor":31.0,"key":"vexMod:CardConverter"},{"floor":45,"key":"Dota2Spire:AghanimScepter"},{"floor":49,"key":"vexMod:MemoryStick"},{"floor":49,"key":"Dota2Spire:OrchidMalevolence"}],"event_choices":[{"damage_healed":0.0,"max_hp_gain":0.0,"max_hp_loss":0.0,"gold_gain":0.0,"event_name":"The Woman in Blue","player_choice":"Bought 1 Potion","floor":2.0,"gold_loss":0.0,"damage_taken":0.0},{"damage_healed":0.0,"max_hp_gain":0.0,"max_hp_loss":0.0,"gold_gain":0.0,"event_name":"Ghosts","player_choice":"Ignored","floor":22.0,"gold_loss":0.0,"damage_taken":0.0},{"damage_healed":0,"gold_gain":0,"player_choice":"Leave","damage_taken":0,"max_hp_gain":0,"max_hp_loss":0,"event_name":"conspire:Investor","floor":38,"gold_loss":0},{"damage_healed":0,"gold_gain":0,"player_choice":"Memory 1","damage_taken":0,"max_hp_gain":0,"max_hp_loss":0,"event_name":"SensoryStone","floor":40,"gold_loss":0}],"is_beta":false,"boss_relics":[{"not_picked":["SacredBark","REME_DemonsWealth"],"picked":"Sozu"},{"not_picked":["conspire:RoyalGoblet","vexMod:CursedCompass"],"picked":"Black Star"}],"items_purged_floors":[7,33],"is_endless":false,"potions_floor_spawned":[3,12,16,18,25,27,42,48],"ascension_level":0}}