{"host":"o2evyl5sbrgotc3u","time":1608091562,"event":{"mods":["AchievementEnabler","BaseMod","Colored Map","DeckTracker","Faster Ascension Climbing","Keyboard Shortcuts","Minty Spire (QoL Compilation)","Permanent Neow","Quick Restart","Relic Stats","StSLib","SuperFastMode","everything is the same but u backflip on backflip"],"gold_per_floor":[118,118,43,43,43,43,77,89,114,128,128,143,171,188,188,293,293,308,178,178,178,197,197,229,229,229,229,229],"floor_reached":27,"playtime":840,"items_purged":["Strike_B","Defend_B"],"score":287,"play_id":"46e0cbc3-f616-460a-86f4-ba21f3c36762","local_time":"20201216130602","is_ascension_mode":true,"campfire_choices":[{"data":"Zap","floor":6.0,"key":"SMITH"},{"floor":11.0,"key":"REST"},{"data":"Dualcast","floor":15.0,"key":"SMITH"},{"floor":23.0,"key":"REST"},{"data":"Chill","floor":25.0,"key":"SMITH"}],"circlet_count":0,"master_deck":["Strike_B","Strike_B","Strike_B+1","Defend_B","Defend_B","Defend_B","Zap+1","Dualcast+1","Electrodynamics","Hologram+1","Chill+1","Rebound","Cold Snap","Glacier","Streamline","Echo Form","Capacitor","Loop+1"],"relics":["Cracked Core","Omamori","Blood Vial","Smiling Mask","Centennial Puzzle","Blue Candle","Black Star","Nilry\u0027s Codex","Ginger","Du-Vu Doll"],"acts_visited":["Exordium","TheCity"],"potions_floor_usage":[27],"damage_taken":[{"damage":1.0,"enemies":"Jaw Worm","floor":1.0,"turns":4.0},{"damage":11.0,"enemies":"Gremlin Nob","floor":7.0,"turns":3.0},{"damage":0.0,"enemies":"2 Louse","floor":8.0,"turns":2.0},{"damage":12.0,"enemies":"Small Slimes","floor":10.0,"turns":2.0},{"damage":3.0,"enemies":"Looter","floor":12.0,"turns":3.0},{"damage":24.0,"enemies":"Lagavulin","floor":13.0,"turns":5.0},{"damage":0.0,"enemies":"Large Slime","floor":14.0,"turns":7.0},{"damage":35.0,"enemies":"Hexaghost","floor":16.0,"turns":10.0},{"damage":7.0,"enemies":"Chosen","floor":18.0,"turns":5.0},{"damage":17.0,"enemies":"2 Thieves","floor":22.0,"turns":3.0},{"damage":16.0,"enemies":"Book of Stabbing","floor":24.0,"turns":6.0},{"damage":47,"enemies":"Slavers","floor":27,"turns":3}],"seed_played":"-4672394787391015721","potions_obtained":[{"floor":7.0,"key":"GamblersBrew"},{"floor":8.0,"key":"SpeedPotion"},{"floor":10.0,"key":"FocusPotion"},{"floor":14.0,"key":"Dexterity Potion"},{"floor":22.0,"key":"FearPotion"}],"is_trial":false,"path_per_floor":["M","?","$","?","?","R","E","M","T","M","R","M","E","M","R","B",null,"M","$","?","?","M","R","E","R","T","E"],"character_chosen":"DEFECT","items_purchased":["Capacitor"],"campfire_rested":2,"item_purchase_floors":[19],"current_hp_per_floor":[74,59,59,52,52,52,43,45,45,35,57,56,34,36,36,3,75,68,68,52,38,23,47,33,33,33,0,0],"gold":229,"neow_bonus":"ONE_RANDOM_RARE_CARD","is_daily":false,"chose_seed":false,"campfire_upgraded":3,"win_rate":0.0,"timestamp":1608091562,"path_taken":["M","?","$","?","?","R","E","M","T","M","R","M","E","M","R","BOSS","M","$","?","?","M","R","E","R","T","E"],"items_purchased_type":["Card"],"build_version":"2020-12-13","purchased_purges":2,"victory":false,"max_hp_per_floor":[75,75,75,75,75,75,75,75,75,75,75,75,75,75,75,75,75,75,75,75,80,80,80,80,80,80,80,80],"relic_stats":{"Blood Vial":20,"Centennial Puzzle":[24],"counters":[12,53],"Blue Candle":[0],"Black Star":1,"Ginger":[1],"Smiling Mask":50,"obtain_stats":[{"Blood Vial":5,"Du-Vu Doll":24,"Centennial Puzzle":9,"Nilry\u0027s Codex":20,"Blue Candle":13,"Omamori":4,"Black Star":17,"Ginger":24,"Cracked Core":0,"Smiling Mask":7},{"Blood Vial":1,"Du-Vu Doll":11,"Centennial Puzzle":3,"Nilry\u0027s Codex":9,"Blue Candle":6,"Omamori":1,"Black Star":8,"Ginger":11,"Cracked Core":0,"Smiling Mask":2},{"Blood Vial":4,"Du-Vu Doll":50,"Centennial Puzzle":9,"Nilry\u0027s Codex":41,"Blue Candle":19,"Omamori":4,"Black Star":36,"Ginger":50,"Cracked Core":0,"Smiling Mask":7}]},"card_choices":[{"not_picked":["Barrage","BootSequence"],"picked":"Hologram","floor":1.0},{"not_picked":["Coolheaded","Steam"],"picked":"Chill","floor":7.0},{"not_picked":["Double Energy","Skim"],"picked":"Rebound","floor":8.0},{"not_picked":["Leap","Turbo"],"picked":"Cold Snap","floor":10.0},{"not_picked":["Turbo","Hologram"],"picked":"Glacier","floor":12.0},{"not_picked":["Steam Power","Chill","Self Repair"],"picked":"SKIP","floor":13.0},{"not_picked":["Conserve Battery","Steam"],"picked":"Streamline","floor":14.0},{"not_picked":["Fission","Hyperbeam"],"picked":"Echo Form","floor":16.0},{"not_picked":["Rebound","Hologram","Aggregate"],"picked":"SKIP","floor":18.0},{"not_picked":["Reprogram","Gash","Loop"],"picked":"SKIP","floor":22.0},{"not_picked":["Double Energy","Rip and Tear"],"picked":"Loop+1","floor":24.0}],"player_experience":285447,"relics_obtained":[{"floor":7.0,"key":"Smiling Mask"},{"floor":9.0,"key":"Centennial Puzzle"},{"floor":13.0,"key":"Blue Candle"},{"floor":20.0,"key":"Nilry\u0027s Codex"},{"floor":24.0,"key":"Ginger"},{"floor":24.0,"key":"Du-Vu Doll"}],"event_choices":[{"damage_healed":0.0,"max_hp_gain":0.0,"max_hp_loss":0.0,"gold_gain":0.0,"event_name":"Shining Light","player_choice":"Entered Light","floor":2.0,"gold_loss":0.0,"damage_taken":15.0,"cards_upgraded":["Strike_B","Hologram"]},{"damage_healed":0.0,"max_hp_gain":0.0,"max_hp_loss":0.0,"gold_gain":0.0,"event_name":"Scrap Ooze","player_choice":"Success","floor":4.0,"gold_loss":0.0,"damage_taken":7.0,"relics_obtained":["Omamori"]},{"damage_healed":0.0,"max_hp_gain":0.0,"max_hp_loss":0.0,"gold_gain":0.0,"event_name":"Big Fish","player_choice":"Box","floor":5.0,"gold_loss":0.0,"damage_taken":0.0,"relics_obtained":["Blood Vial"],"cards_obtained":["Regret"]},{"damage_healed":0.0,"max_hp_gain":0.0,"max_hp_loss":0.0,"gold_gain":0.0,"event_name":"Cursed Tome","player_choice":"Obtained Book","floor":20.0,"gold_loss":0.0,"damage_taken":16.0},{"damage_healed":0.0,"max_hp_gain":5.0,"max_hp_loss":0.0,"gold_gain":0.0,"event_name":"Forgotten Altar","player_choice":"Shed Blood","floor":21.0,"gold_loss":0.0,"damage_taken":19.0}],"is_beta":false,"boss_relics":[{"not_picked":["SacredBark","Busted Crown"],"picked":"Black Star"}],"items_purged_floors":[3,19],"is_endless":false,"potions_floor_spawned":[7,8,10,14,22],"killed_by":"Slavers","ascension_level":4}}