{"host":"2fgwwnzqc97k7iys","time":1608087419,"event":{"mods":["BaseMod","Colored Map","Minty Spire (QoL Compilation)","Quick Restart","Relic Stats"],"gold_per_floor":[217,237,237,248,30,30,56,68,121,160,189,215,227,294,306,414,426,457,469,500,526,548,560,560],"floor_reached":23,"playtime":1237,"items_purged":[],"score":357,"play_id":"33a13244-c817-415b-a493-b63ad2afb817","local_time":"20201215205659","is_ascension_mode":true,"campfire_choices":[{"data":"Cold Snap","floor":6,"key":"SMITH"},{"data":"Defragment","floor":15,"key":"SMITH"}],"circlet_count":0,"master_deck":["Strike_B","Strike_B","Strike_B","Defend_B","Defend_B","Defend_B","Zap","Dualcast","Leap","Core Surge","Cold Snap+1","Lockon","Electrodynamics","Rebound","Conserve Battery","Defragment+1","Steam Power","Steam","Echo Form","Redo+1","Turbo","Skim"],"relics":["Cracked Core","PreservedInsect","StrikeDummy","MawBank","Potion Belt","Toy Ornithopter","SacredBark"],"acts_visited":["TheCity"],"potions_floor_usage":[12,14,18,22],"damage_taken":[{"damage":0,"enemies":"2 Louse","floor":1,"turns":3},{"damage":0,"enemies":"Cultist","floor":2,"turns":3},{"damage":4,"enemies":"Jaw Worm","floor":4,"turns":4},{"damage":17,"enemies":"Lagavulin","floor":7,"turns":5},{"damage":0,"enemies":"3 Louse","floor":8,"turns":2},{"damage":5,"enemies":"3 Sentries","floor":10,"turns":2},{"damage":5,"enemies":"Red Slaver","floor":11,"turns":3},{"damage":17,"enemies":"Exordium Thugs","floor":12,"turns":3},{"damage":7,"enemies":"Lagavulin Event","floor":14,"turns":4},{"damage":0,"enemies":"Slime Boss","floor":16,"turns":5},{"damage":12,"enemies":"3 Byrds","floor":18,"turns":4},{"damage":5,"enemies":"Chosen","floor":20,"turns":4},{"damage":25,"enemies":"Snake Plant","floor":21,"turns":4},{"damage":16,"enemies":"Shelled Parasite and Fungi","floor":22,"turns":4},{"damage":13,"enemies":"Gremlin Leader","floor":23,"turns":3}],"seed_played":"3555741078638684490","potions_obtained":[{"floor":4,"key":"DuplicationPotion"},{"floor":7,"key":"Explosive Potion"},{"floor":14,"key":"LiquidMemories"},{"floor":16,"key":"EssenceOfSteel"},{"floor":21,"key":"BlessingOfTheForge"},{"floor":22,"key":"Energy Potion"}],"is_trial":false,"path_per_floor":["M","M","?","M","$","R","E","M","T","E","M","M","$","?","R","B",null,"M","?","M","M","M","E"],"character_chosen":"DEFECT","items_purchased":["PreservedInsect","Lockon"],"campfire_rested":0,"item_purchase_floors":[5,5],"current_hp_per_floor":[68,68,68,64,64,64,47,47,47,42,37,20,20,18,18,18,61,54,54,49,24,13,0,0],"gold":560,"neow_bonus":"HUNDRED_GOLD","is_daily":false,"chose_seed":false,"campfire_upgraded":2,"win_rate":0.0,"timestamp":1608087419,"path_taken":["M","M","?","M","$","R","E","M","T","E","M","M","?","?","R","BOSS","M","?","M","M","?","E"],"items_purchased_type":["Relic","Card"],"build_version":"2020-12-13","purchased_purges":0,"victory":false,"max_hp_per_floor":[75,75,75,75,75,75,75,75,75,75,75,75,75,75,75,75,75,75,75,75,75,75,75,75],"relic_stats":{"counters":[15,53],"PreservedInsect":135,"MawBank":168,"obtain_stats":[{"Potion Belt":10,"SacredBark":17,"PreservedInsect":5,"Cracked Core":0,"StrikeDummy":7,"MawBank":9,"Toy Ornithopter":14},{"Potion Belt":6,"SacredBark":10,"PreservedInsect":3,"Cracked Core":0,"StrikeDummy":4,"MawBank":5,"Toy Ornithopter":8},{"Potion Belt":19,"SacredBark":34,"PreservedInsect":10,"Cracked Core":0,"StrikeDummy":15,"MawBank":17,"Toy Ornithopter":25}],"Toy Ornithopter":15},"card_choices":[{"not_picked":["Streamline","Turbo"],"picked":"Leap","floor":1},{"not_picked":["Conserve Battery","Redo"],"picked":"Core Surge","floor":2},{"not_picked":["Gash","Coolheaded"],"picked":"Cold Snap","floor":4},{"not_picked":["Turbo","Steam Power"],"picked":"Electrodynamics","floor":7},{"not_picked":["Storm","Streamline"],"picked":"Rebound","floor":8},{"not_picked":["Go for the Eyes","Streamline"],"picked":"Conserve Battery","floor":10},{"not_picked":["Gash","Redo"],"picked":"Defragment","floor":11},{"not_picked":["Lockon","Gash"],"picked":"Steam Power","floor":12},{"not_picked":["Leap","Skim"],"picked":"Steam","floor":14},{"not_picked":["Meteor Strike","All For One"],"picked":"Echo Form","floor":16},{"not_picked":["Undo","Sunder","Streamline"],"picked":"SKIP","floor":18},{"not_picked":["Hologram+1","Chaos"],"picked":"Redo+1","floor":20},{"not_picked":["Steam+1","Rip and Tear"],"picked":"Turbo","floor":21},{"not_picked":["Turbo","Reinforced Body"],"picked":"Skim","floor":22}],"player_experience":453288,"relics_obtained":[{"floor":7,"key":"StrikeDummy"},{"floor":9,"key":"MawBank"},{"floor":10,"key":"Potion Belt"}],"event_choices":[{"cards_removed":["Defend_B"],"damage_healed":0,"gold_gain":0,"player_choice":"Card Removal","damage_taken":0,"max_hp_gain":0,"max_hp_loss":0,"event_name":"Wheel of Change","floor":3,"gold_loss":0},{"damage_healed":0,"gold_gain":0,"player_choice":"Searched \u00272\u0027 times","damage_taken":0,"relics_obtained":["Toy Ornithopter"],"max_hp_gain":0,"max_hp_loss":0,"event_name":"Dead Adventurer","floor":14,"gold_loss":0},{"cards_removed":["Strike_B"],"damage_healed":0,"gold_gain":0,"player_choice":"Purged","damage_taken":0,"max_hp_gain":0,"max_hp_loss":0,"event_name":"Purifier","floor":19,"gold_loss":0}],"is_beta":false,"boss_relics":[{"not_picked":["Runic Pyramid","Astrolabe"],"picked":"SacredBark"}],"items_purged_floors":[],"is_endless":false,"potions_floor_spawned":[4,7,14,16,21,22],"killed_by":"Gremlin Leader","ascension_level":8}}