{"host":"90zmhqhem9nbzoc6","time":1608102553,"event":{"mods":["AchievementEnabler","BaseMod","Better Note","Better Third Choice","BetterRewards","Colored Map","Colored Powertips","Conspire","Downfall","Energized Spire","Friendly Minions","GifTheSpireLib","Hermit","Hubris","Infinite Spire","Minty Spire (QoL Compilation)","Quick Restart","Replay The Spire","StSLib","Stuff the Spire","The Blue Laboratory","The Jungle"],"gold_per_floor":[114,131,58,68,68,68,81,110,110,110,110,124,141,161,161,263,263,283,283,283,336,349,349,349,68,68,68,93,107,120,145,145,249,249,267,267,156,156,156],"floor_reached":38,"playtime":1704,"items_purged":[],"score":439,"play_id":"67a2629c-42c8-41e0-8ceb-05a2d7808016","local_time":"20201215230913","is_ascension_mode":false,"campfire_choices":[{"data":"hermit:Determination","floor":6,"key":"SMITH"},{"floor":11,"key":"RECALL"},{"floor":15,"key":"REST"},{"data":"infinitespire:Starlight","floor":23,"key":"SMITH"},{"floor":32,"key":"REST"}],"circlet_count":0,"master_deck":["hermit:Strike_Hermit","hermit:Strike_Hermit","hermit:Strike_Hermit","hermit:Strike_Hermit","hermit:Defend_Hermit","hermit:Defend_Hermit","hermit:Defend_Hermit","hermit:Defend_Hermit","hermit:Snapshot","hermit:Covet","hermit:Vantage","hermit:GhostlyPresence","hermit:Malice","hermit:Malice","hermit:Quickdraw","hermit:Vantage","hermit:Determination+1","hermit:Maintenance+1","hermit:Showdown","hermit:Vantage","hermit:Shortfuse","hermit:RoundhouseKick","hermit:GhostlyPresence","infinitespire:Starlight+1","Shame","hermit:BodyArmor","Dramatic Entrance+1","hermit:TakeCover","hermit:Maintenance","hermit:Glare","hermit:Magnum","hermit:GoldenBullet","hermit:Headshot","hermit:Headshot"],"relics":["hermit:Momento","HandDrill","Anchor","hubris:MysteriousPyramids","Bottled Lightning","Black Star","hubris:PeanutButter","PreservedInsect","Blue Doll","Bottled Tornado","Replay:Ringing Soul","Replay:WaspNest","infinitespire:BottledMercury","Replay:Rubber Ducky","conspire:SpecialSausage"],"acts_visited":["Exordium","TheCity","TheBeyond"],"potions_floor_usage":[8,14,28,31],"damage_taken":[{"damage":0,"enemies":"Cultist","floor":1,"turns":3},{"damage":0,"enemies":"2 Louse","floor":2,"turns":2},{"damage":0,"enemies":"Small Slimes","floor":4,"turns":3},{"damage":0,"enemies":"Gremlin Gang","floor":7,"turns":3},{"damage":11,"enemies":"3 Sentries","floor":8,"turns":8},{"damage":2,"enemies":"Exordium Wildlife","floor":12,"turns":6},{"damage":0,"enemies":"Large Slime","floor":13,"turns":6},{"damage":15,"enemies":"Exordium Thugs","floor":14,"turns":5},{"damage":61,"enemies":"Slime Boss","floor":16,"turns":19},{"damage":17,"enemies":"Shell Parasite","floor":18,"turns":6},{"damage":5,"enemies":"2 Thieves","floor":22,"turns":5},{"damage":10,"enemies":"Slavers","floor":28,"turns":3},{"damage":2,"enemies":"Snecko","floor":29,"turns":5},{"damage":5,"enemies":"Centurion and Healer","floor":30,"turns":16},{"damage":23,"enemies":"Book of Stabbing","floor":31,"turns":7},{"damage":24,"enemies":"conspire:MysteriousRune","floor":33,"turns":11},{"damage":13,"enemies":"3 Darklings","floor":35,"turns":6},{"damage":90,"enemies":"2 Orb Walkers","floor":38,"turns":6}],"seed_played":"-846365624304440207","potions_obtained":[{"floor":2,"key":"Doom Potion"},{"floor":4,"key":"LiquidBronze"},{"floor":12,"key":"LiquidBronze"},{"floor":16,"key":"Slimebound:ThreeZeroPotion"},{"floor":22,"key":"blueLaboratory:StoneskinPotion"},{"floor":30,"key":"hexamod:EctoCoolerPotion"},{"floor":31,"key":"FearPotion"}],"is_trial":false,"path_per_floor":["M","M","$","M","?","R","M","E","T","$","R","M","M","M","R","B",null,"M","AVR","?","T","M","R","?","$","T","?","E","M","M","E","R","B",null,"M","?","$","?"],"character_chosen":"HERMIT","items_purchased":["HandDrill","hermit:Vantage","Anchor","hermit:GhostlyPresence","hermit:Malice","hermit:Determination","hermit:BodyArmor","Blue Doll","Dramatic Entrance","hermit:GoldenBullet","hermit:Headshot"],"campfire_rested":2,"item_purchase_floors":[0,0,0,0,0,3,25,25,25,37,37],"current_hp_per_floor":[75,75,75,75,75,75,75,64,64,64,64,62,62,47,69,8,75,58,58,58,58,63,63,63,63,63,63,56,69,81,61,84,77,87,74,74,77,0,0],"gold":156,"neow_bonus":"","is_daily":false,"chose_seed":false,"campfire_upgraded":2,"win_rate":0.0,"timestamp":1608102553,"path_taken":["M","?","$","M","?","R","M","E","T","$","R","M","M","M","R","BOSS","M","AVR","?","?","M","R","?","$","T","?","E","M","M","E","R","BOSS","M","?","$","?"],"items_purchased_type":["Relic","Card","Relic","Card","Card","Card","Card","Relic","Card","Card","Card"],"build_version":"2020-12-13","purchased_purges":0,"victory":false,"max_hp_per_floor":[75,75,75,75,75,75,75,75,75,75,75,75,75,75,75,75,75,75,75,75,75,75,75,75,75,75,75,78,78,81,84,84,87,87,87,87,90,90,90],"card_choices":[{"not_picked":["hermit:BigShot","hermit:Vantage"],"picked":"hermit:Quickdraw","floor":1},{"not_picked":["hermit:ItchyTrigger","hermit:Ricochet"],"picked":"hermit:Vantage","floor":2},{"not_picked":["hermit:Dive","hermit:DeadMansHand"],"picked":"hermit:Maintenance","floor":4},{"not_picked":["hermit:Coalescence","hermit:GhostlyPresence","hermit:Ricochet"],"picked":"SKIP","floor":7},{"not_picked":["hermit:WideOpen","hermit:ItchyTrigger"],"picked":"hermit:Showdown","floor":8},{"not_picked":["hermit:WideOpen","hermit:Desperado"],"picked":"hermit:Vantage","floor":12},{"not_picked":["hermit:Dive","hermit:Ricochet"],"picked":"hermit:Shortfuse","floor":13},{"not_picked":["hermit:NoHoldsBarred","hermit:Ricochet","hermit:FlashPowder"],"picked":"SKIP","floor":14},{"not_picked":["hermit:Purgatory","hermit:Magnum"],"picked":"hermit:RoundhouseKick","floor":16},{"not_picked":["hermit:LuckOfTheDraw","hermit:Ricochet"],"picked":"hermit:GhostlyPresence","floor":18},{"not_picked":["hermit:TrackingShot","hermit:HighCaliber","hermit:LowProfile"],"picked":"SKIP","floor":22},{"not_picked":["hermit:Cheat+1","hermit:OverwhelmingPower"],"picked":"hermit:TakeCover","floor":28},{"not_picked":["hermit:SprayPray","hermit:CalledShot+1","hermit:Cheat"],"picked":"SKIP","floor":29},{"not_picked":["hermit:Desperado+1","hermit:GhostlyPresence"],"picked":"hermit:Maintenance","floor":30},{"not_picked":["hermit:TakeAim+1","hermit:Manifest+1"],"picked":"hermit:Glare","floor":31},{"not_picked":["hermit:FinalCanter","hermit:FatalDesire"],"picked":"hermit:Magnum","floor":33},{"not_picked":["hermit:Feint","hermit:PistolWhip","hermit:Spite"],"picked":"SKIP","floor":35}],"player_experience":200796,"relics_obtained":[{"floor":8,"key":"hubris:MysteriousPyramids"},{"floor":9,"key":"Bottled Lightning"},{"floor":26,"key":"Bottled Tornado"},{"floor":28,"key":"Replay:Ringing Soul"},{"floor":28,"key":"Replay:WaspNest"},{"floor":31,"key":"infinitespire:BottledMercury"},{"floor":31,"key":"Replay:Rubber Ducky"}],"event_choices":[{"damage_healed":0,"gold_gain":0,"player_choice":"Ignored","damage_taken":0,"max_hp_gain":0,"max_hp_loss":0,"event_name":"betterNote:BetterNote","floor":20,"gold_loss":0,"cards_obtained":["Dualcast"]},{"damage_healed":0,"gold_gain":0,"player_choice":"Forge","damage_taken":0,"max_hp_gain":0,"max_hp_loss":0,"event_name":"Accursed Blacksmith","floor":27,"gold_loss":0,"cards_upgraded":["Dramatic Entrance"]},{"damage_healed":0,"gold_gain":0,"player_choice":"Fight","damage_taken":0,"max_hp_gain":0,"max_hp_loss":0,"event_name":"Mysterious Sphere","floor":38,"gold_loss":0}],"is_beta":false,"boss_relics":[{"not_picked":["ReplayTheSpireMod:DimensionalGlitch","Replay:Ancient Bell"],"picked":"Black Star"},{"not_picked":["StuffTheSpire:ModemDavis","hermit:BartenderGlass"],"picked":"conspire:SpecialSausage"}],"items_purged_floors":[],"is_endless":false,"potions_floor_spawned":[2,4,12,16,22,30,31,35],"killed_by":"2 Orb Walkers","ascension_level":0}}