{"host":"mkv3lj8gfkr85ioo","time":1608079716,"event":{"mods":["AchievementEnabler","BaseMod","Colored Map","Minty Spire (QoL Compilation)","SuperFastMode"],"gold_per_floor":[119,138,138,157,176,203,60,78,78,78,109,123,123,136,136,136,136],"floor_reached":16,"playtime":636,"items_purged":["Strike_G"],"score":131,"play_id":"1bf21f45-2045-477b-b733-544883d371c9","local_time":"20201216094836","is_ascension_mode":true,"campfire_choices":[{"floor":10,"key":"REST"},{"floor":13,"key":"REST"},{"data":"Neutralize","floor":15,"key":"SMITH"}],"circlet_count":0,"master_deck":["Strike_G","Strike_G+1","Strike_G+1","Defend_G","Defend_G","Defend_G","Defend_G","Defend_G","Survivor","Neutralize+1","Sucker Punch","Cloak And Dagger","Backstab","Blur","Backflip","Cloak And Dagger","PiercingWail"],"relics":["Ring of the Snake","NeowsBlessing","Whetstone","Ornamental Fan","Thread and Needle"],"acts_visited":["Exordium"],"potions_floor_usage":[6,11,16,16],"damage_taken":[{"damage":0,"enemies":"Small Slimes","floor":1,"turns":1},{"damage":0,"enemies":"Cultist","floor":2,"turns":1},{"damage":0,"enemies":"2 Louse","floor":4,"turns":1},{"damage":8,"enemies":"Exordium Thugs","floor":5,"turns":5},{"damage":33,"enemies":"Gremlin Nob","floor":6,"turns":6},{"damage":0,"enemies":"Lots of Slimes","floor":8,"turns":5},{"damage":31,"enemies":"Lagavulin","floor":11,"turns":10},{"damage":0,"enemies":"Large Slime","floor":12,"turns":7},{"damage":0,"enemies":"Blue Slaver","floor":14,"turns":5},{"damage":43,"enemies":"Hexaghost","floor":16,"turns":19}],"seed_played":"-9005922622845640656","potions_obtained":[{"floor":5,"key":"ColorlessPotion"},{"floor":6,"key":"ColorlessPotion"},{"floor":11,"key":"GamblersBrew"},{"floor":12,"key":"Swift Potion"}],"is_trial":false,"path_per_floor":["M","M","?","M","M","E","$","M","T","R","E","M","R","M","R","B"],"character_chosen":"THE_SILENT","items_purchased":["Backstab"],"campfire_rested":2,"item_purchase_floors":[7],"current_hp_per_floor":[70,70,70,70,62,29,29,29,29,50,19,19,40,40,40,0,0],"gold":136,"neow_bonus":"THREE_ENEMY_KILL","is_daily":false,"chose_seed":false,"campfire_upgraded":1,"win_rate":0.0,"timestamp":1608079716,"path_taken":["M","M","?","M","M","E","$","M","T","R","E","M","R","M","R","BOSS"],"items_purchased_type":["Card"],"build_version":"2020-12-13","purchased_purges":1,"victory":false,"max_hp_per_floor":[70,70,70,70,70,70,70,70,70,70,70,70,70,70,70,70,70],"card_choices":[{"not_picked":["Dodge and Roll","Quick Slash","Distraction"],"picked":"SKIP","floor":1},{"not_picked":["Concentrate","Slice","Endless Agony"],"picked":"SKIP","floor":2},{"not_picked":["Slice","Choke","Dash"],"picked":"SKIP","floor":4},{"not_picked":["Prepared","Dagger Throw","Deadly Poison"],"picked":"SKIP","floor":5},{"not_picked":["Poisoned Stab","Underhanded Strike"],"picked":"Cloak And Dagger","floor":6},{"not_picked":["Underhanded Strike","Eviscerate"],"picked":"Blur","floor":8},{"not_picked":["Concentrate","Wraith Form v2"],"picked":"Backflip","floor":11},{"not_picked":["Skewer","Poisoned Stab"],"picked":"Cloak And Dagger","floor":12},{"not_picked":["Dagger Spray","Expertise"],"picked":"PiercingWail","floor":14}],"player_experience":152128,"relics_obtained":[{"floor":6,"key":"Whetstone"},{"floor":9,"key":"Ornamental Fan"},{"floor":11,"key":"Thread and Needle"}],"event_choices":[{"damage_healed":0,"gold_gain":0,"cards_transformed":["Strike_G"],"player_choice":"Transformed","damage_taken":0,"max_hp_gain":0,"max_hp_loss":0,"event_name":"Transmorgrifier","floor":3,"gold_loss":0,"cards_obtained":["Sucker Punch"]}],"is_beta":false,"boss_relics":[],"items_purged_floors":[7],"is_endless":false,"potions_floor_spawned":[5,6,11,12],"killed_by":"Hexaghost","ascension_level":3}}