{"host":"kiehjq3lc4w5t4uc","time":1608105153,"event":{"mods":["AchievementEnabler","BaseMod","BetterRewards","Colored Map","Colored Powertips","DeckTracker","Minty Spire (QoL Compilation)","Quick Restart","Rare Cards Sparkle","Relic Stats","Shop Mod","Spicy Shops","StSLib","SuperFastMode","The Cursed"],"gold_per_floor":[113,129,145,145,163,163,175,175,199,226,237,270,283,295,295,394,394,410,424,424,277,277,306,306,316,363,389,401,418,436,281,281,386,386,396,411,75,95,113,142,142,159,182,182,38,48,81,101,101,101],"floor_reached":51,"playtime":2986,"items_purged":["TheCursedMod:ParallelWorld+1"],"score":1251,"play_id":"1c09a451-6bc1-4145-b46d-e9a18525e036","local_time":"20201216165233","is_ascension_mode":true,"campfire_choices":[{"data":"TheCursedMod:CircleOfAmplification","floor":6.0,"key":"SMITH"},{"data":"TheCursedMod:SpitefulPlan","floor":8.0,"key":"SMITH"},{"data":"TheCursedMod:CleanUpWorkshop","floor":15,"key":"SMITH"},{"data":"TheCursedMod:CircleOfCorruption","floor":24,"key":"SMITH"},{"data":"TheCursedMod:NeowsMight","floor":32,"key":"SMITH"},{"data":"TheCursedMod:HellfireBreathing","floor":41,"key":"SMITH"},{"data":"TheCursedMod:LuckyCharm","floor":49,"key":"SMITH"}],"circlet_count":0,"master_deck":["TheCursedMod:CleanUpWorkshop+1","TheCursedMod:HellfireBreathing","TheCursedMod:HellfireBreathing+1","TheCursedMod:SpitefulPlan+1","TheCursedMod:LuckyCharm+1","TheCursedMod:CursedSpellbook","TheCursedMod:NeowsMight+1","TheCursedMod:CircleOfAmplification+1","Finesse","TheCursedMod:CircleOfCorruption+1","Finesse+1"],"relics":["TheCursedMod:BlackMagicAdvanced","Toy Ornithopter","Smiling Mask","Blood Vial","Black Star","Boot","Pear","Bag of Preparation","War Paint","Bag of Marbles","Toxic Egg 2","Omamori","DollysMirror","Runic Dome","Du-Vu Doll","Oddly Smooth Stone","Dream Catcher","Happy Flower","Vajra","Art of War","Ancient Tea Set"],"acts_visited":["Exordium","TheCity","TheBeyond"],"potions_floor_usage":[47],"damage_taken":[{"damage":0.0,"enemies":"2 Louse","floor":1.0,"turns":1.0},{"damage":10.0,"enemies":"Small Slimes","floor":2.0,"turns":2.0},{"damage":0.0,"enemies":"Cultist","floor":3.0,"turns":1.0},{"damage":0.0,"enemies":"Exordium Thugs","floor":5.0,"turns":1.0},{"damage":0.0,"enemies":"3 Louse","floor":7.0,"turns":2.0},{"damage":10.0,"enemies":"Gremlin Nob","floor":10.0,"turns":2.0},{"damage":0.0,"enemies":"Lots of Slimes","floor":11.0,"turns":1.0},{"damage":0,"enemies":"Lagavulin","floor":12,"turns":4},{"damage":0,"enemies":"Exordium Wildlife","floor":13,"turns":2},{"damage":2,"enemies":"3 Louse","floor":14,"turns":1},{"damage":0,"enemies":"Hexaghost","floor":16,"turns":2},{"damage":0,"enemies":"Spheric Guardian","floor":18,"turns":3},{"damage":11,"enemies":"2 Thieves","floor":19,"turns":2},{"damage":0,"enemies":"Slavers","floor":23,"turns":1},{"damage":0,"enemies":"Shelled Parasite and Fungi","floor":25,"turns":2},{"damage":0,"enemies":"Book of Stabbing","floor":27,"turns":1},{"damage":0,"enemies":"Snecko","floor":28,"turns":3},{"damage":0,"enemies":"3 Cultists","floor":29,"turns":2},{"damage":0,"enemies":"Sentry and Sphere","floor":30,"turns":2},{"damage":0,"enemies":"Champ","floor":33,"turns":1},{"damage":0,"enemies":"3 Shapes","floor":35,"turns":1},{"damage":2,"enemies":"3 Darklings","floor":36,"turns":1},{"damage":0,"enemies":"Spire Growth","floor":38,"turns":1},{"damage":0,"enemies":"4 Shapes","floor":39,"turns":1},{"damage":0,"enemies":"Nemesis","floor":40,"turns":1},{"damage":0,"enemies":"Transient","floor":42,"turns":1},{"damage":0,"enemies":"Maw","floor":46,"turns":1},{"damage":5,"enemies":"Reptomancer","floor":47,"turns":1},{"damage":0,"enemies":"Writhing Mass","floor":48,"turns":2},{"damage":0,"enemies":"Donu and Deca","floor":50,"turns":1}],"seed_played":"-8382671219047613826","potions_obtained":[{"floor":1.0,"key":"BlessingOfTheForge"},{"floor":2.0,"key":"SkillPotion"},{"floor":10.0,"key":"Block Potion"},{"floor":35,"key":"LiquidMemories"},{"floor":47,"key":"Fruit Juice"},{"floor":48,"key":"Strength Potion"}],"is_trial":false,"path_per_floor":["M","M","M","$","M","R","M","R","T","E","M","E","M","M","R","B",null,"M","M","?","$","?","E","R","M","T","E","M","M","M","$","R","B",null,"M","M","$","M","M","E","R","M","T","?","$","M","E","M","R","B",null],"character_chosen":"THE_CURSED","items_purchased":["Boot","DollysMirror","Du-Vu Doll","Vajra"],"campfire_rested":0,"item_purchase_floors":[21,31,37,45],"current_hp_per_floor":[75,65,65,65,65,65,65,65,65,55,55,55,57,57,57,59,75,75,64,75,75,85,85,85,85,85,85,85,85,85,85,85,85,85,85,83,83,85,85,85,85,85,85,85,85,85,90,90,90,90],"gold":101,"neow_bonus":"RANDOM_COLORLESS","is_daily":false,"chose_seed":false,"campfire_upgraded":7,"win_rate":0.0,"timestamp":1608105153,"path_taken":["M","M","M","$","M","R","M","R","T","E","M","E","M","M","R","BOSS","M","M","?","$","?","E","R","M","T","E","?","M","M","$","R","BOSS","M","M","$","M","M","E","R","M","T","?","?","M","E","M","R","BOSS"],"items_purchased_type":["Relic","Relic","Relic","Relic"],"build_version":"2020-12-13","purchased_purges":1,"victory":true,"max_hp_per_floor":[75,75,75,75,75,75,75,75,75,75,75,75,75,75,75,75,75,75,75,75,75,85,85,85,85,85,85,85,85,85,85,85,85,85,85,85,85,85,85,85,85,85,85,85,85,85,90,90,90,90],"relic_stats":{"Blood Vial":8,"Dream Catcher":0,"Happy Flower":[1],"counters":[30,46],"Black Star":4,"Bag of Preparation":[32],"Art of War":[1],"War Paint":["TheCursedMod:ParallelWorld","TheCursedMod:CursedAmulet"],"Smiling Mask":25,"Boot":[0],"obtain_stats":[{"Pear":22,"TheCursedMod:BlackMagicAdvanced":0,"Happy Flower":43,"Oddly Smooth Stone":40,"Vajra":45,"Bag of Preparation":23,"Omamori":27,"War Paint":23,"Smiling Mask":10,"Boot":21,"Ancient Tea Set":47,"Blood Vial":12,"Du-Vu Doll":37,"Runic Dome":34,"Dream Catcher":40,"DollysMirror":31,"Black Star":17,"Bag of Marbles":26,"Art of War":47,"Toxic Egg 2":27,"Toy Ornithopter":9},{"Pear":13,"TheCursedMod:BlackMagicAdvanced":0,"Happy Flower":26,"Oddly Smooth Stone":25,"Vajra":26,"Bag of Preparation":14,"Omamori":16,"War Paint":14,"Smiling Mask":6,"Boot":13,"Ancient Tea Set":28,"Blood Vial":8,"Du-Vu Doll":22,"Runic Dome":20,"Dream Catcher":25,"DollysMirror":19,"Black Star":11,"Bag of Marbles":15,"Art of War":28,"Toxic Egg 2":16,"Toy Ornithopter":5},{"Pear":23,"TheCursedMod:BlackMagicAdvanced":0,"Happy Flower":41,"Oddly Smooth Stone":40,"Vajra":41,"Bag of Preparation":24,"Omamori":27,"War Paint":24,"Smiling Mask":8,"Boot":23,"Ancient Tea Set":43,"Blood Vial":13,"Du-Vu Doll":37,"Runic Dome":35,"Dream Catcher":40,"DollysMirror":34,"Black Star":18,"Bag of Marbles":26,"Art of War":43,"Toxic Egg 2":27,"Toy Ornithopter":7}],"Toy Ornithopter":5},"card_choices":[{"not_picked":["Good Instincts","Dramatic Entrance"],"picked":"Finesse","floor":0.0},{"not_picked":["TheCursedMod:CircleOfFocus","TheCursedMod:CursedAmulet","TheCursedMod:Hemoplague"],"picked":"SKIP","floor":1.0},{"not_picked":["TheCursedMod:SpitefulStrike","TheCursedMod:Obscuration","TheCursedMod:RapidMovement"],"picked":"SKIP","floor":2.0},{"not_picked":["TheCursedMod:SpitefulStrike","TheCursedMod:Obscuration","TheCursedMod:RapidMovement"],"picked":"SKIP","floor":2.0},{"not_picked":["TheCursedMod:Hemoplague","TheCursedMod:LuckyCharm","TheCursedMod:CircleOfFocus"],"picked":"SKIP","floor":3.0},{"not_picked":["TheCursedMod:CursedShiv","TheCursedMod:SpitefulStrike","TheCursedMod:Mangle"],"picked":"SKIP","floor":5.0},{"not_picked":["TheCursedMod:RavingStaff","TheCursedMod:StingEye","TheCursedMod:Hemoplague"],"picked":"SKIP","floor":7.0},{"not_picked":["TheCursedMod:FleshFromBone","TheCursedMod:SpitefulPray","TheCursedMod:DemonSword"],"picked":"SKIP","floor":10.0},{"not_picked":["TheCursedMod:BlessingInDisguise","TheCursedMod:SaltUponWound","TheCursedMod:Wield"],"picked":"SKIP","floor":11},{"not_picked":["TheCursedMod:FleshFromBone","TheCursedMod:Hemoplague","TheCursedMod:AbyssShockwave"],"picked":"SKIP","floor":12},{"not_picked":["TheCursedMod:SurpriseAttack","TheCursedMod:RavingStaff","TheCursedMod:Stretching"],"picked":"SKIP","floor":13},{"not_picked":["TheCursedMod:EmpowerCircles","TheCursedMod:DemonicPact"],"picked":"TheCursedMod:CircleOfCorruption","floor":14},{"not_picked":["TheCursedMod:Stretching+1","TheCursedMod:AshesToAshes+1","TheCursedMod:HellfireBreathing"],"picked":"SKIP","floor":18},{"not_picked":["TheCursedMod:CursedMace","TheCursedMod:ManaBullet","TheCursedMod:Evocation+1"],"picked":"SKIP","floor":19},{"not_picked":["TheCursedMod:ManaBullet","TheCursedMod:SpitefulStrike","TheCursedMod:SpitefulPlan"],"picked":"SKIP","floor":23},{"not_picked":["TheCursedMod:HellfireBreathing","TheCursedMod:SpitefulPray+1","TheCursedMod:FuryStrike"],"picked":"SKIP","floor":25},{"not_picked":["TheCursedMod:TacticalStrike+1","TheCursedMod:HellsGateOpen","TheCursedMod:CircleOfCorruption+1"],"picked":"SKIP","floor":27},{"not_picked":["TheCursedMod:Stretching+1","TheCursedMod:WearCloak+1","TheCursedMod:RavingStaff"],"picked":"SKIP","floor":28},{"not_picked":["TheCursedMod:SmokeScreen+1","TheCursedMod:TroublousMinions+1","TheCursedMod:Stretching+1"],"picked":"SKIP","floor":29},{"not_picked":["TheCursedMod:CursedShiv","TheCursedMod:SoulReap","TheCursedMod:CircleOfCorruption+1"],"picked":"SKIP","floor":30},{"not_picked":["TheCursedMod:SurpriseAttack+1","TheCursedMod:FuryStrike","TheCursedMod:WearCloak+1"],"picked":"SKIP","floor":35},{"not_picked":["TheCursedMod:CursedAmulet+1","TheCursedMod:CursedMace","TheCursedMod:CursedBlade+1"],"picked":"SKIP","floor":36},{"not_picked":["TheCursedMod:Stigma","TheCursedMod:HellsGateOpen","TheCursedMod:SpreadPlague+1"],"picked":"SKIP","floor":38},{"not_picked":["TheCursedMod:SmokeScreen+1","TheCursedMod:FleshFromBone+1","TheCursedMod:PrepareRite+1"],"picked":"SKIP","floor":39},{"not_picked":["TheCursedMod:AntiAging+1","TheCursedMod:CursedMace+1","TheCursedMod:FleshFromBone+1"],"picked":"SKIP","floor":40},{"not_picked":["TheCursedMod:Obscuration+1","TheCursedMod:RapidMovement+1","TheCursedMod:HellfireBreathing"],"picked":"SKIP","floor":42},{"not_picked":["TheCursedMod:CursedShiv","TheCursedMod:VitalStrike","TheCursedMod:Stigma+1"],"picked":"SKIP","floor":46},{"not_picked":["TheCursedMod:CircleOfAbyss+1","TheCursedMod:SoulCrush+1","TheCursedMod:Stigma"],"picked":"SKIP","floor":47},{"not_picked":["TheCursedMod:CircleOfAmplification+1","TheCursedMod:Grudge+1","TheCursedMod:SpitefulPray+1"],"picked":"SKIP","floor":48}],"player_experience":96219,"relics_obtained":[{"floor":9.0,"key":"Toy Ornithopter"},{"floor":10.0,"key":"Smiling Mask"},{"floor":12,"key":"Blood Vial"},{"floor":23,"key":"Bag of Preparation"},{"floor":23,"key":"War Paint"},{"floor":26,"key":"Bag of Marbles"},{"floor":27,"key":"Toxic Egg 2"},{"floor":27,"key":"Omamori"},{"floor":40,"key":"Oddly Smooth Stone"},{"floor":40,"key":"Dream Catcher"},{"floor":43,"key":"Happy Flower"},{"floor":47,"key":"Art of War"},{"floor":47,"key":"Ancient Tea Set"}],"event_choices":[{"damage_healed":25,"gold_gain":0,"player_choice":"Heal","damage_taken":0,"max_hp_gain":0,"max_hp_loss":0,"event_name":"The Library","floor":20,"gold_loss":0},{"damage_healed":0,"gold_gain":0,"player_choice":"Gave Potion","damage_taken":0,"relics_obtained":["Pear"],"max_hp_gain":0,"max_hp_loss":0,"event_name":"WeMeetAgain","floor":22,"gold_loss":0},{"cards_removed":["TheCursedMod:CursedAmulet"],"damage_healed":5,"gold_gain":0,"player_choice":"Offered Common","damage_taken":0,"max_hp_gain":0,"max_hp_loss":0,"event_name":"Bonfire Elementals","floor":44,"gold_loss":0},{"cards_removed":["TheCursedMod:CursedAmulet"],"damage_healed":5,"gold_gain":0,"player_choice":"Offered Special","damage_taken":0,"max_hp_gain":0,"max_hp_loss":0,"event_name":"Bonfire Elementals","floor":44,"gold_loss":0}],"is_beta":false,"boss_relics":[{"not_picked":["TheCursedMod:OminousMark","Tiny House"],"picked":"Black Star"},{"not_picked":["Snecko Eye","Busted Crown"],"picked":"Runic Dome"}],"items_purged_floors":[37],"is_endless":false,"potions_floor_spawned":[1,2,10,11,12,14,18,28,33,35,36,38,47,48],"ascension_level":2}}