{"host":"ci7ivtocgfxh0ueo","time":1608128478,"event":{"mods":["BaseMod","GifTheSpireLib","Minty Spire (QoL Compilation)","StSLib"],"gold_per_floor":[112,0,0,14,14,45,45,45,45,79,91,111,111,128,128,128,128],"floor_reached":16,"playtime":398,"items_purged":[],"score":250,"play_id":"1966e8aa-8d15-47f4-b820-8e83fe64ef74","local_time":"20201216222118","is_ascension_mode":true,"campfire_choices":[{"data":"Infernal Blade","floor":8,"key":"SMITH"},{"data":"Seeing Red","floor":13,"key":"SMITH"},{"data":"Bash","floor":15,"key":"SMITH"}],"circlet_count":0,"master_deck":["AscendersBane","Strike_R","Strike_R","Strike_R","Strike_R","Defend_R","Defend_R","Defend_R","Defend_R","Bash+1","Burning Pact","Infernal Blade+1","Seeing Red+1","Immolate"],"relics":["Burning Blood","NeowsBlessing","Thread and Needle","Darkstone Periapt","Du-Vu Doll","TungstenRod"],"acts_visited":["Exordium"],"potions_floor_usage":[10,10,10,16],"damage_taken":[{"damage":0,"enemies":"Jaw Worm","floor":1,"turns":1},{"damage":0,"enemies":"Small Slimes","floor":4,"turns":1},{"damage":0,"enemies":"Lagavulin","floor":6,"turns":1},{"damage":10,"enemies":"3 Sentries","floor":10,"turns":7},{"damage":0,"enemies":"Cultist","floor":11,"turns":2},{"damage":13,"enemies":"Exordium Thugs","floor":12,"turns":5},{"damage":6,"enemies":"Looter","floor":14,"turns":3},{"damage":88,"enemies":"The Guardian","floor":16,"turns":15}],"seed_played":"-8075702811994353185","potions_obtained":[{"floor":1,"key":"Explosive Potion"},{"floor":10,"key":"ElixirPotion"},{"floor":12,"key":"Weak Potion"}],"is_trial":false,"path_per_floor":["M","$","?","M","?","E","T","R","T","E","M","M","R","M","R","B"],"character_chosen":"IRONCLAD","items_purchased":["EntropicBrew"],"campfire_rested":0,"item_purchase_floors":[2],"current_hp_per_floor":[74,74,74,75,75,75,75,75,75,71,75,68,68,68,68,0,0],"gold":128,"neow_bonus":"THREE_ENEMY_KILL","is_daily":false,"chose_seed":false,"campfire_upgraded":3,"win_rate":0.0,"timestamp":1608128478,"path_taken":["M","$","?","M","?","E","?","R","T","E","M","M","R","?","R","BOSS"],"items_purchased_type":["Potion"],"build_version":"2020-12-13","purchased_purges":0,"victory":false,"max_hp_per_floor":[75,75,75,75,75,75,75,75,75,75,75,75,75,75,75,75,75],"card_choices":[{"not_picked":["Entrench","Anger","Body Slam"],"picked":"SKIP","floor":1},{"not_picked":["Clothesline","Perfected Strike","Thunderclap"],"picked":"SKIP","floor":4},{"not_picked":["Feel No Pain","Iron Wave"],"picked":"Infernal Blade","floor":6},{"not_picked":["Whirlwind","Thunderclap","Sentinel"],"picked":"SKIP","floor":10},{"not_picked":["Havoc","Perfected Strike","Rupture"],"picked":"SKIP","floor":11},{"not_picked":["Intimidate","Thunderclap"],"picked":"Seeing Red","floor":12},{"not_picked":["Feel No Pain","Burning Pact"],"picked":"Immolate","floor":14}],"player_experience":1254607,"relics_obtained":[{"floor":6,"key":"Thread and Needle"},{"floor":7,"key":"Darkstone Periapt"},{"floor":9,"key":"Du-Vu Doll"},{"floor":10,"key":"TungstenRod"}],"event_choices":[{"damage_healed":0,"gold_gain":0,"player_choice":"Ignored","damage_taken":0,"max_hp_gain":0,"max_hp_loss":0,"event_name":"Golden Wing","floor":3,"gold_loss":0},{"damage_healed":0,"gold_gain":0,"cards_transformed":["Strike_R"],"player_choice":"Change","damage_taken":0,"max_hp_gain":0,"max_hp_loss":0,"event_name":"Living Wall","floor":5,"gold_loss":0,"cards_obtained":["Burning Pact"]}],"is_beta":false,"boss_relics":[],"items_purged_floors":[],"is_endless":false,"potions_floor_spawned":[1,4,10,12],"killed_by":"The Guardian","ascension_level":17}}