{"host":"8lcbm2v5cw7pb9tu","time":1608102059,"event":{"mods":["AchievementEnabler","BaseMod","Block Reminder","Colored Map","Colored Powertips","Highlight Path","Minty Spire (QoL Compilation)","Random Character Button","Rare Cards Sparkle","everything is the same but u backflip on backflip"],"gold_per_floor":[114,129,129,204,1,31,31,61,61,38,53,83,83,133,133,233,233,257,281,305,329,329,368,392,392,392,431,455,494,503,542,542,651,651,675,675,60,75,99,138,162,201,201,201,225,225,264,288,288,288],"floor_reached":51,"playtime":27231,"items_purged":["Corruption"],"score":1010,"play_id":"0755d693-c485-45b1-8cf9-3604d91861ca","local_time":"20201215230059","daily_mods":["Shiny","Green Cards","DeadlyEvents"],"is_ascension_mode":false,"campfire_choices":[{"data":"Limit Break","floor":7.0,"key":"SMITH"},{"data":"After Image","floor":13.0,"key":"SMITH"},{"data":"Barricade","floor":15.0,"key":"SMITH"},{"data":"Feed","floor":25.0,"key":"SMITH"},{"data":"Tools of the Trade","floor":32.0,"key":"SMITH"},{"data":"Adrenaline","floor":44,"key":"SMITH"},{"data":"Juggernaut","floor":49,"key":"SMITH"}],"circlet_count":0,"master_deck":["Venomology","Corpse Explosion","Malaise","Phantasmal Killer","Die Die Die","Adrenaline","Envenom","Doppelganger","Burst","Wraith Form v2","Tools of the Trade+1","Night Terror","Unload","After Image","Bullet Time","Storm of Steel","Glass Knife","A Thousand Cuts","Double Tap","Demon Form","Bludgeon","Feed+1","Limit Break+1","Barricade+1","Fiend Fire","Berserk","Impervious","Juggernaut+1","Brutality","Reaper","Exhume","Offering","Immolate","Cloak And Dagger","Headbutt","Forethought","Disarm","Dark Embrace","Ghostly Armor","Noxious Fumes","Anger","After Image+1","Adrenaline+1","CurseOfTheBell","Night Terror","Headbutt","PiercingWail+1","Backflip","Uppercut","Infernal Blade+1","Infinite Blades","Armaments+1","Anger+1","Decay","Rupture+1","Juggernaut","Slice+1","Panache","Infinite Blades","Skewer+1","Deadly Poison","Skewer+1","Backstab+1","Anger+1","Uppercut+1","Sever Soul+1","Prepared","Dagger Throw+1"],"relics":["Burning Blood","Self Forming Clay","Darkstone Periapt","Magic Flower","HornCleat","Art of War","Calling Bell","CeramicFish","Sundial","Du-Vu Doll","Gambling Chip","Bottled Lightning","Centennial Puzzle","Molten Egg 2","Bird Faced Urn","Runic Pyramid","Medical Kit","Toy Ornithopter","StrikeDummy","Pear","Omamori"],"acts_visited":[],"potions_floor_usage":[50,50,50,50],"damage_taken":[{"damage":10.0,"enemies":"Jaw Worm","floor":1.0,"turns":4.0},{"damage":15.0,"enemies":"Cultist","floor":2.0,"turns":3.0},{"damage":58.0,"enemies":"Gremlin Nob","floor":6.0,"turns":5.0},{"damage":1.0,"enemies":"Lagavulin","floor":8.0,"turns":10.0},{"damage":10.0,"enemies":"Small Slimes","floor":11.0,"turns":3.0},{"damage":16.0,"enemies":"3 Sentries","floor":12.0,"turns":3.0},{"damage":11.0,"enemies":"Hexaghost","floor":16.0,"turns":8.0},{"damage":15.0,"enemies":"Spheric Guardian","floor":18.0,"turns":6.0},{"damage":9.0,"enemies":"Chosen","floor":19.0,"turns":2.0},{"damage":14.0,"enemies":"Sentry and Sphere","floor":20.0,"turns":5.0},{"damage":20.0,"enemies":"Snake Plant","floor":21.0,"turns":3.0},{"damage":27.0,"enemies":"Gremlin Leader","floor":23.0,"turns":8.0},{"damage":12.0,"enemies":"Cultist and Chosen","floor":24.0,"turns":7.0},{"damage":11.0,"enemies":"Book of Stabbing","floor":27.0,"turns":4.0},{"damage":10.0,"enemies":"Snecko","floor":28.0,"turns":5.0},{"damage":29.0,"enemies":"Slavers","floor":29.0,"turns":7.0},{"damage":16.0,"enemies":"Gremlin Leader","floor":31.0,"turns":6.0},{"damage":52.0,"enemies":"Collector","floor":33.0,"turns":7.0},{"damage":33.0,"enemies":"3 Shapes","floor":35.0,"turns":7.0},{"damage":0.0,"enemies":"3 Darklings","floor":38.0,"turns":4.0},{"damage":13.0,"enemies":"Sphere and 2 Shapes","floor":39.0,"turns":3.0},{"damage":18.0,"enemies":"Giant Head","floor":40.0,"turns":6.0},{"damage":6.0,"enemies":"Maw","floor":41.0,"turns":8.0},{"damage":27,"enemies":"Reptomancer","floor":42,"turns":5},{"damage":14,"enemies":"Transient","floor":45,"turns":5},{"damage":12,"enemies":"Giant Head","floor":47,"turns":7},{"damage":28,"enemies":"Jaw Worm Horde","floor":48,"turns":3},{"damage":43,"enemies":"Time Eater","floor":50,"turns":6}],"seed_played":"-4415900096326374789","potions_obtained":[{"floor":2.0,"key":"SteroidPotion"},{"floor":23.0,"key":"DistilledChaos"},{"floor":24.0,"key":"Weak Potion"},{"floor":33.0,"key":"Block Potion"},{"floor":35.0,"key":"Strength Potion"},{"floor":41.0,"key":"DuplicationPotion"}],"is_trial":false,"path_per_floor":["M","M","?","?","$","E","R","E","T","$","M","E","R","T","R","B",null,"M","M","M","M","?","E","M","R","T","E","M","E","?","E","R","B",null,"M","?","$","M","M","E","M","E","T","R","M","?","E","M","R","B",null],"character_chosen":"IRONCLAD","items_purchased":["Forethought","Disarm","Dark Embrace","Anger","Panache","Infinite Blades","Skewer+1","Deadly Poison","Medical Kit","LiquidBronze"],"campfire_rested":0,"item_purchase_floors":[5,5,5,10,37,37,37,37,37,37],"current_hp_per_floor":[80,80,85,85,85,58,58,81,81,81,94,87,87,87,87,90,103,102,107,107,101,101,118,121,121,121,119,118,122,128,127,127,122,135,135,135,135,147,151,151,155,155,165,165,165,165,165,169,169,162],"gold":288,"neow_bonus":"","is_daily":true,"chose_seed":false,"campfire_upgraded":7,"win_rate":0.0,"timestamp":1608102059,"path_taken":["M","M","?","?","?","E","R","?","T","$","M","E","R","?","R","BOSS","M","M","M","M","?","E","M","R","T","E","?","E","?","E","R","BOSS","M","?","$","M","M","E","M","E","T","R","M","?","?","?","R","BOSS"],"items_purchased_type":["Card","Card","Card","Card","Card","Card","Card","Card","Relic","Potion"],"build_version":"2020-12-13","purchased_purges":1,"victory":true,"max_hp_per_floor":[80,80,85,85,85,88,88,91,91,91,94,94,94,94,94,97,103,106,109,112,115,115,118,121,121,121,121,121,125,131,135,135,135,135,147,147,147,147,151,151,155,155,165,165,165,165,165,169,169,173],"card_choices":[{"not_picked":["Poisoned Stab","Headbutt"],"picked":"Cloak And Dagger","floor":1.0},{"not_picked":["Bane","Dagger Throw"],"picked":"Headbutt","floor":2.0},{"not_picked":["Warcry","Heavy Blade"],"picked":"Ghostly Armor","floor":6.0},{"not_picked":["Ghostly Armor","Bouncing Flask"],"picked":"Noxious Fumes","floor":8.0},{"not_picked":["Flechettes","Poisoned Stab"],"picked":"After Image","floor":11.0},{"not_picked":["Blade Dance","Pummel"],"picked":"Anger","floor":12.0},{"not_picked":["Doppelganger","Night Terror"],"picked":"Adrenaline","floor":16.0},{"not_picked":["Blade Dance","Caltrops"],"picked":"Night Terror","floor":18.0},{"not_picked":["Warcry","Wild Strike"],"picked":"Headbutt","floor":19.0},{"not_picked":["Quick Slash","Pommel Strike"],"picked":"PiercingWail+1","floor":20.0},{"not_picked":["Iron Wave+1","Dodge and Roll+1"],"picked":"Backflip","floor":21.0},{"not_picked":["Sever Soul+1","Clash"],"picked":"Uppercut","floor":23.0},{"not_picked":["Sword Boomerang","Blood for Blood"],"picked":"Infernal Blade+1","floor":24.0},{"not_picked":["Thunderclap","Deflect"],"picked":"Infinite Blades","floor":27.0},{"not_picked":["Reflex","Limit Break"],"picked":"Armaments+1","floor":28.0},{"not_picked":["Reckless Charge+1","Dropkick+1"],"picked":"Anger+1","floor":29.0},{"not_picked":["Poisoned Stab+1","Shrug It Off"],"picked":"Rupture+1","floor":31.0},{"not_picked":["Malaise","Corruption"],"picked":"Juggernaut","floor":33.0},{"not_picked":["Havoc+1","Sword Boomerang+1"],"picked":"Slice+1","floor":35.0},{"not_picked":["Twin Strike+1","Body Slam+1","Quick Slash+1"],"picked":"SKIP","floor":38.0},{"not_picked":["Perfected Strike+1","Warcry"],"picked":"Skewer+1","floor":39.0},{"not_picked":["Bludgeon+1","Ghostly Armor"],"picked":"Backstab+1","floor":40.0},{"not_picked":["Intimidate","Reckless Charge+1"],"picked":"Anger+1","floor":41.0},{"not_picked":["Dodge and Roll+1","After Image"],"picked":"Uppercut+1","floor":42},{"not_picked":["Crippling Poison+1","Cleave+1"],"picked":"Sever Soul+1","floor":45},{"not_picked":["Dropkick+1","Intimidate"],"picked":"Prepared","floor":47},{"not_picked":["Anger+1","Iron Wave+1"],"picked":"Dagger Throw+1","floor":48}],"player_experience":414499,"relics_obtained":[{"floor":6.0,"key":"Self Forming Clay"},{"floor":8.0,"key":"Darkstone Periapt"},{"floor":9.0,"key":"Magic Flower"},{"floor":12.0,"key":"HornCleat"},{"floor":14.0,"key":"Art of War"},{"floor":17.0,"key":"CeramicFish"},{"floor":17.0,"key":"Sundial"},{"floor":17.0,"key":"Du-Vu Doll"},{"floor":23.0,"key":"Gambling Chip"},{"floor":26.0,"key":"Bottled Lightning"},{"floor":27.0,"key":"Centennial Puzzle"},{"floor":29.0,"key":"Molten Egg 2"},{"floor":31.0,"key":"Bird Faced Urn"},{"floor":40.0,"key":"Toy Ornithopter"},{"floor":42,"key":"StrikeDummy"},{"floor":43,"key":"Pear"},{"floor":47,"key":"Omamori"}],"event_choices":[{"damage_healed":0.0,"max_hp_gain":5.0,"max_hp_loss":0.0,"gold_gain":0.0,"event_name":"Big Fish","player_choice":"Donut","floor":3.0,"gold_loss":0.0,"damage_taken":0.0},{"damage_healed":0.0,"max_hp_gain":0.0,"max_hp_loss":0.0,"gold_gain":75.0,"event_name":"Golden Wing","player_choice":"Gained Gold","floor":4.0,"gold_loss":0.0,"damage_taken":0.0},{"cards_removed":["Grand Finale"],"damage_healed":0.0,"max_hp_gain":0.0,"max_hp_loss":0.0,"gold_gain":0.0,"event_name":"Back to Basics","player_choice":"Elegance","floor":22.0,"gold_loss":0.0,"damage_taken":0.0},{"damage_healed":0.0,"max_hp_gain":0.0,"max_hp_loss":0.0,"gold_gain":0.0,"event_name":"Forgotten Altar","player_choice":"Smashed Altar","floor":30.0,"gold_loss":0.0,"damage_taken":0.0,"cards_obtained":["Decay"]},{"cards_removed":["Anger"],"damage_healed":0.0,"max_hp_gain":0.0,"max_hp_loss":0.0,"gold_gain":0.0,"event_name":"Falling","player_choice":"Removed Attack","floor":36.0,"gold_loss":0.0,"damage_taken":0.0},{"damage_healed":0,"gold_gain":0,"player_choice":"Bought 0 Potions","damage_taken":0,"max_hp_gain":0,"max_hp_loss":0,"event_name":"The Woman in Blue","floor":46,"gold_loss":0}],"is_beta":false,"boss_relics":[{"not_picked":["SacredBark","Snecko Eye"],"picked":"Calling Bell"},{"not_picked":["Sozu","Astrolabe"],"picked":"Runic Pyramid"}],"items_purged_floors":[37],"is_endless":false,"potions_floor_spawned":[2,6,23,24,28,29,31,33,35,38,41,48],"ascension_level":0}}