{"host":"kh6fvhxn285ncg0o","time":1608089256,"event":{"mods":["Act Like it!","BaseMod","Colored Map","Friendly Minions","Keyboard Shortcuts","Minty Spire (QoL Compilation)","Quick Restart","Relic Stats","StSLib","SuperFastMode"],"gold_per_floor":[113,132,57,57,57,82,82,102,102,132,149,177,177,189,189,189,189],"floor_reached":16,"playtime":253,"items_purged":["Strike_R"],"score":290,"play_id":"def1e386-2e5d-4000-b745-b8f21ef66b7c","local_time":"20201216122736","is_ascension_mode":true,"campfire_choices":[{"data":"Dual Wield","floor":13,"key":"SMITH"},{"data":"Bash","floor":15,"key":"SMITH"}],"circlet_count":0,"master_deck":["AscendersBane","Strike_R","Strike_R","Strike_R","Strike_R","Defend_R","Defend_R","Defend_R","Defend_R","Bash+1","Carnage","Double Tap","Dropkick","Feel No Pain","Dual Wield+1","Feed"],"relics":["Burning Blood","NeowsBlessing","The Courier","Sundial","Matryoshka","Kunai"],"acts_visited":["Exordium"],"potions_floor_usage":[12,16],"damage_taken":[{"damage":0.0,"enemies":"Cultist","floor":1.0,"turns":1.0},{"damage":2.0,"enemies":"Small Slimes","floor":2.0,"turns":2.0},{"damage":0.0,"enemies":"Lagavulin","floor":6.0,"turns":1.0},{"damage":1.0,"enemies":"2 Louse","floor":8.0,"turns":3.0},{"damage":39.0,"enemies":"Gremlin Nob","floor":10.0,"turns":4.0},{"damage":11,"enemies":"2 Fungi Beasts","floor":11,"turns":3},{"damage":25,"enemies":"3 Sentries","floor":12,"turns":13},{"damage":11,"enemies":"Looter","floor":14,"turns":2},{"damage":29,"enemies":"Hexaghost","floor":16,"turns":9}],"seed_played":"-8665820471404659959","potions_obtained":[{"floor":1.0,"key":"BloodPotion"},{"floor":8.0,"key":"Strength Potion"},{"floor":12,"key":"SpeedPotion"}],"is_trial":false,"path_per_floor":["M","M","$","?","$","E","?","M","T","E","M","E","R","M","R","B"],"character_chosen":"IRONCLAD","items_purchased":[],"campfire_rested":0,"item_purchase_floors":[],"current_hp_per_floor":[74,75,75,75,75,75,75,75,75,42,37,18,18,13,13,0,0],"gold":189,"neow_bonus":"THREE_ENEMY_KILL","is_daily":false,"chose_seed":false,"campfire_upgraded":2,"win_rate":0.0,"timestamp":1608089256,"path_taken":["M","?","$","?","?","E","?","M","T","E","M","E","R","M","R","BOSS"],"items_purchased_type":[],"build_version":"2020-12-13","purchased_purges":1,"victory":false,"max_hp_per_floor":[75,75,75,75,75,75,75,75,75,75,75,75,75,75,75,75,75],"relic_stats":{"counters":[9,38],"Sundial":[4],"Kunai":[2],"obtain_stats":[{"Matryoshka":10,"NeowsBlessing":0,"Sundial":9,"The Courier":6,"Kunai":12,"Burning Blood":0},{"Matryoshka":5,"NeowsBlessing":0,"Sundial":4,"The Courier":3,"Kunai":7,"Burning Blood":0},{"Matryoshka":11,"NeowsBlessing":0,"Sundial":7,"The Courier":4,"Kunai":27,"Burning Blood":0}],"Burning Blood":34},"card_choices":[{"not_picked":["Ghostly Armor","Flame Barrier"],"picked":"Carnage","floor":2.0},{"not_picked":["True Grit","Sword Boomerang"],"picked":"Dropkick","floor":6.0},{"not_picked":["Sword Boomerang","Heavy Blade","Thunderclap"],"picked":"SKIP","floor":8.0},{"not_picked":["Body Slam","Shrug It Off"],"picked":"Feel No Pain","floor":10.0},{"not_picked":["Twin Strike","Inflame"],"picked":"Dual Wield","floor":11},{"not_picked":["Thunderclap","Hemokinesis","Rampage"],"picked":"SKIP","floor":12},{"not_picked":["Rupture","Thunderclap"],"picked":"Feed","floor":14}],"player_experience":3190704,"relics_obtained":[{"floor":6.0,"key":"The Courier"},{"floor":9.0,"key":"Sundial"},{"floor":10.0,"key":"Matryoshka"},{"floor":12,"key":"Kunai"}],"event_choices":[{"damage_healed":0.0,"max_hp_gain":0.0,"max_hp_loss":0.0,"gold_gain":0.0,"event_name":"Match and Keep!","player_choice":"1 cards matched","floor":4.0,"gold_loss":0.0,"damage_taken":0.0,"cards_obtained":["Double Tap"]},{"damage_healed":0.0,"max_hp_gain":0.0,"max_hp_loss":0.0,"gold_gain":0.0,"event_name":"Liars Game","player_choice":"Ignored","floor":7.0,"gold_loss":0.0,"damage_taken":0.0}],"is_beta":false,"boss_relics":[],"items_purged_floors":[3],"is_endless":false,"potions_floor_spawned":[1,8,12],"killed_by":"Hexaghost","ascension_level":20}}