{"host":"7r6bd5ce6zscnmwq","time":1608088000,"event":{"mods":["BaseMod","Better Altar","Better Match","Better Note","Better Sensory Stone","Better Skull","Better Third Choice","Better Vampires","Block Reminder","Colored Powertips","Displayed Cursed Tome","Minty Spire (QoL Compilation)","Permanent Neow","Quick Restart","Shop Mod","Spicy Shops","StSLib"],"gold_per_floor":[110,75,75,86,86,86,36,55,55,10,29,41,71,83,83,185,185,185,185,205,223,233,233,233,259,259,278,203,19,19,19,19],"floor_reached":31,"playtime":1468,"items_purged":[],"score":411,"play_id":"9215f3bd-8b52-49fe-ad16-42d64c6f8a44","local_time":"20201216120640","is_ascension_mode":true,"campfire_choices":[{"data":"Neutralize","floor":6.0,"key":"SMITH"},{"data":"Glass Knife","floor":15.0,"key":"SMITH"},{"data":"Deflect","floor":23,"key":"SMITH"}],"circlet_count":0,"master_deck":["AscendersBane","Strike_G","Strike_G","Strike_G","Strike_G","Defend_G","Defend_G","Defend_G","Defend_G","Survivor","Neutralize+1","PiercingWail","Deflect+1","Blade Dance","Backstab","Deadly Poison","Bane","Glass Knife+1","Finisher","A Thousand Cuts","CurseOfTheBell","Ghostly","Ghostly","Ghostly","Ghostly","Ghostly","Poisoned Stab","Sadistic Nature"],"relics":["Ring of the Snake","Snake Skull","Happy Flower","Matryoshka","Calling Bell","Strawberry","Blue Candle","Pocketwatch","Gremlin Horn","Art of War","Akabeko","Peace Pipe"],"acts_visited":["Exordium","TheCity"],"potions_floor_usage":[18,20,22],"damage_taken":[{"damage":7.0,"enemies":"2 Louse","floor":1.0,"turns":4.0},{"damage":3.0,"enemies":"Jaw Worm","floor":4.0,"turns":6.0},{"damage":0.0,"enemies":"Small Slimes","floor":8.0,"turns":4.0},{"damage":0.0,"enemies":"2 Fungi Beasts","floor":11.0,"turns":3.0},{"damage":0.0,"enemies":"3 Louse","floor":12.0,"turns":4.0},{"damage":16.0,"enemies":"3 Sentries","floor":13.0,"turns":10.0},{"damage":0.0,"enemies":"Looter","floor":14.0,"turns":1.0},{"damage":8.0,"enemies":"Hexaghost","floor":16.0,"turns":9.0},{"damage":0,"enemies":"Spheric Guardian","floor":18,"turns":1},{"damage":3,"enemies":"2 Thieves","floor":20,"turns":5},{"damage":5,"enemies":"Chosen and Byrds","floor":21,"turns":7},{"damage":4,"enemies":"Snake Plant","floor":22,"turns":4},{"damage":15,"enemies":"Slavers","floor":25,"turns":8},{"damage":6,"enemies":"Cultist and Chosen","floor":27,"turns":7},{"damage":0,"enemies":"Shelled Parasite and Fungi","floor":31,"turns":2}],"seed_played":"-9202554972281361396","potions_obtained":[{"floor":11.0,"key":"Weak Potion"},{"floor":12.0,"key":"Energy Potion"},{"floor":13.0,"key":"SmokeBomb"},{"floor":21,"key":"Strength Potion"},{"floor":22,"key":"Ancient Potion"}],"is_trial":false,"path_per_floor":["M","?","?","M","?","R","$","M","T","$","M","M","E","M","R","B",null,"M","?","M","M","M","R","?","E","T","M","?","$","?","M"],"character_chosen":"THE_SILENT","items_purchased":["Blade Dance","Deadly Poison","Sadistic Nature"],"campfire_rested":0,"item_purchase_floors":[7,10,29],"current_hp_per_floor":[56,70,67,64,64,64,64,64,64,64,64,64,48,48,48,40,70,70,38,35,30,26,26,26,11,11,5,5,5,5,5,5],"gold":19,"neow_bonus":"REMOVE_CARD","is_daily":false,"chose_seed":false,"campfire_upgraded":3,"win_rate":0.0,"timestamp":1608088000,"path_taken":["M","?","?","M","?","R","$","M","T","$","M","M","E","?","R","BOSS","M","?","M","M","M","R","?","E","T","M","?","?","?","M"],"items_purchased_type":["Card","Card","Card"],"build_version":"2020-12-13","purchased_purges":0,"victory":false,"max_hp_per_floor":[70,70,70,70,70,70,70,70,70,70,70,70,70,70,70,70,77,77,38,38,38,38,38,38,38,38,38,38,38,38,38,38],"card_choices":[{"not_picked":["Bane","Sucker Punch"],"picked":"PiercingWail","floor":1.0},{"not_picked":["Skewer","Underhanded Strike"],"picked":"Deflect","floor":4.0},{"not_picked":["Choke","Prepared"],"picked":"Backstab","floor":8.0},{"not_picked":["Masterful Stab","Eviscerate"],"picked":"Bane","floor":11.0},{"not_picked":["Predator","Deadly Poison","Caltrops"],"picked":"SKIP","floor":12.0},{"not_picked":["Predator","Deadly Poison","Caltrops"],"picked":"SKIP","floor":12.0},{"not_picked":["Dagger Throw","Sucker Punch"],"picked":"Glass Knife","floor":13.0},{"not_picked":["Dagger Throw","Outmaneuver"],"picked":"Finisher","floor":14.0},{"not_picked":["Grand Finale","Malaise"],"picked":"A Thousand Cuts","floor":16.0},{"not_picked":["Prepared","PiercingWail"],"picked":"Poisoned Stab","floor":20},{"not_picked":["All Out Attack","Reflex","Bane"],"picked":"SKIP","floor":21},{"not_picked":["Outmaneuver","Storm of Steel","Reflex"],"picked":"SKIP","floor":22},{"not_picked":["Skewer","Deflect+1","Distraction"],"picked":"SKIP","floor":25},{"not_picked":["Well Laid Plans","Outmaneuver","Deadly Poison+1"],"picked":"SKIP","floor":27}],"player_experience":595062,"relics_obtained":[{"floor":9.0,"key":"Happy Flower"},{"floor":13.0,"key":"Matryoshka"},{"floor":17.0,"key":"Strawberry"},{"floor":17.0,"key":"Blue Candle"},{"floor":17.0,"key":"Pocketwatch"},{"floor":25,"key":"Art of War"},{"floor":26,"key":"Akabeko"},{"floor":26,"key":"Peace Pipe"}],"event_choices":[{"damage_healed":17.0,"max_hp_gain":0.0,"max_hp_loss":0.0,"gold_gain":0.0,"event_name":"The Cleric","player_choice":"Healed","floor":2.0,"gold_loss":35.0,"damage_taken":0.0},{"damage_healed":0.0,"max_hp_gain":0.0,"max_hp_loss":0.0,"gold_gain":0.0,"event_name":"betterThird:BetterScrap","player_choice":"Relic ","floor":3.0,"gold_loss":0.0,"damage_taken":3.0,"cards_obtained":["Uppercut"]},{"damage_healed":0.0,"max_hp_gain":0.0,"max_hp_loss":0.0,"gold_gain":0.0,"event_name":"betterThird:BetterSerpent","player_choice":"Ignored","floor":5.0,"gold_loss":0.0,"damage_taken":86.0},{"damage_healed":0,"gold_gain":0,"player_choice":"Became a Ghost","damage_taken":0,"max_hp_gain":0,"max_hp_loss":39,"event_name":"Ghosts","floor":19,"gold_loss":0,"cards_obtained":["Ghostly","Ghostly","Ghostly","Ghostly","Ghostly"]},{"damage_healed":0,"gold_gain":0,"player_choice":"Opened","damage_taken":0,"relics_obtained":["Gremlin Horn"],"max_hp_gain":0,"max_hp_loss":0,"event_name":"The Mausoleum","floor":24,"gold_loss":0,"cards_obtained":["Writhe"]},{"cards_removed":["Writhe"],"damage_healed":0,"gold_gain":0,"player_choice":"Gave Gold","damage_taken":0,"max_hp_gain":0,"max_hp_loss":0,"event_name":"Beggar","floor":28,"gold_loss":75},{"cards_removed":["Defend_G"],"damage_healed":0,"gold_gain":0,"player_choice":"Purged","damage_taken":0,"max_hp_gain":0,"max_hp_loss":0,"event_name":"Purifier","floor":30,"gold_loss":0}],"is_beta":false,"boss_relics":[{"not_picked":["Runic Pyramid","Ectoplasm"],"picked":"Calling Bell"}],"items_purged_floors":[],"is_endless":false,"potions_floor_spawned":[11,12,13,21,22],"killed_by":"Shelled Parasite and Fungi","ascension_level":10}}