{"host":"rw7a2h039i1hcs3q","time":1608107809,"event":{"mods":["2.2 Compatiblity","Act Like it!","BaseMod","Better Altar","Better Match","Better Note","Better Sensory Stone","Better Skull","Better Third Choice","Booster Modes","Colored Powertips","Conspire","Halation","Hallownest","Hermit","Highlight Path","Hubris","Infinite Spire","Ironclad Rager","Jedi Mod","Minty Spire (QoL Compilation)","Random Character Button","Replay The Spire","StSLib","The Bug Knight","The Cursed","The Disciple","The Hierophant","Unceasing Turn Reminder","Unknown Chances"],"gold_per_floor":[14,28,28,42,54,82,82,98,98,98,23,23,23,51,51,146,146,161,161,161,174,174,174,74,87,112,112,32,32,67,79,79,79,79,183,183,201,201,221,237,237,268,268,188,188,202,202,218,234,62,62,159],"floor_reached":53,"playtime":2460,"items_purged":["SwitchConfidence","Cloak And Dagger","Survivor"],"score":955,"play_id":"36861219-1fbf-41f1-9227-fc1ab7cdb1e2","local_time":"20201216093649","is_ascension_mode":true,"campfire_choices":[{"data":"ReplayTheSpireMod:Necrosis","floor":7.0,"key":"SMITH"},{"floor":10.0,"key":"REST"},{"floor":13.0,"key":"REST"},{"data":"ReplayTheSpireMod:Speed Training","floor":15.0,"key":"SMITH"},{"data":"ReplayTheSpireMod:From All Sides","floor":23.0,"key":"SMITH"},{"data":"Glass Knife","floor":27.0,"key":"SMITH"},{"data":"ICR:Cloudkill","floor":29.0,"key":"SMITH"},{"floor":34.0,"key":"DIG"},{"data":"Replay:Bootleg Shield Generator","floor":43,"key":"SMITH"},{"data":"Hallownest:attackMasterDashSlash","floor":51,"key":"SMITH"}],"circlet_count":0,"master_deck":["Neutralize","Poisoned Stab","Poisoned Stab","Poisoned Stab","Poisoned Stab","Dodge and Roll+1","Dodge and Roll+1","Dodge and Roll+1","Dodge and Roll+1","Dodge and Roll+1","ReplayTheSpireMod:Speed Training+1","ReplayTheSpireMod:Necrosis+1","Glass Knife+1","ReplayTheSpireMod:From All Sides+1","Backflip","ICR:Cloudkill+1","Footwork","Quick Slash+1","Backflip","Replay:Bootleg Shield Generator+1","Replay:Sssssssssstrike","Prepared+1","Backflip+1","Hallownest:attackMasterDashSlash+1","Acrobatics","Noxious Fumes+1","Backflip"],"relics":["Ring of the Snake","Art of War","Replay:Bottled Eggs","Ornamental Fan","hubris:RunicObelisk","hubris:Icosahedron","infinitespire:CheckeredPen","halation:LettersToHer","Replay:Bronze Core","jedi:heavyjacket","infinitespire:ShieldingShard"],"acts_visited":["Exordium","Exordium","Hallownest:CityofTears"],"potions_floor_usage":[40,46,52,52],"damage_taken":[{"damage":0.0,"enemies":"Cultist","floor":1.0,"turns":3.0},{"damage":2.0,"enemies":"Small Slimes","floor":2.0,"turns":3.0},{"damage":0.0,"enemies":"2 Louse","floor":4.0,"turns":2.0},{"damage":0.0,"enemies":"conspire:2 RoseBushes","floor":5.0,"turns":6.0},{"damage":17.0,"enemies":"Gremlin Nob","floor":6.0,"turns":4.0},{"damage":7.0,"enemies":"3 Louse","floor":8.0,"turns":4.0},{"damage":7.0,"enemies":"HollowMod:MossKnight","floor":14.0,"turns":7.0},{"damage":0.0,"enemies":"Hexaghost","floor":16.0,"turns":10.0},{"damage":6.0,"enemies":"Hallownest:2_Mistakes","floor":18.0,"turns":7.0},{"damage":0.0,"enemies":"Hallownest:Guard_and_Sentry","floor":21.0,"turns":5.0},{"damage":10.0,"enemies":"Hallownest:monsterMisterMushroom","floor":25.0,"turns":4.0},{"damage":0.0,"enemies":"Hallownest:eliteSoulWarrior","floor":30.0,"turns":5.0},{"damage":5.0,"enemies":"Hallownest:3_Mistakes","floor":31.0,"turns":5.0},{"damage":12.0,"enemies":"Hallownest:BossMantisLord","floor":35.0,"turns":5.0},{"damage":0,"enemies":"Hallownest:Shield_Heavy","floor":37,"turns":5},{"damage":5,"enemies":"Hallownest:2_Littles","floor":39,"turns":4},{"damage":0,"enemies":"Hallownest:2_Soldiers_and_1_Guardian","floor":40,"turns":6},{"damage":0,"enemies":"Hallownest:eliteCollector","floor":42,"turns":8},{"damage":0,"enemies":"Hallownest:Shield_Sturdy","floor":46,"turns":5},{"damage":0,"enemies":"Hallownest:monsterPrimalAspid","floor":48,"turns":3},{"damage":0,"enemies":"Hallownest:2_Great","floor":49,"turns":5},{"damage":0,"enemies":"Hallownest:Radiance","floor":52,"turns":10}],"seed_played":"5300215993527488515","potions_obtained":[{"floor":2.0,"key":"Swift Potion"},{"floor":8.0,"key":"Weak Potion"},{"floor":14.0,"key":"Reflective Coating"},{"floor":16.0,"key":"BlessingOfTheForge"},{"floor":18.0,"key":"Reflective Coating"},{"floor":31.0,"key":"Regen Potion"},{"floor":39,"key":"Poison Potion"},{"floor":46,"key":"Dexterity Potion"},{"floor":48,"key":"Fire Potion"}],"is_trial":false,"path_per_floor":["M","M","$","M","M","E","R","M","T","R","$","?","R","E","R","B",null,"M","?","?","M","?","R","$","M","T","R","$","R","E","M","PTL","PTL","R","B",null,"M","?","M","M","?","E","R","?","T","M","?","M","M","$","R","B",null],"character_chosen":"THE_SILENT","items_purchased":["ICR:Cloudkill","Backflip"],"campfire_rested":2,"item_purchase_floors":[28,50],"current_hp_per_floor":[45,43,43,43,43,26,26,19,19,37,37,37,55,48,48,48,63,57,57,57,57,60,60,60,50,50,50,50,50,50,63,63,63,63,63,63,63,63,58,58,63,63,63,63,63,63,63,63,63,63,63,63],"gold":159,"neow_bonus":"SILENT_ASSASSIN","is_daily":false,"chose_seed":false,"campfire_upgraded":7,"win_rate":0.0,"timestamp":1608107809,"path_taken":["M","?","$","M","M","E","R","M","T","R","$","?","R","E","R","BOSS","M","?","?","M","?","R","$","?","T","R","$","R","E","M","PTL","PTL","R","BOSS","M","?","M","M","?","E","R","?","T","?","?","M","M","$","R","BOSS"],"items_purchased_type":["Card","Card"],"build_version":"2020-12-13","purchased_purges":3,"victory":true,"max_hp_per_floor":[63,63,63,63,63,63,63,63,63,63,63,63,63,63,63,63,63,63,63,63,63,63,63,63,63,63,63,63,63,63,63,63,63,63,63,63,63,63,63,63,63,63,63,63,63,63,63,63,63,63,63,63],"card_choices":[{"not_picked":["Acrobatics","Underhanded Strike"],"picked":"ReplayTheSpireMod:Speed Training","floor":1.0},{"not_picked":["hubris:TrickCloak","Sucker Punch","hubris:SlightOfHand"],"picked":"SKIP","floor":2.0},{"not_picked":["Poisoned Stab","Sneak Up","Bouncing Flask"],"picked":"SKIP","floor":4.0},{"not_picked":["Dodge and Roll","Cloak And Dagger","Outmaneuver"],"picked":"SKIP","floor":5.0},{"not_picked":["Dodge and Roll","Outmaneuver"],"picked":"Cloak And Dagger","floor":5.0},{"not_picked":["Toxin Wave","Terror"],"picked":"ReplayTheSpireMod:Necrosis","floor":6.0},{"not_picked":["hubris:SlightOfHand","Distraction","ReplayTheSpireMod:Shiv Toss"],"picked":"SKIP","floor":8.0},{"not_picked":["hubris:SlightOfHand","Deadly Poison"],"picked":"Glass Knife","floor":14.0},{"not_picked":["Corpse Explosion","Bullet Time"],"picked":"ReplayTheSpireMod:From All Sides","floor":16.0},{"not_picked":["Riddle With Holes","Caltrops+1"],"picked":"Backflip","floor":18.0},{"not_picked":["Flying Knee","Tactician","Deadly Poison"],"picked":"SKIP","floor":21.0},{"not_picked":["Sneak Up","hubris:Counter","Hidden Blade"],"picked":"SKIP","floor":25.0},{"not_picked":["Calculated Gamble","Underhanded Strike"],"picked":"Footwork","floor":30.0},{"not_picked":["Sucker Punch","Cloak And Dagger"],"picked":"Quick Slash+1","floor":31.0},{"not_picked":["Underhanded Strike+1","Bane+1"],"picked":"Backflip","floor":37},{"not_picked":["Dramatic Entrance","Jack Of All Trades"],"picked":"Replay:Bootleg Shield Generator","floor":38},{"not_picked":["ReplayTheSpireMod:Uncanny Aura","ReplayTheSpireMod:Necrogeddon"],"picked":"Replay:Sssssssssstrike","floor":38},{"not_picked":["jedi:pocketpoison","Dodge and Roll"],"picked":"Prepared+1","floor":39},{"not_picked":["hubris:Counter","Dagger Spray+1"],"picked":"Backflip+1","floor":40},{"not_picked":["Accuracy","Dagger Throw","Slice+1"],"picked":"SKIP","floor":42},{"not_picked":["Deflect","jedi:poisonivy"],"picked":"Acrobatics","floor":46},{"not_picked":["jedi:rejectivetoxin","Underhanded Strike","Bane"],"picked":"SKIP","floor":48},{"not_picked":["ReplayTheSpireMod:Scrap Shanks","Prepared"],"picked":"Noxious Fumes+1","floor":49}],"player_experience":133334,"relics_obtained":[{"floor":6.0,"key":"Art of War"},{"floor":9.0,"key":"Replay:Bottled Eggs"},{"floor":14.0,"key":"Ornamental Fan"},{"floor":30.0,"key":"infinitespire:CheckeredPen"},{"floor":34.0,"key":"halation:LettersToHer"},{"floor":42,"key":"jedi:heavyjacket"},{"floor":45,"key":"halation:LettersToHer"},{"floor":45,"key":"infinitespire:ShieldingShard"}],"event_choices":[{"damage_healed":0.0,"max_hp_gain":0.0,"max_hp_loss":0.0,"gold_gain":0.0,"event_name":"conspire:LoneGhost","player_choice":"Disagree","floor":12.0,"gold_loss":0.0,"damage_taken":0.0},{"damage_healed":3.0,"max_hp_gain":0.0,"max_hp_loss":0.0,"gold_gain":0.0,"event_name":"betterSkull:BetterSkull","player_choice":"LEAVE ","floor":22.0,"gold_loss":0.0,"damage_taken":0.0,"cards_upgraded":[],"relics_obtained":[]},{"damage_healed":0,"gold_gain":3,"player_choice":"1","damage_taken":0,"max_hp_gain":0,"max_hp_loss":0,"event_name":"betterStone:BetterStone","floor":38,"gold_loss":0},{"damage_healed":0,"gold_gain":0,"player_choice":"Leave","damage_taken":0,"max_hp_gain":0,"max_hp_loss":0,"event_name":"conspire:Investor","floor":47,"gold_loss":0}],"is_beta":false,"boss_relics":[{"not_picked":["hubris:VirtuousBlindfold","halation:Risk"],"picked":"hubris:RunicObelisk"},{"not_picked":["Pandora\u0027s Box","Busted Crown"],"picked":"Replay:Bronze Core"}],"items_purged_floors":[11,24,50],"is_endless":false,"potions_floor_spawned":[2,8,14,16,18,21,31,39,46,48],"ascension_level":1}}