{"host":"684z1xpuwaoqmmh1","time":1608142488,"event":{"mods":["Bard","BaseMod","Downfall","Hermit","Jorbs\u0027s Wanderer Trilogy","Marisa????????","Minty Spire (QoL Compilation)","StSLib","The Hierophant","The Mystic","The Runesmith"],"gold_per_floor":[99,113,38,55,87,101,173,173,201,201,221,131,143,293,313,313,313],"floor_reached":16,"playtime":855,"items_purged":["champ:Strike"],"score":162,"play_id":"a9878fde-2ab8-44dc-9092-414a948b7d9c","local_time":"20201216201448","is_ascension_mode":true,"campfire_choices":[{"floor":1,"key":"RECALL"},{"data":"champ:Taunt","floor":3,"key":"SMITH"},{"floor":10,"key":"REST"}],"circlet_count":0,"master_deck":["champ:Strike","champ:Strike","champ:Strike","champ:Defend","champ:Defend","champ:Defend","champ:Defend","champ:Execute","champ:Taunt+1","champ:ShieldSigil","champ:EndlessRage","champ:DefensiveStyle","champ:RisingSlash","champ:Backstep","champ:CalledShot","champ:FanOfKnives","champ:GutPunch","Slimebound:Icky","champ:CrownThrow"],"relics":["champ:ChampionCrown","Regal Pillow","downfall:HeartBlessingRed","Runesmith:AutoHammer","champ:SpectersHand","Ornamental Fan","Blood Vial"],"acts_visited":["Exordium"],"potions_floor_usage":[9,16],"damage_taken":[{"damage":0,"enemies":"2 Louse","floor":2,"turns":3},{"damage":12,"enemies":"Jaw Worm","floor":4,"turns":3},{"damage":45,"enemies":"Lagavulin","floor":5,"turns":7},{"damage":5,"enemies":"Cultist","floor":6,"turns":2},{"damage":26,"enemies":"3 Sentries","floor":9,"turns":8},{"damage":6,"enemies":"Gremlin Gang","floor":11,"turns":5},{"damage":10,"enemies":"downfall:FleeingMerchant","floor":12,"turns":4},{"damage":7,"enemies":"Large Slime","floor":13,"turns":2},{"damage":5,"enemies":"3 Louse","floor":15,"turns":3},{"damage":89,"enemies":"downfall:Defect","floor":16,"turns":8}],"seed_played":"6154996744464851711","potions_obtained":[{"floor":2,"key":"Ancient Potion"},{"floor":4,"key":"Fruit Juice"},{"floor":5,"key":"FearPotion"},{"floor":13,"key":"SteroidPotion"}],"is_trial":false,"path_per_floor":["R","M","R","M","E","M","T","?","E","R","M","$","M","?","M","B"],"character_chosen":"THE_CHAMP","items_purchased":[],"campfire_rested":1,"item_purchase_floors":[],"current_hp_per_floor":[81,81,81,74,40,40,40,28,13,56,57,61,61,61,63,0,0],"gold":313,"neow_bonus":"RANDOM_COMMON_RELIC","is_daily":false,"chose_seed":false,"campfire_upgraded":1,"win_rate":0.0,"timestamp":1608142488,"path_taken":["R","M","R","M","E","M","T","?","E","R","M","$","M","?","M","BOSS"],"items_purchased_type":[],"build_version":"2020-12-13","purchased_purges":1,"victory":false,"max_hp_per_floor":[90,90,90,90,90,90,90,90,95,95,95,95,95,95,95,95,95],"card_choices":[{"not_picked":["champ:PreciseThrust","champ:ViciousMockery"],"picked":"champ:ShieldSigil","floor":2},{"not_picked":["champ:Haymaker","champ:Circumvent"],"picked":"champ:EndlessRage","floor":4},{"not_picked":["champ:EnragedBash","champ:BringItOn"],"picked":"champ:DefensiveStyle","floor":5},{"not_picked":["champ:SwordSigil","champ:RageSigil"],"picked":"champ:RisingSlash","floor":6},{"not_picked":["champ:CrookedStrike","champ:StrikeOfGenius"],"picked":"champ:Backstep","floor":9},{"not_picked":["champ:PerfectedStrike","champ:Encircle"],"picked":"champ:CalledShot","floor":11},{"not_picked":["champ:BladeFlurry","champ:CrookedStrike"],"picked":"champ:FanOfKnives","floor":12},{"not_picked":["champ:StanceDance","champ:Encircle"],"picked":"champ:GutPunch","floor":13},{"not_picked":["champ:BerserkersShout","champ:BladeFlurry"],"picked":"champ:CrownThrow","floor":15}],"player_experience":2333145,"relics_obtained":[{"floor":5,"key":"Runesmith:AutoHammer"},{"floor":7,"key":"champ:SpectersHand"},{"floor":9,"key":"Blood Vial"}],"event_choices":[{"damage_healed":0,"gold_gain":0,"player_choice":"Success","damage_taken":12,"relics_obtained":["Ornamental Fan"],"max_hp_gain":0,"max_hp_loss":0,"event_name":"Scrap Ooze","floor":8,"gold_loss":0}],"is_beta":false,"boss_relics":[],"items_purged_floors":[12],"is_endless":false,"potions_floor_spawned":[2,4,5,13],"killed_by":"downfall:Defect","ascension_level":9}}