{"host":"i4eavuqabbk5mi94","time":1608126650,"event":{"mods":["BaseMod","Googly Eyes","Minty Spire (QoL Compilation)"],"gold_per_floor":[118,118,118,88,108,108,122,134,185,198,273,302,314,10,10,110,110,125,136,147,147,72,72,72],"floor_reached":23,"playtime":890,"items_purged":[],"score":237,"play_id":"c29ef3bf-0898-4ef5-aae5-a19f9a79fa5f","local_time":"20201216135050","is_ascension_mode":true,"campfire_choices":[{"data":"Neutralize","floor":6,"key":"SMITH"},{"floor":15,"key":"REST"}],"circlet_count":0,"master_deck":["Strike_G","Strike_G+1","Strike_G","Strike_G","Defend_G","Defend_G","Defend_G+1","Defend_G","Survivor","Neutralize+1","Dagger Throw","Quick Slash","PiercingWail","Cloak And Dagger","Backflip","Blade Dance","Footwork","Catalyst","Flying Knee","Storm of Steel","Accuracy+1","Reflex","Leg Sweep+1","Ghostly","Ghostly","Ghostly","Ghostly","Ghostly"],"relics":["Ring of the Snake","NeowsBlessing","Bag of Marbles","Dream Catcher","TwistedFunnel","Black Star"],"acts_visited":["Exordium","TheCity"],"potions_floor_usage":[10,10,12,16,16,18,20],"damage_taken":[{"damage":0,"enemies":"Jaw Worm","floor":1,"turns":1},{"damage":0,"enemies":"Small Slimes","floor":5,"turns":1},{"damage":0,"enemies":"2 Louse","floor":7,"turns":1},{"damage":1,"enemies":"Red Slaver","floor":8,"turns":3},{"damage":15,"enemies":"Gremlin Gang","floor":10,"turns":4},{"damage":18,"enemies":"Lagavulin","floor":12,"turns":8},{"damage":2,"enemies":"2 Fungi Beasts","floor":13,"turns":3},{"damage":10,"enemies":"Hexaghost","floor":16,"turns":12},{"damage":12,"enemies":"Shell Parasite","floor":18,"turns":9},{"damage":22,"enemies":"Spheric Guardian","floor":19,"turns":4},{"damage":24,"enemies":"Chosen and Byrds","floor":20,"turns":5},{"damage":13,"enemies":"Gremlin Leader","floor":23,"turns":2}],"seed_played":"360726637804107289","potions_obtained":[{"floor":1,"key":"Energy Potion"},{"floor":4,"key":"Dexterity Potion"},{"floor":4,"key":"Energy Potion"},{"floor":13,"key":"Regen Potion"},{"floor":16,"key":"DistilledChaos"},{"floor":18,"key":"Fire Potion"}],"is_trial":false,"path_per_floor":["M","?","?","?","M","R","M","M","T","M","?","E","M","$","R","B",null,"M","M","M","?","?","E"],"character_chosen":"THE_SILENT","items_purchased":["Footwork","TwistedFunnel","Catalyst","Block Potion"],"campfire_rested":1,"item_purchase_floors":[14,14,14,14],"current_hp_per_floor":[70,56,56,56,56,56,56,55,55,40,29,11,9,9,30,35,70,58,36,12,12,12,0,0],"gold":72,"neow_bonus":"THREE_ENEMY_KILL","is_daily":false,"chose_seed":false,"campfire_upgraded":1,"win_rate":0.0,"timestamp":1608126650,"path_taken":["M","?","?","?","?","R","M","?","T","M","?","E","M","$","R","BOSS","M","M","M","?","?","E"],"items_purchased_type":["Card","Relic","Card","Potion"],"build_version":"2020-12-13","purchased_purges":0,"victory":false,"max_hp_per_floor":[70,70,70,70,70,70,70,70,70,70,70,70,70,70,70,70,70,70,70,70,35,35,35,35],"card_choices":[{"not_picked":["Eviscerate","Bouncing Flask"],"picked":"Dagger Throw","floor":1},{"not_picked":["Flying Knee","Bane"],"picked":"Quick Slash","floor":5},{"not_picked":["Dash","Accuracy"],"picked":"PiercingWail","floor":7},{"not_picked":["Choke","Distraction"],"picked":"Cloak And Dagger","floor":8},{"not_picked":["Dagger Throw","Flechettes","PiercingWail"],"picked":"SKIP","floor":10},{"not_picked":["Prepared","Expertise"],"picked":"Backflip","floor":12},{"not_picked":["All Out Attack","Cloak And Dagger"],"picked":"Blade Dance","floor":13},{"not_picked":["Slice","PiercingWail"],"picked":"Flying Knee","floor":15},{"not_picked":["Grand Finale","Phantasmal Killer"],"picked":"Storm of Steel","floor":16},{"not_picked":["Finisher+1","PiercingWail"],"picked":"Accuracy+1","floor":18},{"not_picked":["Quick Slash","Flying Knee"],"picked":"Reflex","floor":19},{"not_picked":["Masterful Stab","Deflect"],"picked":"Leg Sweep+1","floor":20}],"player_experience":343540,"relics_obtained":[{"floor":9,"key":"Bag of Marbles"},{"floor":12,"key":"Dream Catcher"}],"event_choices":[{"damage_healed":0,"gold_gain":0,"player_choice":"Entered Light","damage_taken":14,"max_hp_gain":0,"max_hp_loss":0,"event_name":"Shining Light","floor":2,"gold_loss":0,"cards_upgraded":["Strike_G","Defend_G"]},{"cards_removed":["Defend_G"],"damage_healed":0,"gold_gain":0,"player_choice":"Forget","damage_taken":0,"max_hp_gain":0,"max_hp_loss":0,"event_name":"Living Wall","floor":3,"gold_loss":0},{"damage_healed":0,"gold_gain":0,"player_choice":"Bought 2 Potions","damage_taken":0,"max_hp_gain":0,"max_hp_loss":0,"event_name":"The Woman in Blue","floor":4,"gold_loss":0},{"damage_healed":0,"gold_gain":75,"player_choice":"Gather Gold","damage_taken":11,"max_hp_gain":0,"max_hp_loss":0,"event_name":"World of Goop","floor":11,"gold_loss":0},{"damage_healed":0,"gold_gain":0,"player_choice":"Became a Ghost","damage_taken":0,"max_hp_gain":0,"max_hp_loss":35,"event_name":"Ghosts","floor":21,"gold_loss":0,"cards_obtained":["Ghostly","Ghostly","Ghostly","Ghostly","Ghostly"]},{"cards_removed":["Strike_G"],"damage_healed":0,"gold_gain":0,"player_choice":"Gave Gold","damage_taken":0,"max_hp_gain":0,"max_hp_loss":0,"event_name":"Beggar","floor":22,"gold_loss":75}],"is_beta":false,"boss_relics":[{"not_picked":["Philosopher\u0027s Stone","Coffee Dripper"],"picked":"Black Star"}],"items_purged_floors":[],"is_endless":false,"potions_floor_spawned":[1,13,16,18],"killed_by":"Gremlin Leader","ascension_level":2}}