{"host":"k8gerrcpv9xe1nxe","time":1608096404,"event":{"mods":["2.2 Compatiblity","AchievementEnabler","BaseMod","Bestiary","Minty Spire (QoL Compilation)","Relic Stats","StSLib"],"gold_per_floor":[119,119,8,31,31,31,69,69,69,112,131,131,51,70,70,193,193,211,231,244,0,0,0,25,66,117,117,216,229,253,253,253,377,377,395,53,72,0,56,56,87,150,173,173,173,188,188,203,203,203],"floor_reached":51,"playtime":2039,"items_purged":["Strike_B"],"score":898,"play_id":"356795fa-9f7e-4c80-a104-6575e56e4ad0","local_time":"20201216002644","is_ascension_mode":true,"campfire_choices":[{"data":"Doom and Gloom","floor":6,"key":"SMITH"},{"data":"Loop","floor":8,"key":"SMITH"},{"floor":12,"key":"REST"},{"data":"Defragment","floor":15,"key":"SMITH"},{"floor":23,"key":"REST"},{"floor":27,"key":"REST"},{"floor":32,"key":"REST"},{"floor":40,"key":"REST"},{"data":"Creative AI","floor":45,"key":"SMITH"},{"data":"Capacitor","floor":47,"key":"SMITH"},{"data":"Echo Form","floor":49,"key":"SMITH"}],"circlet_count":0,"master_deck":["Strike_B","Defend_B","Defend_B","Defend_B","Defend_B","Zap","Dualcast","CurseOfTheBell","Barrage","Doom and Gloom+1","Loop+1","Glacier+1","Sweeping Beam","Capacitor+1","Chaos+1","Defragment+1","Echo Form+1","Static Discharge","Conserve Battery+1","Seek+1","Cold Snap","Hologram+1","Compile Driver","Creative AI+1","Ball Lightning+1","Self Repair","Master of Strategy+1","Storm+1","Recycle+1","Loop+1"],"relics":["Calling Bell","Art of War","Toxic Egg 2","Dead Branch","Golden Idol","Toy Ornithopter","Shuriken","Gremlin Horn","Busted Crown","Mummified Hand","Mango","Oddly Smooth Stone","Runic Pyramid","Red Mask","Torii","Lantern","Bird Faced Urn","Boot"],"acts_visited":["Exordium","TheCity","TheBeyond"],"potions_floor_usage":[7,25,25,25,39,50,50],"damage_taken":[{"damage":5,"enemies":"Small Slimes","floor":1,"turns":4},{"damage":2,"enemies":"2 Louse","floor":4,"turns":2},{"damage":22,"enemies":"Gremlin Nob","floor":7,"turns":4},{"damage":22,"enemies":"Lagavulin","floor":10,"turns":8},{"damage":9,"enemies":"Jaw Worm","floor":11,"turns":4},{"damage":0,"enemies":"2 Fungi Beasts","floor":14,"turns":2},{"damage":7,"enemies":"Hexaghost","floor":16,"turns":9},{"damage":18,"enemies":"Spheric Guardian","floor":18,"turns":4},{"damage":24,"enemies":"Shell Parasite","floor":19,"turns":7},{"damage":9,"enemies":"Centurion and Healer","floor":20,"turns":6},{"damage":4,"enemies":"Sentry and Sphere","floor":24,"turns":6},{"damage":33,"enemies":"Slavers","floor":25,"turns":4},{"damage":23,"enemies":"Snecko","floor":29,"turns":5},{"damage":6,"enemies":"3 Cultists","floor":30,"turns":5},{"damage":12,"enemies":"Automaton","floor":33,"turns":7},{"damage":5,"enemies":"3 Shapes","floor":35,"turns":5},{"damage":35,"enemies":"3 Darklings","floor":37,"turns":4},{"damage":21,"enemies":"2 Orb Walkers","floor":39,"turns":5},{"damage":0,"enemies":"Giant Head","floor":41,"turns":5},{"damage":0,"enemies":"Mind Bloom Boss Battle","floor":42,"turns":4},{"damage":0,"enemies":"Maw","floor":46,"turns":6},{"damage":7,"enemies":"Spire Growth","floor":48,"turns":3},{"damage":65,"enemies":"Awakened One","floor":50,"turns":9}],"seed_played":"-1792657565882530308","potions_obtained":[{"floor":4,"key":"Weak Potion"},{"floor":10,"key":"AttackPotion"},{"floor":14,"key":"BlessingOfTheForge"},{"floor":20,"key":"SkillPotion"},{"floor":30,"key":"AttackPotion"},{"floor":42,"key":"Dexterity Potion"},{"floor":48,"key":"LiquidMemories"}],"is_trial":false,"path_per_floor":["M","?","$","M","?","R","E","R","T","E","M","R","$","M","R","B",null,"M","M","M","$","?","R","M","E","T","R","?","M","M","?","R","B",null,"M","$","M","?","?","R","E","?","T","?","R","M","R","M","R","B",null],"character_chosen":"DEFECT","items_purchased":["Doom and Gloom","Loop","Chaos+1","Mummified Hand","Self Repair","Master of Strategy+1"],"campfire_rested":5,"item_purchase_floors":[3,3,13,21,36,36],"current_hp_per_floor":[70,69,69,67,72,72,50,50,50,28,19,41,41,41,41,34,64,46,22,13,13,13,35,31,27,27,53,53,30,24,24,50,38,76,71,71,50,50,48,74,88,88,88,88,88,88,88,88,88,52],"gold":203,"neow_bonus":"BOSS_RELIC","is_daily":false,"chose_seed":false,"campfire_upgraded":6,"win_rate":0.0,"timestamp":1608096404,"path_taken":["M","?","$","M","?","R","E","R","T","E","M","R","$","M","R","BOSS","M","M","M","$","?","R","M","E","T","R","?","?","M","?","R","BOSS","M","$","M","?","?","R","E","?","T","?","R","?","R","M","R","BOSS"],"items_purchased_type":["Card","Card","Card","Relic","Card","Card"],"build_version":"2020-12-13","purchased_purges":1,"victory":true,"max_hp_per_floor":[75,69,69,69,74,74,74,74,74,74,74,74,74,74,74,74,74,74,74,74,74,74,74,74,88,88,88,88,88,88,88,88,88,88,88,88,88,88,88,88,88,88,88,88,88,88,88,88,88,88],"relic_stats":{"Gremlin Horn":[16,16],"Torii":9,"counters":[23,117],"Golden Idol":181,"Dead Branch":[35],"Boot":[14],"Busted Crown":32,"Shuriken":[17],"Mummified Hand":[127],"Bird Faced Urn":[31],"Art of War":[14],"obtain_stats":[{"Lantern":41,"Gremlin Horn":10,"Torii":39,"Golden Idol":2,"Dead Branch":0,"Oddly Smooth Stone":26,"Mango":25,"Boot":43,"Calling Bell":0,"Busted Crown":17,"Shuriken":9,"Mummified Hand":21,"Bird Faced Urn":42,"Art of War":0,"Red Mask":38,"Toxic Egg 2":0,"Cracked Core":0,"Toy Ornithopter":7,"Runic Pyramid":34},{"Lantern":19,"Gremlin Horn":4,"Torii":18,"Golden Idol":1,"Dead Branch":0,"Oddly Smooth Stone":12,"Mango":12,"Boot":20,"Calling Bell":0,"Busted Crown":7,"Shuriken":3,"Mummified Hand":10,"Bird Faced Urn":20,"Art of War":0,"Red Mask":17,"Toxic Egg 2":0,"Cracked Core":0,"Toy Ornithopter":3,"Runic Pyramid":15},{"Lantern":96,"Gremlin Horn":18,"Torii":91,"Golden Idol":4,"Dead Branch":0,"Oddly Smooth Stone":60,"Mango":60,"Boot":100,"Calling Bell":0,"Busted Crown":33,"Shuriken":10,"Mummified Hand":50,"Bird Faced Urn":100,"Art of War":0,"Red Mask":86,"Toxic Egg 2":0,"Cracked Core":0,"Toy Ornithopter":10,"Runic Pyramid":77}],"Toy Ornithopter":25},"card_choices":[{"not_picked":["BootSequence+1","Stack+1"],"picked":"Barrage","floor":1},{"not_picked":["Skim+1","Force Field+1"],"picked":"Glacier+1","floor":4},{"not_picked":["Steam Power+1","Sunder"],"picked":"Sweeping Beam","floor":7},{"not_picked":["Double Energy+1","Rebound","Amplify+1"],"picked":"SKIP","floor":10},{"not_picked":["Sweeping Beam","Beam Cell"],"picked":"Capacitor","floor":11},{"not_picked":["Hologram+1","Rebound"],"picked":"Defragment","floor":14},{"not_picked":["Creative AI","Amplify+1"],"picked":"Echo Form","floor":16},{"not_picked":[],"picked":"Static Discharge","floor":18},{"not_picked":["Lockon"],"picked":"SKIP","floor":19},{"not_picked":[],"picked":"Conserve Battery+1","floor":20},{"not_picked":["Chaos+1"],"picked":"SKIP","floor":24},{"not_picked":[],"picked":"Seek+1","floor":25},{"not_picked":[],"picked":"Cold Snap","floor":29},{"not_picked":[],"picked":"Hologram+1","floor":30},{"not_picked":[],"picked":"Ball Lightning+1","floor":35},{"not_picked":["Steam+1"],"picked":"SKIP","floor":37},{"not_picked":[],"picked":"Storm+1","floor":39},{"not_picked":[],"picked":"Recycle+1","floor":41},{"not_picked":["Barrage"],"picked":"SKIP","floor":46},{"not_picked":[],"picked":"Loop+1","floor":48}],"player_experience":84039,"relics_obtained":[{"floor":0,"key":"Art of War"},{"floor":0,"key":"Toxic Egg 2"},{"floor":0,"key":"Dead Branch"},{"floor":7,"key":"Toy Ornithopter"},{"floor":9,"key":"Shuriken"},{"floor":10,"key":"Gremlin Horn"},{"floor":25,"key":"Mango"},{"floor":26,"key":"Oddly Smooth Stone"},{"floor":39,"key":"Torii"},{"floor":41,"key":"Lantern"},{"floor":42,"key":"Bird Faced Urn"},{"floor":43,"key":"Boot"}],"event_choices":[{"damage_healed":0,"gold_gain":0,"player_choice":"Lose Max HP","damage_taken":0,"relics_obtained":["Golden Idol"],"max_hp_gain":0,"max_hp_loss":6,"event_name":"Golden Idol","floor":2,"gold_loss":0},{"damage_healed":0,"gold_gain":0,"player_choice":"Donut","damage_taken":0,"max_hp_gain":5,"max_hp_loss":0,"event_name":"Big Fish","floor":5,"gold_loss":0},{"damage_healed":0,"gold_gain":0,"player_choice":"Ignored","damage_taken":0,"max_hp_gain":0,"max_hp_loss":0,"event_name":"Vampires","floor":22,"gold_loss":0},{"damage_healed":0,"gold_gain":99,"player_choice":"Stole From Cult","damage_taken":0,"max_hp_gain":0,"max_hp_loss":0,"event_name":"Nest","floor":28,"gold_loss":0},{"damage_healed":0,"gold_gain":0,"cards_transformed":["Strike_B","Strike_B"],"player_choice":"Became Test Subject","damage_taken":0,"max_hp_gain":0,"max_hp_loss":0,"event_name":"Drug Dealer","floor":31,"gold_loss":0,"cards_obtained":["Compile Driver","Creative AI"]},{"damage_healed":0,"gold_gain":0,"player_choice":"Paid","damage_taken":0,"relics_obtained":["Red Mask"],"max_hp_gain":0,"max_hp_loss":0,"event_name":"Tomb of Lord Red Mask","floor":38,"gold_loss":72},{"damage_healed":0,"gold_gain":0,"player_choice":"Fight","damage_taken":0,"max_hp_gain":0,"max_hp_loss":0,"event_name":"Mysterious Sphere","floor":39,"gold_loss":0},{"damage_healed":0,"gold_gain":0,"player_choice":"Fight","damage_taken":0,"max_hp_gain":0,"max_hp_loss":0,"event_name":"MindBloom","floor":42,"gold_loss":0},{"damage_healed":0,"gold_gain":0,"player_choice":"Memory 1","damage_taken":0,"max_hp_gain":0,"max_hp_loss":0,"event_name":"SensoryStone","floor":44,"gold_loss":0}],"is_beta":false,"boss_relics":[{"not_picked":["Tiny House","SlaversCollar"],"picked":"Busted Crown"},{"not_picked":["Pandora\u0027s Box","SacredBark"],"picked":"Runic Pyramid"}],"items_purged_floors":[36],"is_endless":false,"potions_floor_spawned":[4,10,14,20,24,30,42,48],"ascension_level":5}}