{"host":"m6aaltr68g9tvoay","time":1608084976,"event":{"mods":["AchievementEnabler","BaseMod","Colored Map","Minty Spire (QoL Compilation)","StSLib"],"gold_per_floor":[114,114,129,129,144,174,174,204,229,244,244,259,274,103,103,203,203,218,233,248,263,278,278,278],"floor_reached":23,"playtime":966,"items_purged":[],"score":257,"play_id":"ab653e0f-cbd2-4df0-9648-a914b3eb79e5","local_time":"20201215181616","daily_mods":["SealedDeck","ControlledChaos","Terminal"],"is_ascension_mode":false,"campfire_choices":[{"data":"Static Discharge","floor":7,"key":"SMITH"},{"data":"Darkness","floor":11,"key":"SMITH"},{"data":"Loop","floor":15,"key":"SMITH"}],"circlet_count":0,"master_deck":["Tempest","Barrage","Ball Lightning","Rebound","Leap","Go for the Eyes","Redo","Skim","Conserve Battery","Cold Snap","Conserve Battery","Fusion","Static Discharge+1","Darkness+1","FTL","Loop+1","Rainbow","Thunder Strike","Capacitor","White Noise"],"relics":["Cracked Core","Frozen Eye","Symbiotic Virus","Kunai","Art of War","Membership Card","SacredBark"],"acts_visited":["Exordium","TheCity"],"potions_floor_usage":[22,23,23],"damage_taken":[{"damage":3,"enemies":"Jaw Worm","floor":1,"turns":2},{"damage":0,"enemies":"Cultist","floor":3,"turns":2},{"damage":0,"enemies":"2 Louse","floor":5,"turns":2},{"damage":2,"enemies":"Gremlin Nob","floor":6,"turns":4},{"damage":7,"enemies":"3 Sentries","floor":8,"turns":5},{"damage":5,"enemies":"Gremlin Gang","floor":10,"turns":3},{"damage":0,"enemies":"2 Fungi Beasts","floor":12,"turns":2},{"damage":0,"enemies":"3 Louse","floor":13,"turns":2},{"damage":0,"enemies":"Slime Boss","floor":16,"turns":4},{"damage":0,"enemies":"Chosen","floor":18,"turns":4},{"damage":3,"enemies":"Shell Parasite","floor":19,"turns":5},{"damage":11,"enemies":"3 Cultists","floor":20,"turns":5},{"damage":15,"enemies":"Snake Plant","floor":21,"turns":3},{"damage":0,"enemies":"Chosen and Byrds","floor":22,"turns":3},{"damage":28,"enemies":"Slavers","floor":23,"turns":3}],"seed_played":"4580661739168851385","potions_obtained":[{"floor":3,"key":"PowerPotion"},{"floor":10,"key":"Weak Potion"},{"floor":16,"key":"FocusPotion"}],"is_trial":false,"path_per_floor":["M","?","M","?","M","E","R","E","T","M","R","M","M","$","R","B",null,"M","M","M","M","M","E"],"character_chosen":"DEFECT","items_purchased":["Membership Card","Loop"],"campfire_rested":0,"item_purchase_floors":[14,14],"current_hp_per_floor":[71,71,71,70,69,67,67,60,60,55,55,55,55,55,55,55,57,56,53,42,27,27,0,0],"gold":278,"neow_bonus":"","is_daily":true,"chose_seed":false,"campfire_upgraded":3,"win_rate":0.0,"timestamp":1608084976,"path_taken":["M","?","?","?","M","E","R","E","T","M","R","M","M","$","R","BOSS","M","M","M","M","?","E"],"items_purchased_type":["Relic","Card"],"build_version":"2020-12-13","purchased_purges":0,"victory":false,"max_hp_per_floor":[73,72,71,70,69,68,67,66,65,64,63,62,61,60,59,58,57,56,55,54,53,52,52,52],"card_choices":[{"not_picked":["Hello World","Consume"],"picked":"Cold Snap","floor":1},{"not_picked":["Leap","Ball Lightning"],"picked":"Conserve Battery","floor":3},{"not_picked":["Hologram","Steam"],"picked":"Fusion","floor":5},{"not_picked":["Go for the Eyes","Redo"],"picked":"Static Discharge","floor":6},{"not_picked":["Compile Driver","Chaos","Undo"],"picked":"SKIP","floor":8},{"not_picked":["Force Field","Auto Shields"],"picked":"Darkness","floor":10},{"not_picked":["Beam Cell","Auto Shields"],"picked":"FTL","floor":12},{"not_picked":["Streamline","Beam Cell","Consume"],"picked":"SKIP","floor":13},{"not_picked":["Reboot","Hyperbeam"],"picked":"Rainbow","floor":16},{"not_picked":["Hologram","Beam Cell","Rebound"],"picked":"SKIP","floor":18},{"not_picked":["Steam+1","Leap"],"picked":"Thunder Strike","floor":19},{"not_picked":["Aggregate+1","Force Field+1"],"picked":"Capacitor","floor":20},{"not_picked":["Beam Cell+1","Double Energy"],"picked":"White Noise","floor":21},{"not_picked":["Skim","Barrage","Darkness"],"picked":"SKIP","floor":22}],"player_experience":1238681,"relics_obtained":[{"floor":6,"key":"Symbiotic Virus"},{"floor":8,"key":"Kunai"},{"floor":9,"key":"Art of War"}],"event_choices":[{"cards_removed":["Ball Lightning"],"damage_healed":0,"gold_gain":0,"player_choice":"Card Removal","damage_taken":0,"max_hp_gain":0,"max_hp_loss":0,"event_name":"Wheel of Change","floor":2,"gold_loss":0},{"damage_healed":0,"gold_gain":0,"player_choice":"Ignored","damage_taken":0,"max_hp_gain":0,"max_hp_loss":0,"event_name":"Purifier","floor":4,"gold_loss":0}],"is_beta":false,"boss_relics":[{"not_picked":["Philosopher\u0027s Stone","Astrolabe"],"picked":"SacredBark"}],"items_purged_floors":[],"is_endless":false,"potions_floor_spawned":[3,10,16,18,19],"killed_by":"Slavers","ascension_level":0}}