{"host":"njruw0b0uprlitpx","time":1608148356,"event":{"mods":["2.2 Compatiblity","Bartender","BaseMod","Better Altar","Better Match","Better Note","Better Sensory Stone","Better Skull","Better Third Choice","BetterRewards","Block Reminder","Colored Map","Colored Powertips","Energized Spire","Jedi Mod","Keyboard Shortcuts","Minty Spire (QoL Compilation)","Quick Restart","Relic Stats","Replay The Spire","SacredBarkPlus","Spicy Shops","StSLib","SuperFastMode","Wandering Minibosses"],"gold_per_floor":[115,115,128,128,0,0,28,43,112,129,129,156,156,156,156,174,174,269,269,289,38,38,38,38,70,88,102,148,194,206,218,4,335,335,434,434,445,445,456,43,56,56,67,67,93,93,5,5,5,5,5,5],"floor_reached":53,"playtime":2577,"items_purged":["CommonCold","Writhe"],"score":1216,"play_id":"e2a7b96d-d67e-47a2-a96a-08a640e15eea","local_time":"20201216135236","is_ascension_mode":true,"campfire_choices":[{"data":"Specialist","floor":6,"key":"SMITH"},{"floor":15,"key":"REST"},{"floor":17,"key":"REST"},{"data":"Butterfly_Float","floor":31,"key":"SMITH"},{"data":"OpoOpo_Form","floor":34,"key":"SMITH"},{"data":"Momentum","floor":42,"key":"SMITH"},{"data":"Breathe_Deep","floor":44,"key":"SMITH"},{"data":"Blizzard_Spikes","floor":46,"key":"SMITH"},{"data":"1","floor":51,"key":"LIFT"}],"circlet_count":0,"master_deck":["Strike_Bartender","Strike_Bartender","Strike_Bartender","Defend_Bartender","Defend_Bartender","Defend_Bartender","Somersault","Coeurl_Form+1","Center_Self","Center_Self","Hook","Phantom_Blow","Vortex","Butterfly_Float+1","Specialist+1","ThreeSidedStar","Fight_Dirty","Ball_Of_Ice","Moonsault_Kick","Dragonkick","Top_Shelf","Perfect_Balance","Bicycle_Kick","Wish","Moonsault_Kick","Dart+1","Glare+1","Elbow_Slash","Blizzard_Spikes+1","OpoOpo_Form+1","Wall_of_Ice+1","Breathe_Deep+1","Fight_Dirty+1","Insight_B+1","Clumsy","Momentum+1","With_A_Twist+1","Dancing_Jab","Bicycle_Kick+1","Sucker_Punch+1"],"relics":["Sneakers","Mummified Hand","Centennial Puzzle","Eternal Feather","Darkstone Periapt","Pet Ghost","Runic Dome","ReplayTheSpireMod:CursedCoin","Onion Ring","Protect_Vest","Turnip","MawBank","Red Mask","BranchBurnRelic","Vajra","Old Coin","energizedSpire:NeverEndingSparkler","Pen Nib","ReplayTheSpireMod:Lightbulb","jedi:ominousloannote","Girya"],"acts_visited":["Exordium","TheCity","TheBeyond"],"potions_floor_usage":[18,18,25,29,33,43,52,52,52,52,52],"damage_taken":[{"damage":5,"enemies":"Jaw Worm","floor":1,"turns":3},{"damage":0,"enemies":"Small Slimes","floor":3,"turns":3},{"damage":22,"enemies":"Replay:BlueRogue","floor":7,"turns":6},{"damage":0,"enemies":"Cultist","floor":8,"turns":3},{"damage":1,"enemies":"2 Fungi Beasts","floor":10,"turns":4},{"damage":25,"enemies":"Gremlin Nob","floor":12,"turns":4},{"damage":20,"enemies":"Lots of Slimes","floor":16,"turns":5},{"damage":6,"enemies":"The Guardian","floor":18,"turns":8},{"damage":0,"enemies":"Spheric Guardian","floor":20,"turns":3},{"damage":5,"enemies":"Replay:Snechameleon","floor":25,"turns":4},{"damage":0,"enemies":"Chosen","floor":26,"turns":2},{"damage":4,"enemies":"Snake Plant","floor":27,"turns":4},{"damage":0,"enemies":"Masked Bandits","floor":29,"turns":3},{"damage":2,"enemies":"Slavers","floor":33,"turns":4},{"damage":14,"enemies":"Automaton","floor":35,"turns":9},{"damage":13,"enemies":"3 Shapes","floor":37,"turns":4},{"damage":6,"enemies":"3 Darklings","floor":39,"turns":4},{"damage":0,"enemies":"Jaw Worm Horde","floor":41,"turns":5},{"damage":0,"enemies":"Maw","floor":43,"turns":5},{"damage":0,"enemies":"Spire Growth","floor":48,"turns":3},{"damage":27,"enemies":"Writhing Mass","floor":49,"turns":4},{"damage":36,"enemies":"Time Eater","floor":52,"turns":9}],"seed_played":"-9023922819433750943","potions_obtained":[{"floor":7,"key":"Elixir"},{"floor":8,"key":"Venom Potion"},{"floor":10,"key":"SkillPotion"},{"floor":16,"key":"Dexterity Potion"},{"floor":18,"key":"SkillPotion"},{"floor":20,"key":"jedi:mysterypotion"},{"floor":25,"key":"PowerPotion"},{"floor":26,"key":"Block Potion"},{"floor":37,"key":"FearPotion"},{"floor":43,"key":"Fruit Juice"}],"is_trial":false,"path_per_floor":["M","?","M","?","$","R","E","M","T","M","?","E","PTL","PTL","R","M","R","B",null,"M","$","?","?","?","E","M","M","T","?","?","R","$","E","R","B",null,"M","?","M","$","M","R","M","R","T","R","$","M","M","$","R","B",null],"character_chosen":"BARTENDER","items_purchased":["Mummified Hand","Coeurl_Form","Center_Self","Hook","Butterfly_Float","Specialist","ReplayTheSpireMod:CursedCoin","Onion Ring","Bicycle_Kick","Vajra","OpoOpo_Form","Pen Nib","ReplayTheSpireMod:Lightbulb","Weak Potion","jedi:ominousloannote","Dancing_Jab","EntropicBrew","SkillPotion","Girya"],"campfire_rested":2,"item_purchase_floors":[0,0,0,0,5,5,21,21,21,32,32,40,40,40,47,47,47,47,47],"current_hp_per_floor":[65,65,65,65,65,65,43,43,43,42,42,17,17,17,50,30,63,57,67,67,73,73,73,73,68,68,64,64,64,64,76,76,76,76,63,73,60,82,76,82,82,88,93,93,93,93,93,93,66,66,90,63],"gold":5,"neow_bonus":"","is_daily":false,"chose_seed":false,"campfire_upgraded":6,"win_rate":0.0,"timestamp":1608148356,"path_taken":["M","?","M","?","$","R","E","M","T","?","?","E","PTL","PTL","R","?","R","BOSS","M","$","?","?","?","E","?","M","T","?","?","R","$","E","R","BOSS","M","?","M","?","M","R","?","R","T","R","$","?","?","?","R","BOSS"],"items_purchased_type":["Relic","Card","Card","Card","Card","Card","Relic","Relic","Card","Relic","Card","Relic","Relic","Potion","Relic","Card","Potion","Potion","Relic"],"build_version":"2020-12-13","purchased_purges":2,"victory":true,"max_hp_per_floor":[70,70,70,70,70,70,70,70,70,70,70,70,70,70,70,70,70,70,70,70,76,76,76,76,76,76,76,76,76,76,76,76,76,76,76,76,76,82,82,88,88,88,93,93,93,93,93,93,93,93,93,93],"relic_stats":{"Darkstone Periapt":18,"Centennial Puzzle":[36],"counters":[62,249],"Mummified Hand":[82],"Eternal Feather":66,"Turnip":[13],"Pen Nib":[21],"MawBank":48,"obtain_stats":[{"Ice Cream":38,"Divine Protection":45,"Mark of the Bloom":45,"Gremlin Horn":8,"jedi:zontanonomicon":29,"Vajra":10,"Old Coin":33,"Replay:Ringing Soul":16,"Centennial Puzzle":7,"DollysMirror":23,"jedi:firstaidkit":27,"Philosopher\u0027s Stone":19,"MealTicket":26,"Vampire_Amulet":0,"Fusion Hammer":36,"Replay:Wax Seal":12,"Replay:Bottled Steam":19,"Girya":47,"Sneakers":31,"Happy Flower":39,"ReplayTheSpireMod:CursedCoin":21,"Counterbalance":2,"Replay:Grab Bag":19,"Dead Branch":0,"Eternal Feather":26,"Pen Nib":0,"Akabeko":28,"Runic Dome":19,"energizedSpire:NeverEndingSparkler":36,"Bronze Scales":19,"Pandora\u0027s Box":17,"Onion Ring":21,"ReplayTheSpireMod:TigerMarble":9,"Grinning Jar":9,"StrikeDummy":50,"Darkstone Periapt":11,"Enchiridion":29,"Bag of Preparation":39,"Juzu Bracelet":43,"Smiling Mask":23,"Pet Ghost":12,"energizedSpire:BlackCloud":34,"BranchBurnRelic":31,"Nunchaku":30,"Mummified Hand":0,"Pantograph":12,"WingedGreaves":28,"Red Mask":33,"Replay:Bottled Eggs":8,"InkBottle":47,"Runic Pyramid":19,"BargainBundle":39,"Damaru":36,"PreservedInsect":19,"Protect_Vest":24,"MawBank":28,"Calling Bell":19,"jedi:ominousloannote":47,"ChewingGum":19,"Turnip":0,"Art of War":41,"ReplayTheSpireMod:Lightbulb":40,"FossilizedHelix":19},{"Ice Cream":15,"Divine Protection":16,"Mark of the Bloom":38,"Gremlin Horn":25,"jedi:zontanonomicon":11,"Vajra":25,"Old Coin":54,"Replay:Ringing Soul":4,"Centennial Puzzle":43,"DollysMirror":8,"jedi:firstaidkit":11,"Philosopher\u0027s Stone":5,"MealTicket":33,"Vampire_Amulet":0,"Fusion Hammer":13,"Replay:Wax Seal":26,"Replay:Bottled Steam":5,"Girya":59,"Sneakers":53,"Happy Flower":15,"ReplayTheSpireMod:CursedCoin":49,"Counterbalance":1,"Replay:Grab Bag":5,"Dead Branch":40,"Eternal Feather":10,"Pen Nib":20,"Akabeko":11,"Runic Dome":48,"energizedSpire:NeverEndingSparkler":55,"Bronze Scales":30,"Pandora\u0027s Box":29,"Onion Ring":49,"ReplayTheSpireMod:TigerMarble":3,"Grinning Jar":25,"StrikeDummy":19,"Darkstone Periapt":45,"Enchiridion":33,"Bag of Preparation":15,"Juzu Bracelet":38,"Smiling Mask":32,"Pet Ghost":46,"energizedSpire:BlackCloud":36,"BranchBurnRelic":53,"Nunchaku":34,"Mummified Hand":40,"Pantograph":4,"WingedGreaves":33,"Red Mask":12,"Replay:Bottled Eggs":3,"InkBottle":18,"Runic Pyramid":5,"BargainBundle":15,"Damaru":37,"PreservedInsect":5,"Protect_Vest":49,"MawBank":52,"Calling Bell":5,"jedi:ominousloannote":59,"ChewingGum":5,"Turnip":20,"Art of War":38,"ReplayTheSpireMod:Lightbulb":57,"FossilizedHelix":5},{"Ice Cream":61,"Divine Protection":65,"Mark of the Bloom":146,"Gremlin Horn":98,"jedi:zontanonomicon":45,"Vajra":98,"Old Coin":209,"Replay:Ringing Soul":13,"Centennial Puzzle":168,"DollysMirror":32,"jedi:firstaidkit":45,"Philosopher\u0027s Stone":19,"MealTicket":125,"Vampire_Amulet":0,"Fusion Hammer":54,"Replay:Wax Seal":99,"Replay:Bottled Steam":19,"Girya":235,"Sneakers":205,"Happy Flower":61,"ReplayTheSpireMod:CursedCoin":193,"Counterbalance":3,"Replay:Grab Bag":19,"Dead Branch":156,"Eternal Feather":41,"Pen Nib":82,"Akabeko":45,"Runic Dome":190,"energizedSpire:NeverEndingSparkler":218,"Bronze Scales":115,"Pandora\u0027s Box":111,"Onion Ring":193,"ReplayTheSpireMod:TigerMarble":11,"Grinning Jar":98,"StrikeDummy":76,"Darkstone Periapt":174,"Enchiridion":125,"Bag of Preparation":61,"Juzu Bracelet":146,"Smiling Mask":121,"Pet Ghost":178,"energizedSpire:BlackCloud":138,"BranchBurnRelic":205,"Nunchaku":127,"Mummified Hand":156,"Pantograph":13,"WingedGreaves":125,"Red Mask":48,"Replay:Bottled Eggs":11,"InkBottle":72,"Runic Pyramid":19,"BargainBundle":61,"Damaru":141,"PreservedInsect":19,"Protect_Vest":193,"MawBank":203,"Calling Bell":19,"jedi:ominousloannote":235,"ChewingGum":19,"Turnip":82,"Art of War":146,"ReplayTheSpireMod:Lightbulb":225,"FossilizedHelix":19}]},"card_choices":[{"not_picked":["Sucker_Punch","Blizzard_Spikes"],"picked":"Phantom_Blow","floor":1},{"not_picked":["Press_Forward","Snap_Punch"],"picked":"Vortex","floor":3},{"not_picked":["Mirage","Foot_Thrust"],"picked":"ThreeSidedStar","floor":7},{"not_picked":["Fading_Blow","With_A_Twist"],"picked":"Fight_Dirty","floor":8},{"not_picked":["Ripple","ThreeSidedStar"],"picked":"Ball_Of_Ice","floor":10},{"not_picked":["ThreeSidedStar","Well_Drinks"],"picked":"Moonsault_Kick","floor":12},{"not_picked":["Rising_Crane","OpoOpo_Form"],"picked":"Dragonkick","floor":16},{"not_picked":["Cold_Blooded","Dolphin_Blow"],"picked":"Top_Shelf","floor":18},{"not_picked":["Bouncer+1","Step_Of_The_Wind"],"picked":"Perfect_Balance","floor":20},{"not_picked":["Scoop","Free_Pour"],"picked":"Dart+1","floor":25},{"not_picked":["Bitters+1","Foot_Thrust","Free_Pour"],"picked":"SKIP","floor":26},{"not_picked":["Rising_Crane","Wall_of_Ice"],"picked":"Glare+1","floor":27},{"not_picked":["Meditate","Glare"],"picked":"Elbow_Slash","floor":29},{"not_picked":["Sucker_Punch","Dart"],"picked":"Wall_of_Ice+1","floor":33},{"not_picked":["Spirits_Within","Butterfly_Float"],"picked":"Breathe_Deep","floor":35},{"not_picked":["Foot_Thrust+1","Free_Pour"],"picked":"Fight_Dirty+1","floor":37},{"not_picked":["Greased_Lightning","Training_Dummy"],"picked":"Insight_B+1","floor":39},{"not_picked":["Center_Self","Fight_Dirty"],"picked":"Momentum","floor":41},{"not_picked":["Press_Forward+1","Bicycle_Kick"],"picked":"With_A_Twist+1","floor":43},{"not_picked":["Rope_A_Dope","Meteodrive"],"picked":"Bicycle_Kick+1","floor":48},{"not_picked":["Center_Self+1","Step_Of_The_Wind"],"picked":"Sucker_Punch+1","floor":49}],"player_experience":1016944,"relics_obtained":[{"floor":7,"key":"Centennial Puzzle"},{"floor":9,"key":"Eternal Feather"},{"floor":12,"key":"Pet Ghost"},{"floor":25,"key":"Turnip"},{"floor":28,"key":"MawBank"},{"floor":29,"key":"Red Mask"},{"floor":33,"key":"Old Coin"}],"event_choices":[{"damage_healed":0,"gold_gain":0,"player_choice":"Forge","damage_taken":0,"max_hp_gain":0,"max_hp_loss":0,"event_name":"Accursed Blacksmith","floor":4,"gold_loss":0,"cards_upgraded":["Coeurl_Form"]},{"damage_healed":0,"gold_gain":0,"player_choice":"Gave Potion","damage_taken":0,"relics_obtained":["Darkstone Periapt"],"max_hp_gain":0,"max_hp_loss":0,"event_name":"WeMeetAgain","floor":11,"gold_loss":0},{"cards_removed":["Moonsault_Kick"],"damage_healed":0,"gold_gain":0,"player_choice":"Take \u0026 Give","damage_taken":0,"max_hp_gain":0,"max_hp_loss":0,"event_name":"betterNote:BetterNote","floor":22,"gold_loss":0,"cards_obtained":["Wish"]},{"damage_healed":0,"gold_gain":2,"player_choice":"4","damage_taken":0,"max_hp_gain":0,"max_hp_loss":0,"event_name":"betterStone:BetterStone","floor":23,"gold_loss":0,"cards_obtained":["Moonsault_Kick"]},{"damage_healed":0,"gold_gain":0,"player_choice":"Opened","damage_taken":0,"relics_obtained":["Protect_Vest"],"max_hp_gain":0,"max_hp_loss":0,"event_name":"The Mausoleum","floor":24,"gold_loss":0},{"damage_healed":0,"gold_gain":0,"player_choice":"Fought Bandits","damage_taken":0,"max_hp_gain":0,"max_hp_loss":0,"event_name":"Masked Bandits","floor":29,"gold_loss":0},{"damage_healed":0,"gold_gain":0,"cards_transformed":["Strike_Bartender"],"player_choice":"Transformed","damage_taken":0,"max_hp_gain":0,"max_hp_loss":0,"event_name":"Transmorgrifier","floor":30,"gold_loss":0,"cards_obtained":["Blizzard_Spikes"]},{"damage_healed":19,"gold_gain":0,"player_choice":"Writhe","damage_taken":0,"max_hp_gain":0,"max_hp_loss":0,"event_name":"Winding Halls","floor":38,"gold_loss":0,"cards_obtained":["Writhe"]}],"is_beta":false,"boss_relics":[{"not_picked":["Astrolabe","Replay:Drink Me"],"picked":"Runic Dome"},{"not_picked":["energizedSpire:RedRose","energizedSpire:MagnifyingGlass"],"picked":"energizedSpire:NeverEndingSparkler"}],"items_purged_floors":[21,40],"is_endless":false,"potions_floor_spawned":[7,8,10,16,18,20,25,26,37,43,48],"ascension_level":5}}