{"host":"ryuep8ewa00k39z9","time":1608079037,"event":{"mods":["AchievementEnabler","BaseMod","Best Route Mod","Colored Map","Colored Powertips","Displayed Cursed Tome","Highlight Path","Minty Spire (QoL Compilation)","Quick Restart","SuperFastMode"],"gold_per_floor":[14,14,30,30,30,30,44,69,69,69,99,99,113,130,130,204,204,218,236,245,269,287,287,287],"floor_reached":23,"playtime":908,"items_purged":[],"score":372,"play_id":"be8755c0-2dc1-4bfe-90fd-6a04d9724a92","local_time":"20201215183717","is_ascension_mode":true,"campfire_choices":[{"data":"Spot Weakness","floor":6.0,"key":"SMITH"},{"data":"Bash","floor":10.0,"key":"SMITH"},{"data":"Corruption","floor":12.0,"key":"SMITH"},{"floor":15.0,"key":"REST"}],"circlet_count":0,"master_deck":["AscendersBane","Bash+1","Impervious","Whirlwind+1","Spot Weakness+1","Second Wind","Corruption+1","Clash","Sever Soul","Reaper","Limit Break","Pommel Strike","Anger","Flame Barrier","Body Slam","Uppercut","Thunderclap","Headbutt","Normality","Havoc"],"relics":["Burning Blood","Bird Faced Urn","Darkstone Periapt","Pandora\u0027s Box","CeramicFish"],"acts_visited":["Exordium","TheCity"],"potions_floor_usage":[],"damage_taken":[{"damage":1.0,"enemies":"2 Louse","floor":1.0,"turns":4.0},{"damage":0.0,"enemies":"Cultist","floor":3.0,"turns":2.0},{"damage":6.0,"enemies":"Small Slimes","floor":7.0,"turns":4.0},{"damage":40.0,"enemies":"Lagavulin","floor":8.0,"turns":8.0},{"damage":15.0,"enemies":"3 Sentries","floor":11.0,"turns":4.0},{"damage":24.0,"enemies":"Red Slaver","floor":13.0,"turns":5.0},{"damage":0.0,"enemies":"Exordium Thugs","floor":14.0,"turns":2.0},{"damage":22.0,"enemies":"Slime Boss","floor":16.0,"turns":10.0},{"damage":27.0,"enemies":"3 Byrds","floor":18.0,"turns":3.0},{"damage":32.0,"enemies":"2 Thieves","floor":19.0,"turns":3.0},{"damage":15.0,"enemies":"Centurion and Healer","floor":21.0,"turns":4.0},{"damage":54,"enemies":"Book of Stabbing","floor":23,"turns":4}],"seed_played":"514673218275654570","potions_obtained":[{"floor":3.0,"key":"BloodPotion"},{"floor":11.0,"key":"Regen Potion"},{"floor":13.0,"key":"AttackPotion"},{"floor":14.0,"key":"EntropicBrew"},{"floor":19.0,"key":"Dexterity Potion"}],"is_trial":false,"path_per_floor":["M","?","M","$","?","R","M","E","T","R","E","R","M","M","R","B",null,"M","M","?","M","?","E"],"character_chosen":"IRONCLAD","items_purchased":[],"campfire_rested":1,"item_purchase_floors":[],"current_hp_per_floor":[73,73,75,75,75,75,75,56,56,56,47,47,31,39,61,56,70,51,41,47,40,46,0,0],"gold":287,"neow_bonus":"THREE_RARE_CARDS","is_daily":false,"chose_seed":false,"campfire_upgraded":3,"win_rate":0.0,"timestamp":1608079037,"path_taken":["M","?","M","?","?","R","?","E","T","R","E","R","M","M","R","BOSS","M","M","?","M","?","E"],"items_purchased_type":[],"build_version":"2020-12-13","purchased_purges":0,"victory":false,"max_hp_per_floor":[75,75,75,75,75,75,75,75,75,75,75,75,75,75,75,75,75,75,75,81,81,87,87,87],"card_choices":[{"not_picked":["Offering","Exhume"],"picked":"Impervious","floor":0.0},{"not_picked":["Iron Wave","Ghostly Armor"],"picked":"Whirlwind","floor":1.0},{"not_picked":["Uppercut","Thunderclap"],"picked":"Spot Weakness","floor":3.0},{"not_picked":["Dropkick","Twin Strike"],"picked":"Second Wind","floor":7.0},{"not_picked":["Armaments","Rage","Clash"],"picked":"SKIP","floor":8.0},{"not_picked":["Pommel Strike","Clash"],"picked":"Corruption","floor":11.0},{"not_picked":["Anger","Armaments"],"picked":"Clash","floor":13.0},{"not_picked":["Sword Boomerang","Carnage"],"picked":"Sever Soul","floor":14.0},{"not_picked":["Immolate","Juggernaut"],"picked":"Reaper","floor":16.0},{"not_picked":["Clothesline","Sword Boomerang","Armaments"],"picked":"SKIP","floor":18.0},{"not_picked":["Bloodletting","Evolve","Second Wind"],"picked":"SKIP","floor":19.0},{"not_picked":["Uppercut","Armaments"],"picked":"Headbutt","floor":21.0}],"player_experience":3168378,"relics_obtained":[{"floor":8.0,"key":"Bird Faced Urn"},{"floor":11.0,"key":"Darkstone Periapt"}],"event_choices":[{"damage_healed":0.0,"max_hp_gain":0.0,"max_hp_loss":0.0,"gold_gain":0.0,"event_name":"Upgrade Shrine","player_choice":"Upgraded","floor":2.0,"gold_loss":0.0,"damage_taken":0.0,"cards_upgraded":["Whirlwind"]},{"cards_removed":["Strike_R"],"damage_healed":0.0,"max_hp_gain":0.0,"max_hp_loss":0.0,"gold_gain":0.0,"event_name":"Purifier","player_choice":"Purged","floor":5.0,"gold_loss":0.0,"damage_taken":0.0},{"damage_healed":0.0,"max_hp_gain":0.0,"max_hp_loss":0.0,"gold_gain":0.0,"event_name":"The Mausoleum","player_choice":"Opened","floor":20.0,"gold_loss":0.0,"damage_taken":0.0,"relics_obtained":["CeramicFish"],"cards_obtained":["Writhe"]},{"damage_healed":0.0,"max_hp_gain":0.0,"max_hp_loss":0.0,"gold_gain":0.0,"cards_transformed":["Writhe","Second Wind"],"event_name":"Drug Dealer","player_choice":"Became Test Subject","floor":22.0,"gold_loss":0.0,"damage_taken":0.0,"cards_obtained":["Normality","Havoc"]}],"is_beta":false,"boss_relics":[{"not_picked":["Empty Cage","Velvet Choker"],"picked":"Pandora\u0027s Box"}],"items_purged_floors":[],"is_endless":false,"potions_floor_spawned":[3,11,13,14,19],"killed_by":"Book of Stabbing","ascension_level":17}}