{"host":"uxq2rly8rxtwffuf","time":1608104773,"event":{"mods":["BaseMod","Koishi","Minty Spire (QoL Compilation)","StSLib","The Judge","The Servant 0.9.4"],"gold_per_floor":[13,28,103,121,133,133,153,153,179,179,191,191,204,204,204,305,305,324,337,337,337],"floor_reached":20,"playtime":660,"items_purged":[],"score":269,"play_id":"8b1ceafb-2eab-41f2-80ab-25c593e83ee5","local_time":"20201216104613","is_ascension_mode":true,"campfire_choices":[{"data":"All Out Attack","floor":6,"key":"SMITH"},{"floor":10,"key":"REST"},{"floor":12,"key":"REST"},{"floor":15,"key":"RECALL"}],"circlet_count":0,"master_deck":["AscendersBane","Strike_G","Strike_G","Strike_G","Strike_G+1","Defend_G","Defend_G","Defend_G+1","Survivor","Neutralize","All Out Attack+1","Dagger Throw","Blade Dance","Blur","Accuracy","Leg Sweep","Accuracy","A Thousand Cuts","Calculated Gamble+1","Cloak And Dagger"],"relics":["Ring of the Serpent","Centennial Puzzle"],"acts_visited":["Exordium","TheCity"],"potions_floor_usage":[5,7,11,13],"damage_taken":[{"damage":15,"enemies":"Jaw Worm","floor":1,"turns":5},{"damage":0,"enemies":"Cultist","floor":2,"turns":4},{"damage":6,"enemies":"2 Louse","floor":4,"turns":2},{"damage":9,"enemies":"Exordium Wildlife","floor":5,"turns":3},{"damage":0,"enemies":"Blue Slaver","floor":7,"turns":2},{"damage":10,"enemies":"Large Slime","floor":11,"turns":5},{"damage":8,"enemies":"Red Slaver","floor":13,"turns":4},{"damage":38,"enemies":"The Guardian","floor":16,"turns":12},{"damage":28,"enemies":"Spheric Guardian","floor":18,"turns":4},{"damage":25,"enemies":"Chosen","floor":19,"turns":7},{"damage":5,"enemies":"Shelled Parasite and Fungi","floor":20,"turns":1}],"seed_played":"2771564592022870552","potions_obtained":[{"floor":2,"key":"SkillPotion"},{"floor":5,"key":"Strength Potion"},{"floor":7,"key":"Regen Potion"},{"floor":11,"key":"PowerPotion"},{"floor":16,"key":"Explosive Potion"}],"is_trial":false,"path_per_floor":["M","M","?","M","M","R","M","?","T","R","M","R","M","?","R","B",null,"M","M","M"],"character_chosen":"THE_SILENT","items_purchased":[],"campfire_rested":2,"item_purchase_floors":[],"current_hp_per_floor":[48,48,41,35,26,26,26,12,12,33,37,58,50,50,50,12,56,28,3,0,0],"gold":337,"neow_bonus":"REMOVE_TWO","is_daily":false,"chose_seed":false,"campfire_upgraded":1,"win_rate":0.0,"timestamp":1608104773,"path_taken":["M","M","?","M","?","R","?","?","T","R","M","R","M","?","R","BOSS","M","M","M"],"items_purchased_type":[],"build_version":"2020-12-13","purchased_purges":0,"victory":false,"max_hp_per_floor":[70,70,70,70,70,70,70,70,70,70,70,70,70,70,70,70,70,70,70,70,70],"card_choices":[{"not_picked":["Deflect","Backflip"],"picked":"All Out Attack","floor":1},{"not_picked":["Deadly Poison","Slice"],"picked":"Dagger Throw","floor":2},{"not_picked":["Acrobatics","Flying Knee"],"picked":"Blade Dance","floor":4},{"not_picked":["Outmaneuver","Caltrops"],"picked":"Blur","floor":5},{"not_picked":["Crippling Poison","Bane"],"picked":"Accuracy","floor":7},{"not_picked":["Dagger Spray","Skewer"],"picked":"Leg Sweep","floor":11},{"not_picked":["Backflip","Slice"],"picked":"Accuracy","floor":13},{"not_picked":["Night Terror","Adrenaline"],"picked":"A Thousand Cuts","floor":16},{"not_picked":["Deflect","Dash"],"picked":"Calculated Gamble+1","floor":18},{"not_picked":["Backflip","Quick Slash+1"],"picked":"Cloak And Dagger","floor":19}],"player_experience":1337017,"relics_obtained":[{"floor":9,"key":"Centennial Puzzle"}],"event_choices":[{"damage_healed":0,"gold_gain":75,"player_choice":"Touch","damage_taken":7,"max_hp_gain":0,"max_hp_loss":0,"event_name":"FaceTrader","floor":3,"gold_loss":0},{"damage_healed":0,"gold_gain":0,"player_choice":"Entered Light","damage_taken":14,"max_hp_gain":0,"max_hp_loss":0,"event_name":"Shining Light","floor":8,"gold_loss":0,"cards_upgraded":["Defend_G","Strike_G"]},{"cards_removed":["Defend_G"],"damage_healed":0,"gold_gain":0,"player_choice":"Forget","damage_taken":0,"max_hp_gain":0,"max_hp_loss":0,"event_name":"Living Wall","floor":14,"gold_loss":0}],"is_beta":false,"boss_relics":[{"not_picked":["Sozu","Coffee Dripper"],"picked":"Ring of the Serpent"}],"items_purged_floors":[],"is_endless":false,"potions_floor_spawned":[2,5,7,11,16],"killed_by":"Shelled Parasite and Fungi","ascension_level":12}}