{"host":"emzksreay9b8489z","time":1608102062,"event":{"mods":["Act Like it!","BaseMod","Gensokyo","GifTheSpireLib","Minty Spire (QoL Compilation)","Prisma Mod","Say the Spire","StSLib"],"gold_per_floor":[109,109,71,146,157,157,176,176,176,203,215,215,215,233,233,233,233],"floor_reached":16,"playtime":860,"items_purged":[],"score":100,"play_id":"6e85625c-3a15-4d70-8bb1-ce5f64fdae1a","local_time":"20201216150102","is_ascension_mode":false,"campfire_choices":[{"floor":6,"key":"RECALL"},{"data":"PrismaMod:ChloeCheapDefend","floor":13,"key":"SMITH"},{"data":"PrismaMod:ChloeCarnivalAOEAttack","floor":15,"key":"SMITH"}],"circlet_count":0,"master_deck":["PrismaMod:ChloeCommonAttack","PrismaMod:ChloeCommonAttack","PrismaMod:ChloeCommonAttack","PrismaMod:ChloeCommonAttack","PrismaMod:ChloeCommonAttack","PrismaMod:ChloeCommonDefend","PrismaMod:ChloeCommonDefend","PrismaMod:ChloeCommonDefend","PrismaMod:ChloeCommonDefend","PrismaMod:ChloeCommonDefend","PrismaMod:ChloeCheapAttack","PrismaMod:ChloeCheapDefend+1","PrismaMod:ChloeDiscardRecovery","PrismaMod:ChloeBetterTracePools","PrismaMod:ChloeCommonAOEAttack","PrismaMod:ChloeCheapAttackTwo","PrismaMod:ChloeRuleBreaker","PrismaMod:ChloeCarnivalAOEAttack+1"],"relics":["PrismaMod:PrismaTraceOn","Meat on the Bone","Eternal Feather"],"acts_visited":["Exordium"],"potions_floor_usage":[10],"damage_taken":[{"damage":0,"enemies":"Jaw Worm","floor":1,"turns":4},{"damage":4,"enemies":"Small Slimes","floor":5,"turns":4},{"damage":5,"enemies":"2 Louse","floor":7,"turns":3},{"damage":34,"enemies":"3 Sentries","floor":10,"turns":15},{"damage":22,"enemies":"Large Slime","floor":11,"turns":9},{"damage":22,"enemies":"Exordium Thugs","floor":14,"turns":5},{"damage":38,"enemies":"Hexaghost","floor":16,"turns":8}],"seed_played":"-640751317600114934","potions_obtained":[{"floor":1,"key":"Dexterity Potion"},{"floor":10,"key":"Dexterity Potion"},{"floor":11,"key":"Block Potion"},{"floor":14,"key":"BlessingOfTheForge"}],"is_trial":false,"path_per_floor":["M","?","$","?","M","R","M","T","T","E","M","?","R","M","R","B"],"character_chosen":"CHLOE","items_purchased":["PrismaMod:ChloeBetterTracePools"],"campfire_rested":0,"item_purchase_floors":[3],"current_hp_per_floor":[82,82,82,71,67,67,62,62,62,40,30,30,39,29,38,0,0],"gold":233,"neow_bonus":"TEN_PERCENT_HP_BONUS","is_daily":false,"chose_seed":false,"campfire_upgraded":2,"win_rate":0.0,"timestamp":1608102062,"path_taken":["M","?","$","?","M","R","M","?","T","E","M","?","R","M","R","BOSS"],"items_purchased_type":["Card"],"build_version":"2020-12-13","purchased_purges":0,"victory":false,"max_hp_per_floor":[82,82,82,82,82,82,82,82,82,82,82,82,82,82,82,82,82],"card_choices":[{"not_picked":["PrismaMod:ChloeCheapDefend","PrismaMod:ChloeCheapAttack"],"picked":"PrismaMod:ChloeDiscardRecovery","floor":1},{"not_picked":["PrismaMod:ChloeDiscardRecovery","PrismaMod:ChloeRuleBreaker","PrismaMod:ChloeChristmas"],"picked":"SKIP","floor":5},{"not_picked":["PrismaMod:ChloeExhaustOne","PrismaMod:ChloeMaid"],"picked":"PrismaMod:ChloeCommonAOEAttack","floor":7},{"not_picked":["PrismaMod:ChloeExhaustTwo","PrismaMod:ChloeCheapAttack"],"picked":"PrismaMod:ChloeCheapAttackTwo","floor":10},{"not_picked":["PrismaMod:ChloeCheapDefendTwo","PrismaMod:ChloeExhaustOne"],"picked":"PrismaMod:ChloeRuleBreaker","floor":11},{"not_picked":["PrismaMod:ChloeUncommonAttack","PrismaMod:ChloeMaid"],"picked":"PrismaMod:ChloeCarnivalAOEAttack","floor":14}],"player_experience":19417,"relics_obtained":[{"floor":9,"key":"Meat on the Bone"},{"floor":10,"key":"Eternal Feather"}],"event_choices":[{"damage_healed":0,"gold_gain":0,"player_choice":"Leave","damage_taken":0,"max_hp_gain":0,"max_hp_loss":0,"event_name":"The Cleric","floor":2,"gold_loss":0},{"damage_healed":0,"gold_gain":75,"player_choice":"Gather Gold","damage_taken":11,"max_hp_gain":0,"max_hp_loss":0,"event_name":"World of Goop","floor":4,"gold_loss":0},{"damage_healed":0,"gold_gain":0,"player_choice":"Ignored","damage_taken":0,"max_hp_gain":0,"max_hp_loss":0,"event_name":"Golden Wing","floor":12,"gold_loss":0}],"is_beta":false,"boss_relics":[],"items_purged_floors":[],"is_endless":false,"potions_floor_spawned":[1,10,11,14],"killed_by":"Hexaghost","ascension_level":0}}