{"host":"2ttsipbxjlhedj1t","time":1608157426,"event":{"mods":["2.2 Compatiblity","Act Like it!","BaseMod","Card Forge","Colored Map","Colored Powertips","Highlight Path","Minty Spire (QoL Compilation)","Quick Restart","Shop Mod","StSLib"],"gold_per_floor":[410,84,97,112,122,148,148,423,473,500,500,204,222,251,251,355,355,370,400,400,234,252,252,277,329,397,429,429,242,262,273,273,369,369,389,23,245,245,276,276,276,64,91,91,91,105,128,153,153,153],"floor_reached":51,"playtime":3056,"items_purged":["Void","Regret"],"score":1172,"play_id":"b7459718-fbba-4a7d-9e9c-4012243c9bf1","local_time":"20201216172346","daily_mods":["Colorless Cards","Heirloom","Flight","DeadlyEvents","Binary"],"is_ascension_mode":true,"campfire_choices":[{"data":"RitualDagger","floor":7,"key":"SMITH"},{"data":"Shockwave","floor":11,"key":"SMITH"},{"data":"Blood for Blood","floor":15,"key":"SMITH"},{"data":"Disarm","floor":23,"key":"SMITH"},{"data":"Blind","floor":28,"key":"SMITH"},{"data":"Combust","floor":32,"key":"SMITH"},{"data":"Dramatic Entrance","floor":40,"key":"SMITH"},{"data":"Rupture","floor":41,"key":"SMITH"},{"data":"Rupture","floor":44,"key":"SMITH"},{"data":"Ghostly Armor","floor":45,"key":"SMITH"},{"data":"Ghostly Armor","floor":49,"key":"SMITH"}],"circlet_count":0,"master_deck":["Blood for Blood+1","Bloodletting","Combust+1","Hemokinesis","Whirlwind+1","Reaper+1","RitualDagger+1","Hemokinesis","Flame Barrier+1","Hemokinesis+1","Flash of Steel+1","Flash of Steel+1","Madness+1","Madness+1","Shockwave+1","Ghostly Armor+1","Ghostly Armor+1","Hemokinesis","Bloodletting","Rupture+1","Disarm+1","Blind+1","Rupture+1","Dramatic Entrance+1","Blind+1","Shrug It Off+1"],"relics":["Burning Blood","Hammer of Thor","Seething Fire","Anvil of the Gods","MerchantsRug","Membership Card","Bottled Lightning","Kunai","Bag of Preparation","Red Mask","Mummified Hand","Anchor","Sundial","Bronze Scales","White Beast Statue","Lizard Tail","Frozen Eye","Oddly Smooth Stone","Runic Cube","Pantograph","Paper Frog","FossilizedHelix","Orichalcum","Pen Nib","HandDrill","The Courier"],"acts_visited":["Exordium","TheCity","TheBeyond"],"potions_floor_usage":[13,25,33,33,33,50,50,50],"damage_taken":[{"damage":2.0,"enemies":"Cultist","floor":1.0,"turns":3.0},{"damage":0.0,"enemies":"2 Louse","floor":3.0,"turns":1.0},{"damage":2.0,"enemies":"Jaw Worm","floor":4.0,"turns":2.0},{"damage":10.0,"enemies":"Blue Slaver","floor":5.0,"turns":2.0},{"damage":12.0,"enemies":"Lagavulin","floor":6.0,"turns":3.0},{"damage":29,"enemies":"3 Sentries","floor":10,"turns":4},{"damage":6,"enemies":"Large Slime","floor":13,"turns":2},{"damage":4,"enemies":"Gremlin Nob","floor":14,"turns":3},{"damage":24,"enemies":"Hexaghost","floor":16,"turns":5},{"damage":2,"enemies":"Spheric Guardian","floor":18,"turns":1},{"damage":18,"enemies":"Masked Bandits","floor":19,"turns":3},{"damage":3,"enemies":"3 Byrds","floor":22,"turns":3},{"damage":9,"enemies":"Gremlin Leader","floor":24,"turns":2},{"damage":18,"enemies":"Slavers","floor":25,"turns":3},{"damage":16,"enemies":"Gremlin Leader","floor":27,"turns":4},{"damage":13,"enemies":"3 Cultists","floor":30,"turns":3},{"damage":6,"enemies":"Shelled Parasite and Fungi","floor":31,"turns":3},{"damage":57,"enemies":"Collector","floor":33,"turns":6},{"damage":10,"enemies":"3 Darklings","floor":35,"turns":3},{"damage":5,"enemies":"Nemesis","floor":39,"turns":1},{"damage":5,"enemies":"Orb Walker","floor":46,"turns":1},{"damage":11,"enemies":"Giant Head","floor":48,"turns":4},{"damage":53,"enemies":"Awakened One","floor":50,"turns":6}],"seed_played":"6757392058622416323","potions_obtained":[{"floor":3.0,"key":"Dexterity Potion"},{"floor":10,"key":"Fire Potion"},{"floor":13,"key":"BlessingOfTheForge"},{"floor":19,"key":"CultistPotion"},{"floor":27,"key":"HeartOfIron"},{"floor":33,"key":"Swift Potion"},{"floor":35,"key":"Explosive Potion"},{"floor":38,"key":"Strength Potion"},{"floor":38,"key":"Dexterity Potion"},{"floor":46,"key":"DuplicationPotion"}],"is_trial":true,"path_per_floor":["M","$","M","M","M","E","R","?","T","E","R","$","M","E","R","B",null,"M","?","T","$","M","R","E","E","T","E","R","$","M","M","R","B",null,"M","$","?","?","E","R","R","$","T","R","R","M","$","E","R","B",null],"character_chosen":"IRONCLAD","items_purchased":["MerchantsRug","Membership Card","Lee\u0027s Waffle","Kunai","Armaments","Bag of Preparation","ColorlessPotion","Anchor","Sundial","Frozen Eye","Oddly Smooth Stone","Rupture","Pantograph","Paper Frog","Medical Kit","Dramatic Entrance","FossilizedHelix","Meat on the Bone","Pen Nib","HandDrill"],"campfire_rested":0,"item_purchase_floors":[2,2,12,12,12,12,21,21,21,29,29,29,36,36,36,36,42,42,47,47],"current_hp_per_floor":[80,80,80,80,76,70,70,70,77,54,54,94,94,94,94,76,94,94,82,82,82,94,94,91,81,81,87,87,87,82,84,84,49,94,94,94,94,94,94,94,94,94,94,94,94,94,94,89,89,54],"gold":153,"neow_bonus":"","is_daily":false,"chose_seed":false,"campfire_upgraded":11,"win_rate":0.0,"timestamp":1608157426,"path_taken":["M","$","M","M","?","E","R","?","T","?","R","?","?","?","R","BOSS","M","?","?","?","M","R","E","E","T","?","R","$","?","M","R","BOSS","M","$","?","?","?","R","R","?","T","R","R","?","$","?","R","BOSS"],"items_purchased_type":["Relic","Relic","Relic","Relic","Card","Relic","Potion","Relic","Relic","Relic","Relic","Card","Relic","Relic","Relic","Card","Relic","Relic","Relic","Relic"],"build_version":"2020-12-13","purchased_purges":2,"victory":true,"max_hp_per_floor":[80,80,80,80,80,80,80,80,87,87,87,94,94,94,94,94,94,94,94,94,94,94,94,94,94,94,94,94,94,94,94,94,94,94,94,94,94,94,94,94,94,94,94,94,94,94,94,94,94,94],"card_choices":[{"not_picked":["True Grit","Heavy Blade"],"picked":"SKIP","floor":1.0},{"not_picked":["Body Slam"],"picked":"Rampage","floor":3.0},{"not_picked":["Madness","Searing Blow"],"picked":"SKIP","floor":4.0},{"not_picked":["Heavy Blade","Twin Strike"],"picked":"SKIP","floor":5.0},{"not_picked":["Searing Blow","Seeing Red"],"picked":"SKIP","floor":6},{"not_picked":["Havoc","Violence"],"picked":"SKIP","floor":10},{"not_picked":["Infernal Blade","Perfected Strike"],"picked":"SKIP","floor":13},{"not_picked":["Thunderclap","Cleave"],"picked":"SKIP","floor":14},{"not_picked":["Feed"],"picked":"Thinking Ahead","floor":16},{"not_picked":["Dropkick","Sword Boomerang+1"],"picked":"SKIP","floor":18},{"not_picked":["Armaments"],"picked":"Disarm","floor":22},{"not_picked":["Sword Boomerang+1","Dramatic Entrance"],"picked":"SKIP","floor":24},{"not_picked":["Violence","Sword Boomerang"],"picked":"SKIP","floor":25},{"not_picked":["Seeing Red"],"picked":"Blind","floor":27},{"not_picked":["Evolve","Perfected Strike"],"picked":"SKIP","floor":30},{"not_picked":["Burning Pact","True Grit"],"picked":"SKIP","floor":31},{"not_picked":["Heavy Blade","Discovery+1"],"picked":"SKIP","floor":35},{"not_picked":["Master of Strategy"],"picked":"Blind+1","floor":39},{"not_picked":["True Grit+1"],"picked":"Shrug It Off+1","floor":46},{"not_picked":["Warcry+1","Shockwave+1"],"picked":"SKIP","floor":48}],"player_experience":343101,"relics_obtained":[{"floor":6,"key":"Bottled Lightning"},{"floor":9,"key":"Strawberry"},{"floor":10,"key":"Whetstone"},{"floor":14,"key":"Blood Vial"},{"floor":19,"key":"Red Mask"},{"floor":20,"key":"Mummified Hand"},{"floor":24,"key":"Regal Pillow"},{"floor":25,"key":"Bronze Scales"},{"floor":26,"key":"White Beast Statue"},{"floor":27,"key":"Lizard Tail"},{"floor":39,"key":"StrikeDummy"},{"floor":43,"key":"Orichalcum"},{"floor":48,"key":"The Courier"}],"event_choices":[{"damage_healed":0,"gold_gain":275,"player_choice":"Desecrate","damage_taken":0,"max_hp_gain":0,"max_hp_loss":0,"event_name":"Golden Shrine","floor":8,"gold_loss":0,"cards_obtained":["Regret"]},{"damage_healed":0,"gold_gain":0,"player_choice":"Fought Bandits","damage_taken":0,"max_hp_gain":0,"max_hp_loss":0,"event_name":"Masked Bandits","floor":19,"gold_loss":0},{"damage_healed":0,"gold_gain":222,"player_choice":"Wore Mask","damage_taken":0,"max_hp_gain":0,"max_hp_loss":0,"event_name":"Tomb of Lord Red Mask","floor":37,"gold_loss":0},{"damage_healed":0,"gold_gain":0,"player_choice":"Got Potions","damage_taken":0,"max_hp_gain":0,"max_hp_loss":0,"event_name":"Lab","floor":38,"gold_loss":0}],"is_beta":false,"boss_relics":[{"not_picked":["Snecko Eye","Fusion Hammer"],"picked":"Empty Cage"},{"not_picked":["Calling Bell","Sozu"],"picked":"Runic Cube"}],"items_purged_floors":[2,12],"is_endless":false,"potions_floor_spawned":[3,10,13,19,22,24,27,30,31,33,35,39,46,48],"ascension_level":4}}