{"host":"n91txuwnyvkdwz99","time":1608088473,"event":{"mods":["AchievementEnabler","BaseMod","Bestiary","Better Altar","Better Sensory Stone","Better Third Choice","CapriCore","Colored Map","Colored Powertips","Downfall","Infinite Spire","Koishi","Minty Spire (QoL Compilation)","Potionbrewer","Relic Stats","Replay The Spire","Spicy Shops","StSLib","The Blue Laboratory","The Immortal","TheSwordswoman"],"gold_per_floor":[116,130,144,144,155,155,155],"floor_reached":6,"playtime":450,"items_purged":[],"score":38,"play_id":"bb302879-32d9-4bc8-8690-b2908da6a52e","local_time":"20201215221433","is_ascension_mode":false,"campfire_choices":[],"circlet_count":0,"master_deck":["blazmod:Strike","blazmod:Strike","blazmod:Strike","blazmod:Strike","blazmod:Defend","blazmod:Defend","blazmod:Defend","blazmod:Defend","blazmod:ButterflyEffect+1","blazmod:Trasient","blazmod:PhysicalEndurance","blazmod:ClearTheMind"],"relics":["blazmod:Venustas"],"acts_visited":["Exordium"],"potions_floor_usage":[6,6],"damage_taken":[{"damage":4,"enemies":"Cultist","floor":1,"turns":4},{"damage":5,"enemies":"Small Slimes","floor":2,"turns":4},{"damage":0,"enemies":"2 Louse","floor":3,"turns":5},{"damage":11,"enemies":"Large Slime","floor":5,"turns":10},{"damage":20,"enemies":"Gremlin Nob","floor":6,"turns":3}],"seed_played":"1861371853713522719","potions_obtained":[{"floor":1,"key":"blueLaboratory:ExaltedPotion"},{"floor":3,"key":"potionbrewer:ToxicPotion"},{"floor":5,"key":"LiquidBronze"}],"is_trial":false,"path_per_floor":["M","M","M","?","M","E"],"character_chosen":"THE_SWORDSWOMAN","items_purchased":[],"campfire_rested":0,"item_purchase_floors":[],"current_hp_per_floor":[36,31,31,31,20,0,0],"gold":155,"neow_bonus":"TRANSFORM_CARD","is_daily":false,"chose_seed":false,"campfire_upgraded":0,"win_rate":0.0,"timestamp":1608088473,"path_taken":["M","?","M","?","M","E"],"items_purchased_type":[],"build_version":"2020-12-13","purchased_purges":0,"victory":false,"max_hp_per_floor":[40,40,40,40,40,40,40],"relic_stats":{"counters":[5,26],"obtain_stats":[{"blazmod:Venustas":0},{"blazmod:Venustas":0},{"blazmod:Venustas":0}]},"card_choices":[{"not_picked":["blazmod:StanceChange","blazmod:KatanaStrike"],"picked":"blazmod:PhysicalEndurance","floor":1},{"not_picked":["blazmod:Unrestrained","blazmod:ButterFlutter","blazmod:QuickBlade"],"picked":"SKIP","floor":2},{"not_picked":["blazmod:BladeOfEnlightenment","blazmod:FocusThroughFalls","blazmod:Crosscut"],"picked":"SKIP","floor":3},{"not_picked":["blazmod:FlashRock","blazmod:Valiance"],"picked":"blazmod:ClearTheMind","floor":5}],"player_experience":67694,"relics_obtained":[],"event_choices":[],"is_beta":false,"boss_relics":[],"items_purged_floors":[],"is_endless":false,"potions_floor_spawned":[1,3,5],"killed_by":"Gremlin Nob","ascension_level":0}}