{"host":"ryuep8ewa00k39z9","time":1608155436,"event":{"mods":["AchievementEnabler","BaseMod","Best Route Mod","Colored Map","Colored Powertips","Displayed Cursed Tome","Highlight Path","Minty Spire (QoL Compilation)","Quick Restart","SuperFastMode"],"gold_per_floor":[118,130,55,13,13,43,43,68,139,153,170,202,202,202,202,278,278,292,292,343,343,343],"floor_reached":21,"playtime":685,"items_purged":[],"score":407,"play_id":"3d252534-2cff-4f2b-bfbd-11e4355550d4","local_time":"20201216155036","is_ascension_mode":true,"campfire_choices":[{"data":"Heavy Blade","floor":13.0,"key":"SMITH"},{"data":"Heavy Blade","floor":15.0,"key":"SMITH"}],"circlet_count":0,"master_deck":["AscendersBane","Bash","Pummel","Spot Weakness","Heavy Blade+1","Heavy Blade+1","Armaments+1","Metallicize","Demon Form","Regret","Immolate","Body Slam","Wild Strike","Combust","Searing Blow","Body Slam","Uppercut","Seeing Red+1","Dropkick","Sentinel+1","Shockwave+1"],"relics":["Burning Blood","NeowsBlessing","Smiling Mask","Mercury Hourglass","Eternal Feather","Toxic Egg 2","Bag of Marbles","Pen Nib","Pandora\u0027s Box","Anchor"],"acts_visited":["Exordium","TheCity"],"potions_floor_usage":[16],"damage_taken":[{"damage":0.0,"enemies":"Cultist","floor":1.0,"turns":1.0},{"damage":0.0,"enemies":"2 Louse","floor":2.0,"turns":1.0},{"damage":0.0,"enemies":"3 Sentries","floor":6.0,"turns":2.0},{"damage":30.0,"enemies":"Lagavulin","floor":8.0,"turns":5.0},{"damage":7.0,"enemies":"Jaw Worm","floor":10.0,"turns":3.0},{"damage":6.0,"enemies":"Looter","floor":11.0,"turns":3.0},{"damage":7.0,"enemies":"Gremlin Nob","floor":12.0,"turns":3.0},{"damage":32,"enemies":"Slime Boss","floor":16,"turns":8},{"damage":40,"enemies":"Shell Parasite","floor":18,"turns":4},{"damage":31,"enemies":"Masked Bandits","floor":21,"turns":3}],"seed_played":"8950743765403804962","potions_obtained":[{"floor":2.0,"key":"Explosive Potion"},{"floor":12.0,"key":"SteroidPotion"}],"is_trial":false,"path_per_floor":["M","M","?","$","?","E","$","E","T","M","M","E","R","?","R","B",null,"M","?","T","?"],"character_chosen":"IRONCLAD","items_purchased":["Spot Weakness"],"campfire_rested":0,"item_purchase_floors":[4],"current_hp_per_floor":[74,75,75,75,64,70,70,46,46,45,45,44,53,53,62,36,65,31,31,31,0,0],"gold":343,"neow_bonus":"THREE_ENEMY_KILL","is_daily":false,"chose_seed":false,"campfire_upgraded":2,"win_rate":0.0,"timestamp":1608155436,"path_taken":["M","?","?","?","?","E","$","E","T","M","M","E","R","?","R","BOSS","M","?","?","?"],"items_purchased_type":["Card"],"build_version":"2020-12-13","purchased_purges":0,"victory":false,"max_hp_per_floor":[75,75,75,75,75,75,75,75,75,75,75,75,75,75,75,75,75,75,75,75,75,75],"card_choices":[{"not_picked":["Armaments","Thunderclap","True Grit"],"picked":"SKIP","floor":1.0},{"not_picked":["True Grit","Anger"],"picked":"Pummel","floor":2.0},{"not_picked":["Clothesline","Reckless Charge"],"picked":"Heavy Blade","floor":6.0},{"not_picked":["Carnage","Berserk"],"picked":"Heavy Blade","floor":8.0},{"not_picked":["Heavy Blade","True Grit+1"],"picked":"Armaments+1","floor":10.0},{"not_picked":["Body Slam","Intimidate+1"],"picked":"Metallicize","floor":11.0},{"not_picked":["Cleave","Dropkick"],"picked":"Demon Form","floor":12.0},{"not_picked":["Corruption","Impervious+1"],"picked":"Immolate","floor":16},{"not_picked":["Heavy Blade","Inflame"],"picked":"Sentinel+1","floor":18}],"player_experience":3249725,"relics_obtained":[{"floor":6.0,"key":"Mercury Hourglass"},{"floor":8.0,"key":"Eternal Feather"},{"floor":9.0,"key":"Toxic Egg 2"},{"floor":12.0,"key":"Bag of Marbles"},{"floor":20,"key":"Anchor"}],"event_choices":[{"cards_removed":["Strike_R"],"damage_healed":0.0,"max_hp_gain":0.0,"max_hp_loss":0.0,"gold_gain":0.0,"event_name":"The Cleric","player_choice":"Card Removal","floor":3.0,"gold_loss":75.0,"damage_taken":0.0},{"damage_healed":0.0,"max_hp_gain":0.0,"max_hp_loss":0.0,"gold_gain":0.0,"event_name":"Scrap Ooze","player_choice":"Success","floor":5.0,"gold_loss":0.0,"damage_taken":11.0,"relics_obtained":["Smiling Mask"]},{"damage_healed":0.0,"max_hp_gain":0.0,"max_hp_loss":0.0,"gold_gain":0.0,"event_name":"Big Fish","player_choice":"Box","floor":14.0,"gold_loss":0.0,"damage_taken":0.0,"relics_obtained":["Pen Nib"],"cards_obtained":["Regret"]},{"damage_healed":0,"gold_gain":0,"player_choice":"Read","damage_taken":0,"max_hp_gain":0,"max_hp_loss":0,"event_name":"The Library","floor":19,"gold_loss":0,"cards_obtained":["Shockwave"]},{"damage_healed":0,"gold_gain":0,"player_choice":"Fought Bandits","damage_taken":0,"max_hp_gain":0,"max_hp_loss":0,"event_name":"Masked Bandits","floor":21,"gold_loss":0}],"is_beta":false,"boss_relics":[{"not_picked":["Empty Cage","Fusion Hammer"],"picked":"Pandora\u0027s Box"}],"items_purged_floors":[],"is_endless":false,"potions_floor_spawned":[2,12],"killed_by":"Masked Bandits","ascension_level":17}}