{"host":"sav7uxregyirlf69","time":1608124582,"event":{"mods":["AchievementEnabler","BaseMod","Colored Map","DeckTracker","Keyboard Shortcuts","Minty Spire (QoL Compilation)","READ ME - Guardian Mod","StSLib","SuperFastMode"],"gold_per_floor":[112,122,132,132,132,132,146,146,146,71,91,21,49,69,69,165,215,226,26,42,42,42,75,75,75,75,92,125,139,154,188,188,188,188],"floor_reached":33,"playtime":528,"items_purged":["Strike_R","Strike_R"],"score":330,"play_id":"e31ed6f7-a9bc-4891-98dd-bfe754d86385","local_time":"20201216221622","is_ascension_mode":false,"campfire_choices":[{"data":"1","floor":6,"key":"LIFT"},{"data":"2","floor":8,"key":"LIFT"},{"data":"3","floor":15,"key":"LIFT"},{"data":"Exhume","floor":24,"key":"SMITH"},{"data":"Disarm","floor":32,"key":"SMITH"}],"circlet_count":0,"master_deck":["Strike_R","Strike_R+1","Strike_R+1","Defend_R","Defend_R","Defend_R","Defend_R","Bash","Wild Strike","Flame Barrier+1","Sword Boomerang","Twin Strike","Sword Boomerang","Pummel","Disarm+1","Feed+1","Seeing Red","Exhume+1","Necronomicurse","Spot Weakness","Perfected Strike+1","Body Slam+1","Shrug It Off+1","Shrug It Off+1"],"relics":["Burning Blood","Girya","Mercury Hourglass","Happy Flower","Odd Mushroom","Molten Egg 2","Tiny House","Membership Card","Necronomicon","Anchor","Blood Vial","StrikeDummy","Toxic Egg 2"],"acts_visited":["Exordium","TheCity"],"potions_floor_usage":[13,28,30,33,33,33],"damage_taken":[{"damage":6,"enemies":"Cultist","floor":1,"turns":3},{"damage":0,"enemies":"2 Louse","floor":2,"turns":2},{"damage":8,"enemies":"Jaw Worm","floor":3,"turns":3},{"damage":7,"enemies":"Blue Slaver","floor":7,"turns":2},{"damage":8,"enemies":"The Mushroom Lair","floor":11,"turns":3},{"damage":0,"enemies":"Lagavulin","floor":13,"turns":2},{"damage":6,"enemies":"Exordium Wildlife","floor":14,"turns":3},{"damage":13,"enemies":"The Guardian","floor":16,"turns":10},{"damage":0,"enemies":"3 Byrds","floor":18,"turns":4},{"damage":10,"enemies":"2 Thieves","floor":20,"turns":3},{"damage":19,"enemies":"Book of Stabbing","floor":23,"turns":5},{"damage":15,"enemies":"Centurion and Healer","floor":27,"turns":6},{"damage":1,"enemies":"Slavers","floor":28,"turns":4},{"damage":1,"enemies":"Chosen and Byrds","floor":29,"turns":3},{"damage":15,"enemies":"Snake Plant","floor":30,"turns":3},{"damage":12,"enemies":"Book of Stabbing","floor":31,"turns":3},{"damage":47,"enemies":"Collector","floor":33,"turns":6}],"seed_played":"7825961770946793297","potions_obtained":[{"floor":3,"key":"Strength Potion"},{"floor":13,"key":"Weak Potion"},{"floor":14,"key":"EntropicBrew"},{"floor":16,"key":"Fire Potion"},{"floor":23,"key":"PowerPotion"},{"floor":28,"key":"SkillPotion"},{"floor":30,"key":"LiquidMemories"},{"floor":31,"key":"HeartOfIron"}],"is_trial":false,"path_per_floor":["M","M","M","T","?","R","M","R","T","$","?","$","E","M","R","B",null,"M","$","M","?","?","E","R","?","T","M","E","M","M","E","R","B"],"character_chosen":"IRONCLAD","items_purchased":["Pummel","Membership Card"],"campfire_rested":0,"item_purchase_floors":[12,19],"current_hp_per_floor":[72,72,70,70,56,56,55,55,55,55,53,53,59,59,59,52,77,77,77,77,77,61,48,48,48,48,41,48,55,48,44,44,0,0],"gold":188,"neow_bonus":"ONE_RARE_RELIC","is_daily":false,"chose_seed":false,"campfire_upgraded":2,"win_rate":0.0,"timestamp":1608124582,"path_taken":["M","M","M","?","?","R","M","R","T","$","?","?","E","?","R","BOSS","M","$","M","?","?","E","R","?","T","M","E","M","M","E","R","BOSS"],"items_purchased_type":["Card","Relic"],"build_version":"2020-12-13","purchased_purges":2,"victory":false,"max_hp_per_floor":[72,72,72,72,72,72,72,72,72,72,72,72,72,72,72,72,77,77,77,81,81,81,81,81,81,81,81,81,81,81,81,81,81,81],"card_choices":[{"not_picked":["Warcry","Havoc"],"picked":"Wild Strike","floor":1},{"not_picked":["Warcry","Searing Blow"],"picked":"Flame Barrier","floor":2},{"not_picked":["Dual Wield","Pommel Strike"],"picked":"Sword Boomerang","floor":3},{"not_picked":["Headbutt","Perfected Strike"],"picked":"Twin Strike","floor":7},{"not_picked":["Pommel Strike","Anger"],"picked":"Sword Boomerang","floor":11},{"not_picked":["Rupture","Blood for Blood+1"],"picked":"Disarm","floor":13},{"not_picked":["Havoc","Flex","Sword Boomerang+1"],"picked":"SKIP","floor":14},{"not_picked":["Brutality","Immolate+1"],"picked":"Feed+1","floor":16},{"not_picked":["Havoc","Warcry"],"picked":"Seeing Red","floor":17},{"not_picked":["Armaments","Iron Wave+1","Wild Strike+1"],"picked":"SKIP","floor":18},{"not_picked":["Warcry","Iron Wave+1"],"picked":"Exhume","floor":20},{"not_picked":["Warcry","Sever Soul+1"],"picked":"Spot Weakness","floor":23},{"not_picked":["Thunderclap+1","Power Through"],"picked":"Perfected Strike+1","floor":27},{"not_picked":["Armaments","Reckless Charge+1"],"picked":"Body Slam+1","floor":28},{"not_picked":["Carnage+1","Burning Pact"],"picked":"Shrug It Off+1","floor":29},{"not_picked":["Flex","Shrug It Off","Clash+1"],"picked":"SKIP","floor":30},{"not_picked":["Shrug It Off+1","Anger+1","Combust+1"],"picked":"SKIP","floor":31},{"not_picked":["Anger+1","Combust+1"],"picked":"Shrug It Off+1","floor":31}],"player_experience":922248,"relics_obtained":[{"floor":4,"key":"Mercury Hourglass"},{"floor":9,"key":"Happy Flower"},{"floor":11,"key":"Odd Mushroom"},{"floor":13,"key":"Molten Egg 2"},{"floor":22,"key":"Necronomicon"},{"floor":23,"key":"Anchor"},{"floor":26,"key":"Blood Vial"},{"floor":28,"key":"StrikeDummy"},{"floor":31,"key":"Toxic Egg 2"}],"event_choices":[{"damage_healed":0,"gold_gain":0,"player_choice":"Entered Light","damage_taken":14,"max_hp_gain":0,"max_hp_loss":0,"event_name":"Shining Light","floor":5,"gold_loss":0,"cards_upgraded":["Strike_R","Strike_R"]},{"damage_healed":0,"gold_gain":0,"player_choice":"Fought Mushrooms","damage_taken":0,"max_hp_gain":0,"max_hp_loss":0,"event_name":"Mushrooms","floor":11,"gold_loss":0},{"damage_healed":0,"gold_gain":0,"player_choice":"Ignored","damage_taken":0,"max_hp_gain":0,"max_hp_loss":0,"event_name":"The Mausoleum","floor":21,"gold_loss":0},{"damage_healed":0,"gold_gain":0,"player_choice":"Obtained Book","damage_taken":16,"max_hp_gain":0,"max_hp_loss":0,"event_name":"Cursed Tome","floor":22,"gold_loss":0}],"is_beta":false,"boss_relics":[{"not_picked":["Mark of Pain","Ectoplasm"],"picked":"Tiny House"}],"items_purged_floors":[10,19],"is_endless":false,"potions_floor_spawned":[3,13,14,16,23,28,30,31],"killed_by":"Collector","ascension_level":0}}