{"host":"he07elbwfbprxmdo","time":1608158771,"event":{"mods":["BaseMod","Better Skull","Better Third Choice","Better Vampires","Clockwork Mod","Colored Map","Downfall","Energized Spire","Halation","Hermit","Highlight Path","Marisa????????","Minty Spire (QoL Compilation)","Relic Stats","Replay The Spire","StSLib","The Animator","The Servant 0.9.4","Unceasing Turn Reminder"],"gold_per_floor":[116,128,91,91,108,139,156,187,212,224,224,224,149,180,180,292,292,309,309,326,351,351,351,382,382,408,408,408,443,492,522,522,635,635,659,256,256,256,16,67,67,121,121,121,121,121,148,148,148,162,162,162,82,103,103],"floor_reached":54,"playtime":6748,"items_purged":["hermit:Defend_Hermit","hermit:Strike_Hermit"],"score":954,"play_id":"d342bfc5-13f9-4228-a0c4-92df9d3ab2b8","local_time":"20201217004611","is_ascension_mode":false,"campfire_choices":[{"data":"hermit:Scavenge","floor":12,"key":"SMITH"},{"data":"hermit:Scavenge","floor":23,"key":"SMITH"},{"data":"hermit:Brawl","floor":25,"key":"SMITH"},{"data":"hermit:HeroicBravado","floor":28,"key":"SMITH"},{"data":"hermit:Dive","floor":32,"key":"SMITH"},{"data":"hermit:Snapshot","floor":41,"key":"SMITH"},{"data":"Pot Of Greed","floor":45,"key":"SMITH"},{"floor":49,"key":"RECALL"},{"data":"Pot Of Greed","floor":52,"key":"SMITH"}],"circlet_count":0,"master_deck":["hermit:Strike_Hermit","hermit:Strike_Hermit","hermit:Strike_Hermit","hermit:Defend_Hermit","hermit:Defend_Hermit","hermit:Defend_Hermit","hermit:Snapshot+1","hermit:Covet","hermit:Brawl+1","hermit:Scavenge+1","hermit:Headshot+1","hermit:BodyArmor","hermit:Dissolve+1","hermit:HeroicBravado+1","hermit:HighCaliber+1","hermit:Scavenge+1","Pot Of Greed+1","Pot Of Greed","hermit:Dive+1","CurseOfTheBell","Replay:Sluggish","hermit:Scavenge+1","hermit:EyeOfTheStorm+1","hermit:Brawl+1","Pot Of Greed+1","hermit:FullyLoaded","Dramatic Entrance","hermit:TakeAim"],"relics":["hermit:Momento","Replay:Baseball","ReplayFunnel","Juzu Bracelet","Toy Ornithopter","energizedSpire:NeverEndingSparkler","halation:YellowSoulGem","Grinning Jar","Red Mask","Strawberry","Calling Bell","Nunchaku","Letter Opener","Ice Cream","halation:Komachan","Centennial Puzzle","Shuriken","Bottled Flame","Gremlin Horn"],"acts_visited":["Exordium","TheCity","TheBeyond","TheEnding"],"potions_floor_usage":[8,8,21,29,50,54],"damage_taken":[{"damage":0,"enemies":"2 Louse","floor":1,"turns":2},{"damage":2,"enemies":"Cultist","floor":2,"turns":5},{"damage":3,"enemies":"Jaw Worm","floor":5,"turns":6},{"damage":4,"enemies":"Lagavulin","floor":6,"turns":7},{"damage":2,"enemies":"Exordium Thugs","floor":7,"turns":4},{"damage":13,"enemies":"3 Sentries","floor":8,"turns":7},{"damage":13,"enemies":"Red Slaver","floor":10,"turns":3},{"damage":9,"enemies":"Gremlin Nob","floor":14,"turns":4},{"damage":6,"enemies":"Fading Forest","floor":16,"turns":11},{"damage":0,"enemies":"3 Byrds","floor":18,"turns":6},{"damage":2,"enemies":"Shell Parasite","floor":20,"turns":6},{"damage":2,"enemies":"Chosen and Byrds","floor":21,"turns":8},{"damage":8,"enemies":"Snake Plant","floor":24,"turns":6},{"damage":1,"enemies":"Masked Bandits","floor":29,"turns":4},{"damage":5,"enemies":"Gremlin Leader","floor":30,"turns":7},{"damage":3,"enemies":"Centurion and Healer","floor":31,"turns":6},{"damage":22,"enemies":"Pondfish","floor":33,"turns":14},{"damage":13,"enemies":"3 Shapes","floor":35,"turns":11},{"damage":2,"enemies":"Giant Head","floor":40,"turns":11},{"damage":0,"enemies":"R_Hoarder","floor":42,"turns":9},{"damage":5,"enemies":"Orb Walker","floor":47,"turns":4},{"damage":2,"enemies":"Donu and Deca","floor":50,"turns":10},{"damage":134,"enemies":"Shield and Spear","floor":54,"turns":6}],"seed_played":"1807324272345876043","potions_obtained":[{"floor":1,"key":"FairyPotion"},{"floor":2,"key":"champ:CounterPotion"},{"floor":5,"key":"ColorlessPotion"},{"floor":16,"key":"SpeedPotion"},{"floor":20,"key":"Explosive Potion"},{"floor":30,"key":"SpeedPotion"},{"floor":33,"key":"hermit:Tonic"},{"floor":35,"key":"DuplicationPotion"}],"is_trial":false,"path_per_floor":["M","M","$","?","M","E","M","E","T","M","?","R","$","E","R_BF","B",null,"M","?","M","M","?","R","M","R","T","?","R","?","E","M","R","B",null,"M","$","?","?","$","E","R","E","T","?","R","$","M","?","R_BF","B",null,"R","$","E"],"character_chosen":"HERMIT","items_purchased":["hermit:Scavenge","halation:Komachan","Centennial Puzzle","Shuriken","hermit:TakeAim"],"campfire_rested":0,"item_purchase_floors":[3,36,36,39,53],"current_hp_per_floor":[75,73,73,85,82,78,76,63,63,50,50,50,50,41,66,70,85,85,85,83,83,83,83,75,75,75,75,75,79,81,78,78,56,92,79,79,79,79,79,77,77,77,77,77,77,77,72,72,72,75,92,92,92,0,0],"gold":103,"neow_bonus":"ONE_RANDOM_RARE_CARD","is_daily":false,"chose_seed":false,"campfire_upgraded":8,"win_rate":0.0,"timestamp":1608158771,"path_taken":["M","M","$","?","?","E","M","E","T","M","?","R","?","E","R_BF","BOSS","M","?","M","M","?","R","M","R","T","?","R","?","E","M","R","BOSS","M","$","?","?","?","E","R","E","T","?","R","$","M","?","R_BF","BOSS","R","$","E"],"items_purchased_type":["Card","Relic","Relic","Relic","Card"],"build_version":"2020-12-13","purchased_purges":2,"victory":false,"max_hp_per_floor":[75,75,75,85,85,85,85,85,85,85,85,85,85,85,85,85,85,85,85,85,85,85,85,85,85,85,85,85,85,92,92,92,92,92,92,92,92,92,92,92,92,92,92,92,92,92,92,92,92,92,92,92,92,92,92],"relic_stats":{"Nunchaku":[8],"Centennial Puzzle":[12],"Gremlin Horn":[1,1],"counters":[23,157],"Shuriken":[8],"Juzu Bracelet":2,"Letter Opener":[140],"obtain_stats":[{"ReplayFunnel":8,"halation:YellowSoulGem":19,"Ice Cream":34,"Gremlin Horn":42,"Juzu Bracelet":9,"halation:Komachan":36,"Letter Opener":34,"Calling Bell":34,"Replay:Baseball":6,"Nunchaku":34,"Centennial Puzzle":36,"Bottled Flame":40,"energizedSpire:NeverEndingSparkler":17,"Shuriken":39,"Strawberry":30,"Red Mask":29,"Grinning Jar":26,"hermit:Momento":0,"Toy Ornithopter":14},{"ReplayFunnel":6,"halation:YellowSoulGem":10,"Ice Cream":17,"Gremlin Horn":20,"Juzu Bracelet":6,"halation:Komachan":18,"Letter Opener":17,"Calling Bell":17,"Replay:Baseball":4,"Nunchaku":17,"Centennial Puzzle":18,"Bottled Flame":19,"energizedSpire:NeverEndingSparkler":9,"Shuriken":18,"Strawberry":15,"Red Mask":14,"Grinning Jar":13,"hermit:Momento":0,"Toy Ornithopter":8},{"ReplayFunnel":31,"halation:YellowSoulGem":55,"Ice Cream":106,"Gremlin Horn":137,"Juzu Bracelet":31,"halation:Komachan":117,"Letter Opener":106,"Calling Bell":106,"Replay:Baseball":20,"Nunchaku":106,"Centennial Puzzle":117,"Bottled Flame":128,"energizedSpire:NeverEndingSparkler":49,"Shuriken":117,"Strawberry":86,"Red Mask":79,"Grinning Jar":75,"hermit:Momento":0,"Toy Ornithopter":38}],"Toy Ornithopter":17},"card_choices":[{"not_picked":["hermit:Misfire","hermit:LuckOfTheDraw"],"picked":"hermit:Brawl","floor":1},{"not_picked":["hermit:TrackingShot","hermit:Manifest","hermit:Feint"],"picked":"SKIP","floor":2},{"not_picked":["hermit:Vantage","hermit:Manifest"],"picked":"hermit:Headshot","floor":5},{"not_picked":["hermit:Ricochet","hermit:HoleUp","hermit:PistolWhip"],"picked":"SKIP","floor":6},{"not_picked":["hermit:Vantage","hermit:HighCaliber"],"picked":"hermit:BodyArmor","floor":7},{"not_picked":["hermit:Roulette","hermit:WideOpen"],"picked":"hermit:Dissolve","floor":8},{"not_picked":["hermit:WideOpen","hermit:Vantage","hermit:Roulette"],"picked":"SKIP","floor":10},{"not_picked":["hermit:TrackingShot","hermit:Desperado","hermit:Gambit"],"picked":"SKIP","floor":14},{"not_picked":["hermit:FromBeyond","hermit:Reprieve"],"picked":"hermit:HeroicBravado","floor":16},{"not_picked":["hermit:Determination","hermit:EyeOfTheStorm"],"picked":"hermit:HighCaliber+1","floor":18},{"not_picked":["hermit:Combo+1","hermit:LowProfile","hermit:Feint"],"picked":"SKIP","floor":20},{"not_picked":["hermit:TrackingShot","hermit:GoldenBullet+1"],"picked":"hermit:Scavenge","floor":21},{"not_picked":["hermit:WideOpen+1","hermit:CalledShot","hermit:LowProfile"],"picked":"SKIP","floor":24},{"not_picked":["hermit:Misfire","hermit:FlashPowder","hermit:Headshot+1"],"picked":"SKIP","floor":30},{"not_picked":["hermit:BodyArmor","hermit:Magnum"],"picked":"hermit:Dive","floor":31},{"not_picked":["hermit:Enervate+1","hermit:WideOpen","hermit:Quickdraw+1"],"picked":"SKIP","floor":35},{"not_picked":["hermit:BodyArmor+1","hermit:CalledShot+1"],"picked":"hermit:EyeOfTheStorm+1","floor":40},{"not_picked":["hermit:Quickdraw","hermit:Dive"],"picked":"hermit:Brawl+1","floor":42},{"not_picked":["hermit:Showdown","hermit:Manifest","hermit:Feint"],"picked":"SKIP","floor":47},{"not_picked":["Flash of Steel","Trip"],"picked":"Dramatic Entrance","floor":48}],"player_experience":50586,"relics_obtained":[{"floor":6,"key":"Replay:Baseball"},{"floor":8,"key":"ReplayFunnel"},{"floor":9,"key":"Juzu Bracelet"},{"floor":14,"key":"Toy Ornithopter"},{"floor":26,"key":"Grinning Jar"},{"floor":29,"key":"Red Mask"},{"floor":30,"key":"Strawberry"},{"floor":34,"key":"Nunchaku"},{"floor":34,"key":"Letter Opener"},{"floor":34,"key":"Ice Cream"},{"floor":40,"key":"Bottled Flame"},{"floor":42,"key":"Gremlin Horn"}],"event_choices":[{"cards_removed":["hermit:Purgatory"],"damage_healed":2,"gold_gain":0,"player_choice":"Offered Rare","damage_taken":0,"max_hp_gain":10,"max_hp_loss":0,"event_name":"Bonfire Elementals","floor":4,"gold_loss":0},{"damage_healed":0,"gold_gain":0,"player_choice":"Upgraded","damage_taken":0,"max_hp_gain":0,"max_hp_loss":0,"event_name":"Upgrade Shrine","floor":11,"gold_loss":0,"cards_upgraded":["hermit:Headshot"]},{"damage_healed":0,"gold_gain":0,"player_choice":"Ignored","damage_taken":0,"max_hp_gain":0,"max_hp_loss":0,"event_name":"Vampires","floor":22,"gold_loss":0},{"damage_healed":0,"gold_gain":0,"player_choice":"Fought Bandits","damage_taken":0,"max_hp_gain":0,"max_hp_loss":0,"event_name":"Masked Bandits","floor":29,"gold_loss":0},{"damage_healed":0,"gold_gain":0,"player_choice":"2 cards matched","damage_taken":0,"max_hp_gain":0,"max_hp_loss":0,"event_name":"Match and Keep!","floor":37,"gold_loss":0,"cards_obtained":["hermit:RoundhouseKick","Replay:Sluggish"]},{"damage_healed":0,"gold_gain":0,"player_choice":"Copied","damage_taken":0,"max_hp_gain":0,"max_hp_loss":0,"event_name":"Duplicator","floor":38,"gold_loss":0,"cards_obtained":["hermit:Scavenge"]},{"damage_healed":0,"gold_gain":0,"cards_transformed":["hermit:RoundhouseKick"],"player_choice":"Transformed","damage_taken":0,"max_hp_gain":0,"max_hp_loss":0,"event_name":"Transmorgrifier","floor":44,"gold_loss":0,"cards_obtained":["hermit:FullyLoaded"]},{"damage_healed":0,"gold_gain":0,"player_choice":"Memory 1","damage_taken":0,"max_hp_gain":0,"max_hp_loss":0,"event_name":"SensoryStone","floor":48,"gold_loss":0}],"is_beta":false,"boss_relics":[{"not_picked":["halation:ForbiddenBikini","Painkiller Herb"],"picked":"energizedSpire:NeverEndingSparkler"},{"not_picked":["Coffee Dripper","Sozu"],"picked":"Calling Bell"}],"items_purged_floors":[13,36],"is_endless":false,"potions_floor_spawned":[1,2,5,16,20,30,33,35,47],"killed_by":"Shield and Spear","ascension_level":0}}