{"host":"z7uf2ohomj0wklrw","time":1608146942,"event":{"mods":["BaseMod","Downfall","Minty Spire (QoL Compilation)","StSLib"],"gold_per_floor":[99,99,24,35,54,79,79,90,90,116,135,155,172,172,182,182,182],"floor_reached":16,"playtime":706,"items_purged":[],"score":120,"play_id":"f195fd65-6496-4a11-bddd-08874989a647","local_time":"20201216122902","is_ascension_mode":true,"campfire_choices":[{"floor":1,"key":"RECALL"},{"data":"champ:Taunt","floor":3,"key":"SMITH"},{"data":"champ:Circumvent","floor":9,"key":"SMITH"}],"circlet_count":0,"master_deck":["champ:Strike","champ:Strike","champ:Strike","champ:Strike","champ:Defend","champ:Defend","champ:Defend","champ:Defend","champ:Execute","champ:Taunt+1","champ:SwordSigil","Pain","champ:TornadoPunch","champ:Aggression","champ:Lariat","champ:Circumvent+1","champ:ShieldThrow","champ:Aggression","champ:Circumvent","champ:BladeFlurry"],"relics":["champ:ChampionCrown","WarpedTongs","downfall:HeartBlessingRed","Toy Ornithopter","Mummified Hand","Singing Bowl"],"acts_visited":["Exordium"],"potions_floor_usage":[10,12,16],"damage_taken":[{"damage":14,"enemies":"Jaw Worm","floor":4,"turns":3},{"damage":8,"enemies":"Cultist","floor":5,"turns":3},{"damage":41,"enemies":"Lagavulin","floor":6,"turns":5},{"damage":2,"enemies":"2 Louse","floor":8,"turns":1},{"damage":12,"enemies":"Gremlin Nob","floor":10,"turns":3},{"damage":4,"enemies":"2 Fungi Beasts","floor":11,"turns":3},{"damage":27,"enemies":"Blue Slaver","floor":12,"turns":3},{"damage":32,"enemies":"Exordium Wildlife","floor":13,"turns":4},{"damage":24,"enemies":"Exordium Thugs","floor":15,"turns":6},{"damage":38,"enemies":"downfall:Ironclad","floor":16,"turns":2}],"seed_played":"-3093103722817944961","potions_obtained":[{"floor":4,"key":"Strength Potion"},{"floor":8,"key":"SteroidPotion"},{"floor":10,"key":"AttackPotion"},{"floor":12,"key":"champ:UltimateStancePotion"},{"floor":15,"key":"sneckomod:MuddlingPotion"}],"is_trial":false,"path_per_floor":["R","?","R","M","M","E","T","M","R","E","M","M","M","?","M","B"],"character_chosen":"THE_CHAMP","items_purchased":[],"campfire_rested":0,"item_purchase_floors":[],"current_hp_per_floor":[90,90,90,81,78,54,54,52,52,45,41,40,23,28,17,0,0],"gold":182,"neow_bonus":"THREE_CARDS","is_daily":false,"chose_seed":false,"campfire_upgraded":2,"win_rate":0.0,"timestamp":1608146942,"path_taken":["R","?","R","M","M","E","T","M","R","E","M","M","?","?","M","BOSS"],"items_purchased_type":[],"build_version":"2020-12-13","purchased_purges":0,"victory":false,"max_hp_per_floor":[90,90,90,90,90,90,90,90,90,90,90,90,92,97,97,97,97],"card_choices":[{"not_picked":["champ:SkillfulDodge","champ:Encircle"],"picked":"champ:SwordSigil","floor":0},{"not_picked":["champ:RecklessLeap","champ:StanceDance"],"picked":"champ:TornadoPunch","floor":4},{"not_picked":["champ:FocusedBerserking","champ:PreciseThrust"],"picked":"champ:Aggression","floor":5},{"not_picked":["champ:FightOn","champ:ShieldSigil"],"picked":"champ:Lariat","floor":6},{"not_picked":["champ:PreciseThrust","champ:GutPunch"],"picked":"champ:Circumvent","floor":8},{"not_picked":["champ:TornadoPunch","champ:BringItOn"],"picked":"champ:ShieldThrow","floor":10},{"not_picked":["champ:EnragedBash","champ:Haymaker"],"picked":"champ:Aggression","floor":11},{"not_picked":["champ:CrookedStrike","champ:BerserkersShout"],"picked":"champ:Circumvent","floor":12},{"not_picked":["champ:Haymaker","champ:FanOfKnives","champ:SwordSigil"],"picked":"Singing Bowl","floor":13},{"not_picked":["champ:IronFortress","champ:SwordSigil"],"picked":"champ:BladeFlurry","floor":15}],"player_experience":934075,"relics_obtained":[{"floor":6,"key":"Toy Ornithopter"},{"floor":7,"key":"Mummified Hand"},{"floor":10,"key":"Singing Bowl"}],"event_choices":[{"damage_healed":0,"gold_gain":0,"player_choice":"Rummage","damage_taken":0,"relics_obtained":["WarpedTongs"],"max_hp_gain":0,"max_hp_loss":0,"event_name":"Accursed Blacksmith","floor":2,"gold_loss":0,"cards_obtained":["Pain"]},{"damage_healed":0,"gold_gain":0,"player_choice":"Donut","damage_taken":0,"max_hp_gain":5,"max_hp_loss":0,"event_name":"Big Fish","floor":14,"gold_loss":0}],"is_beta":false,"boss_relics":[],"items_purged_floors":[],"is_endless":false,"potions_floor_spawned":[4,8,10,12,15],"killed_by":"downfall:Ironclad","ascension_level":1}}