{"host":"2461dio7vetlq1z3","time":1608131200,"event":{"mods":["2.2 Compatiblity","AchievementEnabler","Aspiration","BaseMod","Better Third Choice","Hermit","Minty Spire (QoL Compilation)","Relic Stats","Spicy Shops","StSLib","The Hierophant","Waifu the Spire"],"gold_per_floor":[114,114,127,127,140,140,174,191,191,191,63,93,115,115,115,216,216,234,188,194,194,201,201,222,222,290,290,319,116,116,124,124,229,229,246,246],"floor_reached":35,"playtime":1804,"items_purged":["hierophant:Strike_Hierophant","hierophant:Strike_Hierophant"],"score":379,"play_id":"7bceeba9-40ee-4255-b463-de3222a2c6cd","local_time":"20201216160640","is_ascension_mode":false,"campfire_choices":[{"data":"hierophant:Determination","floor":6,"key":"SMITH"},{"data":"hierophant:ChurchCoffers","floor":10,"key":"SMITH"},{"data":"hierophant:Repentance","floor":15,"key":"SMITH"},{"data":"hierophant:Invocation","floor":23,"key":"SMITH"},{"data":"hierophant:MorningPrayer","floor":25,"key":"SMITH"},{"data":"hierophant:Endure","floor":27,"key":"SMITH"},{"floor":32,"key":"RECALL"}],"circlet_count":0,"master_deck":["hierophant:Punish","hierophant:Defend_Hierophant","hierophant:Defend_Hierophant","hierophant:ChurchCoffers+1","hierophant:Determination+1","hierophant:Endure+1","hierophant:Purify","Unload","Crippling Poison","Choke","hierophant:OrnateBuckler","hierophant:MorningPrayer+1","hierophant:Repentance+1","hierophant:HolyVerse","hierophant:Kindle","hierophant:Invocation+1","hierophant:Glossolalia","hierophant:Invocation","hierophant:Anathema"],"relics":["hierophant:PropheticMaskRelic","Bag of Preparation","Nunchaku","Snecko Eye","Ornamental Fan","Question Card","Membership Card","MutagenicStrength","aspiration:RunicSpoon"],"acts_visited":["Exordium","TheCity","TheBeyond"],"potions_floor_usage":[16,16],"damage_taken":[{"damage":1,"enemies":"Jaw Worm","floor":1,"turns":6},{"damage":7,"enemies":"Small Slimes","floor":3,"turns":4},{"damage":0,"enemies":"2 Louse","floor":5,"turns":2},{"damage":20,"enemies":"3 Sentries","floor":7,"turns":10},{"damage":0,"enemies":"2 Fungi Beasts","floor":8,"turns":4},{"damage":19,"enemies":"Blue Slaver","floor":13,"turns":4},{"damage":23,"enemies":"Slime Boss","floor":16,"turns":14},{"damage":0,"enemies":"Spheric Guardian","floor":18,"turns":1},{"damage":7,"enemies":"2 Thieves","floor":19,"turns":3},{"damage":0,"enemies":"Snake Plant","floor":20,"turns":3},{"damage":0,"enemies":"Chosen and Byrds","floor":22,"turns":3},{"damage":0,"enemies":"Snecko","floor":24,"turns":3},{"damage":4,"enemies":"Book of Stabbing","floor":28,"turns":4},{"damage":1,"enemies":"3 Cultists","floor":31,"turns":3},{"damage":27,"enemies":"Collector","floor":33,"turns":7},{"damage":0,"enemies":"Orb Walker","floor":35,"turns":2}],"seed_played":"-9012755178103202842","potions_obtained":[{"floor":1,"key":"GamblersBrew"},{"floor":3,"key":"SpeedPotion"},{"floor":13,"key":"DistilledChaos"},{"floor":18,"key":"Block Potion"},{"floor":20,"key":"Explosive Potion"},{"floor":22,"key":"Weak Potion"}],"is_trial":false,"path_per_floor":["M","?","M","?","M","R","E","M","T","R","$","?","M","T","R","B",null,"M","M","M","?","M","R","M","R","T","R","E","$","?","M","R","B",null,"M"],"character_chosen":"HIEROPHANT","items_purchased":["hierophant:HolyVerse","Membership Card"],"campfire_rested":0,"item_purchase_floors":[11,29],"current_hp_per_floor":[75,68,65,65,65,65,46,49,49,49,49,49,36,36,36,30,75,75,75,75,75,75,75,75,75,75,75,75,75,75,75,75,75,75,75,75],"gold":246,"neow_bonus":"ONE_RANDOM_RARE_CARD","is_daily":false,"chose_seed":false,"campfire_upgraded":6,"win_rate":0.0,"timestamp":1608131200,"path_taken":["M","?","M","?","M","R","E","M","T","R","?","?","M","?","R","BOSS","M","M","M","?","M","R","M","R","T","R","E","$","?","M","R","BOSS","M"],"items_purchased_type":["Card","Relic"],"build_version":"2020-12-13","purchased_purges":2,"victory":false,"max_hp_per_floor":[75,75,75,75,75,75,75,75,75,75,75,75,75,75,75,75,75,75,75,75,75,75,75,75,75,75,75,75,75,75,75,75,75,75,75,75],"relic_stats":{"Nunchaku":[5],"counters":[16,73],"Ornamental Fan":[8],"aspiration:RunicSpoon":[6],"Snecko Eye":[59,63,68,60],"Bag of Preparation":[24],"Question Card":6,"obtain_stats":[{"Nunchaku":14,"Ornamental Fan":26,"hierophant:PropheticMaskRelic":0,"MutagenicStrength":30,"aspiration:RunicSpoon":34,"Snecko Eye":17,"Bag of Preparation":7,"Membership Card":29,"Question Card":28},{"Nunchaku":6,"Ornamental Fan":12,"hierophant:PropheticMaskRelic":0,"MutagenicStrength":13,"aspiration:RunicSpoon":15,"Snecko Eye":7,"Bag of Preparation":4,"Membership Card":13,"Question Card":13},{"Nunchaku":30,"Ornamental Fan":57,"hierophant:PropheticMaskRelic":0,"MutagenicStrength":61,"aspiration:RunicSpoon":71,"Snecko Eye":44,"Bag of Preparation":22,"Membership Card":61,"Question Card":61}]},"card_choices":[{"not_picked":["hierophant:Chorus","hierophant:Sermon"],"picked":"hierophant:Endure","floor":1},{"not_picked":["hierophant:FieryStrike","hierophant:SecretStash"],"picked":"hierophant:Purify","floor":3},{"not_picked":["hierophant:Doubloon","hierophant:Mercenaries"],"picked":"hierophant:OrnateBuckler","floor":5},{"not_picked":["hierophant:SealAway","hierophant:Rebuild"],"picked":"hierophant:MorningPrayer","floor":7},{"not_picked":["hierophant:RecallFunds","hierophant:Refuge"],"picked":"hierophant:Repentance","floor":8},{"not_picked":["hierophant:Charity","hierophant:Purify"],"picked":"hierophant:Kindle","floor":13},{"not_picked":["hierophant:Determination","hierophant:LocustPlague"],"picked":"hierophant:Invocation","floor":16},{"not_picked":["hierophant:SolarFlare","hierophant:FlamingChariot+1"],"picked":"hierophant:Glossolalia","floor":18},{"not_picked":["hierophant:MirrorShield+1","hierophant:FaithHealing","hierophant:ThreeLashes"],"picked":"SKIP","floor":19},{"not_picked":["hierophant:SecretStash","hierophant:Purify","hierophant:FaithHealing"],"picked":"SKIP","floor":20},{"not_picked":["hierophant:TollTheBells","hierophant:HammerAndAnvil","hierophant:Encroach+1"],"picked":"SKIP","floor":22},{"not_picked":["hierophant:Upheaval","hierophant:RustyCrate","hierophant:Sermon"],"picked":"SKIP","floor":24},{"not_picked":["hierophant:MorningPrayer","hierophant:RepressedViolence"],"picked":"hierophant:Invocation","floor":28},{"not_picked":["hierophant:Martyrdom","hierophant:Encroach","hierophant:DisplayOfPower","hierophant:AuricBeam"],"picked":"SKIP","floor":31},{"not_picked":["hierophant:Kindle","hierophant:LocustPlague","hierophant:BulkyChest"],"picked":"hierophant:Anathema","floor":33}],"player_experience":723756,"relics_obtained":[{"floor":7,"key":"Bag of Preparation"},{"floor":14,"key":"Nunchaku"},{"floor":26,"key":"Ornamental Fan"},{"floor":28,"key":"Question Card"}],"event_choices":[{"cards_removed":["hierophant:Defend_Hierophant"],"damage_healed":0,"gold_gain":0,"player_choice":"Card Removal","damage_taken":7,"max_hp_gain":0,"max_hp_loss":0,"event_name":"Golden Wing","floor":2,"gold_loss":0},{"damage_healed":0,"gold_gain":30,"player_choice":"Searched \u00272\u0027 times","damage_taken":0,"max_hp_gain":0,"max_hp_loss":0,"event_name":"Dead Adventurer","floor":12,"gold_loss":0},{"damage_healed":0,"gold_gain":0,"player_choice":"Inject Mutagens","damage_taken":0,"relics_obtained":["MutagenicStrength"],"max_hp_gain":0,"max_hp_loss":0,"event_name":"Drug Dealer","floor":30,"gold_loss":0}],"is_beta":false,"boss_relics":[{"not_picked":["SacredBark","Busted Crown"],"picked":"Snecko Eye"},{"not_picked":["Black Star","Runic Pyramid"],"picked":"aspiration:RunicSpoon"}],"items_purged_floors":[11,29],"is_endless":false,"potions_floor_spawned":[1,3,13,18,20,22,24],"killed_by":"Orb Walker","ascension_level":0}}