{"host":"l99crexq2sc8megk","time":1608125039,"event":{"mods":["BaseMod","Downfall","Hermit","Minty Spire (QoL Compilation)","Quick Restart","Replay The Spire","StSLib","The Cursed"],"gold_per_floor":[111,111,123,45,61,89,107,107,107,137,16,35,52,52,52,128,128,141,81,91,91,11,11,25,25,25],"floor_reached":25,"playtime":902,"items_purged":["Looming Evil","Decay"],"score":362,"play_id":"db8e7c97-c4ae-40dd-9304-27b3b495353c","local_time":"20201216212359","is_ascension_mode":true,"campfire_choices":[{"data":"Perfected Strike","floor":8,"key":"SMITH"},{"floor":15,"key":"REST"},{"floor":23,"key":"REST"}],"circlet_count":0,"master_deck":["AscendersBane","Strike_R","Strike_R","Strike_R","Strike_R","Strike_R","Defend_R","Defend_R","Defend_R","Defend_R","Bash","Twin Strike+1","Flex","Shrug It Off","Perfected Strike+1","Inflame","Perfected Strike","Cleave","Clumsy","Anger"],"relics":["Burning Blood","NeowsBlessing","The Courier","Thread and Needle","Toolbox","Replay:Ancient Bell","Blue Doll","Singing Bowl","Prayer Wheel","BranchBurnRelic"],"acts_visited":["Exordium","TheCity"],"potions_floor_usage":[16,16,18],"damage_taken":[{"damage":0.0,"enemies":"2 Louse","floor":1.0,"turns":1.0},{"damage":0.0,"enemies":"Cultist","floor":3.0,"turns":1.0},{"damage":0.0,"enemies":"Small Slimes","floor":5.0,"turns":1.0},{"damage":30,"enemies":"Gremlin Nob","floor":6,"turns":4},{"damage":10,"enemies":"Red Slaver","floor":7,"turns":3},{"damage":33,"enemies":"Lagavulin","floor":10,"turns":5},{"damage":2,"enemies":"Exordium Wildlife","floor":12,"turns":4},{"damage":6,"enemies":"2 Fungi Beasts","floor":13,"turns":1},{"damage":42,"enemies":"Slime Boss","floor":16,"turns":7},{"damage":30,"enemies":"Shell Parasite","floor":18,"turns":4},{"damage":56,"enemies":"3 Byrds","floor":20,"turns":6},{"damage":19,"enemies":"3 Cultists","floor":24,"turns":5},{"damage":5,"enemies":"Book of Stabbing","floor":25,"turns":2}],"seed_played":"-4508530935171942556","potions_obtained":[{"floor":1.0,"key":"Languid Potion"},{"floor":6,"key":"Dexterity Potion"},{"floor":7,"key":"Swift Potion"},{"floor":16,"key":"BloodPotion"},{"floor":18,"key":"BloodPotion"},{"floor":20,"key":"Fire Potion"}],"is_trial":false,"path_per_floor":["M","?","M","$","M","E","M","R","T","E","$","M","M","?","R","B",null,"M","$","M","?","$","R","M","E"],"character_chosen":"IRONCLAD","items_purchased":["Shrug It Off","Perfected Strike","Toolbox"],"campfire_rested":2,"item_purchase_floors":[4,4,11],"current_hp_per_floor":[74,74,75,75,75,51,47,47,47,20,20,24,24,24,46,25,69,63,63,17,17,17,43,48,43,43],"gold":25,"neow_bonus":"THREE_ENEMY_KILL","is_daily":false,"chose_seed":false,"campfire_upgraded":1,"win_rate":0.0,"timestamp":1608125039,"path_taken":["M","?","?","$","M","E","M","R","T","E","?","M","M","?","R","BOSS","M","$","M","?","$","R","M","E"],"items_purchased_type":["Card","Card","Relic"],"build_version":"2020-12-13","purchased_purges":2,"victory":false,"max_hp_per_floor":[75,75,75,75,75,75,75,75,75,75,75,75,75,75,75,75,81,83,83,87,87,87,87,91,91,91],"card_choices":[{"not_picked":["Sever Soul","ReplayTheSpireMod:Strike From Hell"],"picked":"Twin Strike","floor":1.0},{"not_picked":["Dark Embrace","Clash"],"picked":"Flex","floor":3.0},{"not_picked":["Headbutt","Dark Embrace","Wild Strike"],"picked":"SKIP","floor":5.0},{"not_picked":["Whirlwind","Entrench"],"picked":"Inflame","floor":6},{"not_picked":["Headbutt","Pommel Strike"],"picked":"Perfected Strike","floor":7},{"not_picked":["Intimidate","Twin Strike"],"picked":"Cleave","floor":10},{"not_picked":["Run Through","Perfected Strike","Spot Weakness"],"picked":"SKIP","floor":12},{"not_picked":["Sword Boomerang","Cleave","Replay:Undeath\u0027s Touch"],"picked":"SKIP","floor":13},{"not_picked":["Shame","Normality","Decay"],"picked":"Singing Bowl","floor":17},{"not_picked":["Languid","Amnesia","Looming Evil"],"picked":"Singing Bowl","floor":17},{"not_picked":["Clumsy","ReplayTheSpireMod:IOU","Spreading Infection"],"picked":"Singing Bowl","floor":17},{"not_picked":["Flex","Wild Strike"],"picked":"Anger","floor":18},{"not_picked":["Feed","Anger","Clothesline"],"picked":"Singing Bowl","floor":18},{"not_picked":["Evolve+1","Second Wind+1","Heavy Blade"],"picked":"Singing Bowl","floor":20},{"not_picked":["Pommel Strike","Iron Wave","Shrug It Off"],"picked":"Singing Bowl","floor":20},{"not_picked":["Spot Weakness","Clothesline","Sword Boomerang"],"picked":"Singing Bowl","floor":24},{"not_picked":["Defy Death","Evolve","Clash"],"picked":"Singing Bowl","floor":24}],"player_experience":347620,"relics_obtained":[{"floor":6,"key":"The Courier"},{"floor":9,"key":"Thread and Needle"},{"floor":10,"key":"Dead Branch"}],"event_choices":[{"damage_healed":0.0,"max_hp_gain":0.0,"max_hp_loss":0.0,"gold_gain":0.0,"event_name":"Upgrade Shrine","player_choice":"Upgraded","floor":2.0,"gold_loss":0.0,"damage_taken":0.0,"cards_upgraded":["Twin Strike"]},{"damage_healed":0,"gold_gain":0,"player_choice":"0 cards matched","damage_taken":0,"max_hp_gain":0,"max_hp_loss":0,"event_name":"Match and Keep!","floor":14,"gold_loss":0,"cards_obtained":[]}],"is_beta":false,"boss_relics":[{"not_picked":["Replay:Grab Bag","Snecko Eye"],"picked":"Replay:Ancient Bell"},{"not_picked":["CeramicFish","Bag of Marbles"],"picked":"Blue Doll"},{"not_picked":["White Beast Statue","Ornamental Fan"],"picked":"Singing Bowl"},{"not_picked":["StoneCalendar","Incense Burner"],"picked":"Prayer Wheel"}],"items_purged_floors":[19,22],"is_endless":false,"potions_floor_spawned":[1,6,7,16,18,20,24],"killed_by":"Book of Stabbing","ascension_level":14}}