{"host":"mi0eibewekhugwl1","time":1608125670,"event":{"mods":["AchievementEnabler","BaseMod","Colored Map","Colored Powertips","DeckTracker","Keyboard Shortcuts","Minty Spire (QoL Compilation)","Quick Restart","Rare Cards Sparkle","Relic Stats","StSLib","SuperFastMode","everything is the same but u backflip on backflip"],"gold_per_floor":[111,126,136,148,161,194,194,194,194,210,210,210,47,74,74,147,147,159,159,175,188,35,35,35,46,72,181,215,215,215],"floor_reached":29,"playtime":621,"items_purged":["Strike_R"],"score":600,"play_id":"6bb544f1-7d4b-4216-a618-ac361c04ce60","local_time":"20201216223430","is_ascension_mode":true,"campfire_choices":[{"data":"Feed","floor":8,"key":"SMITH"},{"data":"Pommel Strike","floor":15,"key":"SMITH"},{"data":"Fire Breathing","floor":23,"key":"SMITH"}],"circlet_count":0,"master_deck":["AscendersBane","Strike_R","Strike_R+1","Strike_R+1","Defend_R","Defend_R","Defend_R","Defend_R","Bash+1","Cleave+1","Feed+1","Pommel Strike+1","Wild Strike","Feed","Shrug It Off","Fire Breathing+1","Blood for Blood"],"relics":["Burning Blood","NeowsBlessing","MealTicket","Eternal Feather","Whetstone","Red Skull","SacredBark","CeramicFish","Unceasing Top","Bottled Flame","Red Mask"],"acts_visited":["Exordium","TheCity"],"potions_floor_usage":[6,20,25,27,27],"damage_taken":[{"damage":0,"enemies":"Jaw Worm","floor":1,"turns":1},{"damage":0,"enemies":"Small Slimes","floor":2,"turns":1},{"damage":0,"enemies":"Cultist","floor":3,"turns":1},{"damage":12,"enemies":"Looter","floor":4,"turns":3},{"damage":10,"enemies":"2 Fungi Beasts","floor":5,"turns":3},{"damage":32,"enemies":"Gremlin Nob","floor":6,"turns":4},{"damage":10,"enemies":"Exordium Wildlife","floor":10,"turns":4},{"damage":0,"enemies":"Slime Boss","floor":16,"turns":5},{"damage":31,"enemies":"Spheric Guardian","floor":18,"turns":5},{"damage":23,"enemies":"Chosen","floor":20,"turns":4},{"damage":21,"enemies":"Snake Plant","floor":21,"turns":3},{"damage":9,"enemies":"Centurion and Healer","floor":25,"turns":6},{"damage":19,"enemies":"Colosseum Slavers","floor":27,"turns":6},{"damage":23,"enemies":"Colosseum Nobs","floor":27,"turns":4},{"damage":44,"enemies":"Masked Bandits","floor":28,"turns":4},{"damage":32,"enemies":"Book of Stabbing","floor":29,"turns":3}],"seed_played":"1097884208782796211","potions_obtained":[{"floor":1,"key":"Ancient Potion"},{"floor":2,"key":"AttackPotion"},{"floor":6,"key":"SpeedPotion"},{"floor":19,"key":"Strength Potion"},{"floor":21,"key":"EssenceOfSteel"},{"floor":25,"key":"Dexterity Potion"}],"is_trial":false,"path_per_floor":["M","M","M","M","M","E","?","R","T","M","?","?","$","T","R","B",null,"M","?","M","M","$","R","$","M","T","?","?","E"],"character_chosen":"IRONCLAD","items_purchased":["Whetstone","Fire Breathing"],"campfire_rested":0,"item_purchase_floors":[13,22],"current_hp_per_floor":[74,75,75,69,68,45,50,50,50,50,43,16,31,31,37,47,82,61,61,48,37,52,61,76,80,80,58,27,0,0],"gold":215,"neow_bonus":"THREE_ENEMY_KILL","is_daily":false,"chose_seed":false,"campfire_upgraded":3,"win_rate":0.0,"timestamp":1608125670,"path_taken":["M","M","M","M","M","E","?","R","T","M","?","?","$","?","R","BOSS","M","?","M","M","$","R","?","M","T","?","?","E"],"items_purchased_type":["Relic","Card"],"build_version":"2020-12-13","purchased_purges":1,"victory":false,"max_hp_per_floor":[75,75,75,75,78,81,86,86,86,90,90,90,90,90,90,94,94,98,98,102,106,106,106,106,113,113,121,128,128,128],"relic_stats":{"counters":[16,57],"CeramicFish":9,"MealTicket":45,"Eternal Feather":15,"Whetstone":["Cleave","Strike_R"],"obtain_stats":[{"Bottled Flame":27,"NeowsBlessing":0,"SacredBark":17,"CeramicFish":26,"MealTicket":6,"Eternal Feather":9,"Red Mask":28,"Whetstone":13,"Burning Blood":0,"Red Skull":14,"Unceasing Top":27},{"Bottled Flame":14,"NeowsBlessing":0,"SacredBark":8,"CeramicFish":12,"MealTicket":6,"Eternal Feather":6,"Red Mask":15,"Whetstone":7,"Burning Blood":0,"Red Skull":7,"Unceasing Top":14},{"Bottled Flame":50,"NeowsBlessing":0,"SacredBark":22,"CeramicFish":40,"MealTicket":13,"Eternal Feather":13,"Red Mask":54,"Whetstone":17,"Burning Blood":0,"Red Skull":17,"Unceasing Top":50}],"Burning Blood":79,"Unceasing Top":[0]},"card_choices":[{"not_picked":["Disarm","Flex","Headbutt"],"picked":"SKIP","floor":1},{"not_picked":["Headbutt","Clothesline"],"picked":"Cleave","floor":2},{"not_picked":["Havoc","Armaments","Perfected Strike"],"picked":"SKIP","floor":3},{"not_picked":["Headbutt","Body Slam"],"picked":"Feed","floor":4},{"not_picked":["Body Slam","Flex"],"picked":"Pommel Strike","floor":5},{"not_picked":["Body Slam","Sentinel","Juggernaut"],"picked":"SKIP","floor":6},{"not_picked":["Iron Wave","Body Slam"],"picked":"Wild Strike","floor":10},{"not_picked":["Limit Break","Fiend Fire"],"picked":"Feed","floor":16},{"not_picked":["Clash","Dual Wield","Sentinel"],"picked":"SKIP","floor":18},{"not_picked":["Body Slam","Heavy Blade"],"picked":"Shrug It Off","floor":20},{"not_picked":["Pommel Strike+1","Rupture","Flex"],"picked":"SKIP","floor":21},{"not_picked":["Bloodletting","Feel No Pain","Perfected Strike"],"picked":"SKIP","floor":25},{"not_picked":["Sword Boomerang","Pommel Strike"],"picked":"Blood for Blood","floor":27}],"player_experience":1673700,"relics_obtained":[{"floor":6,"key":"MealTicket"},{"floor":9,"key":"Eternal Feather"},{"floor":14,"key":"Red Skull"},{"floor":26,"key":"CeramicFish"},{"floor":27,"key":"Unceasing Top"},{"floor":27,"key":"Bottled Flame"},{"floor":28,"key":"Red Mask"}],"event_choices":[{"damage_healed":0,"gold_gain":0,"player_choice":"Donut","damage_taken":0,"max_hp_gain":5,"max_hp_loss":0,"event_name":"Big Fish","floor":7,"gold_loss":0},{"cards_removed":["Strike_R"],"damage_healed":0,"gold_gain":0,"player_choice":"Card Removal","damage_taken":7,"max_hp_gain":0,"max_hp_loss":0,"event_name":"Golden Wing","floor":11,"gold_loss":0},{"damage_healed":0,"gold_gain":0,"player_choice":"Entered Light","damage_taken":27,"max_hp_gain":0,"max_hp_loss":0,"event_name":"Shining Light","floor":12,"gold_loss":0,"cards_upgraded":["Strike_R","Bash"]},{"damage_healed":0,"gold_gain":0,"player_choice":"Got Potions","damage_taken":0,"max_hp_gain":0,"max_hp_loss":0,"event_name":"Lab","floor":19,"gold_loss":0},{"damage_healed":0,"gold_gain":0,"player_choice":"Fight","damage_taken":0,"max_hp_gain":0,"max_hp_loss":0,"event_name":"Colosseum","floor":27,"gold_loss":0},{"damage_healed":0,"gold_gain":0,"player_choice":"Fought Nobs","damage_taken":0,"max_hp_gain":0,"max_hp_loss":0,"event_name":"Colosseum","floor":27,"gold_loss":0},{"damage_healed":0,"gold_gain":0,"player_choice":"Fought Bandits","damage_taken":0,"max_hp_gain":0,"max_hp_loss":0,"event_name":"Masked Bandits","floor":28,"gold_loss":0}],"is_beta":false,"boss_relics":[{"not_picked":["Ectoplasm","Black Star"],"picked":"SacredBark"}],"items_purged_floors":[22],"is_endless":false,"potions_floor_spawned":[1,2,4,6,18,21,25,27],"killed_by":"Book of Stabbing","ascension_level":20}}