{"host":"69rply1jf2d1wbmp","time":1608101108,"event":{"mods":["BaseMod","Minty Spire (QoL Compilation)","Quick Restart"],"gold_per_floor":[111,125,125,141,16,45,56,71,71,103,35,55,55,67,67,163,163,163],"floor_reached":17,"playtime":528,"items_purged":["Normality"],"score":169,"play_id":"8032a993-c1c7-463f-93b7-e1f0a4ddb304","local_time":"20201216014508","is_ascension_mode":false,"campfire_choices":[{"data":"Carnage","floor":15,"key":"SMITH"}],"circlet_count":0,"master_deck":["Bash","Reaper","Inflame","Iron Wave","Cleave","Juggernaut","Shrug It Off","Pommel Strike","Rampage","Carnage+1","Sever Soul","Evolve","Heavy Blade","Inflame","Reaper","Feed","Second Wind","Second Wind"],"relics":["Burning Blood","Happy Flower","Boot","Smiling Mask","Mercury Hourglass","Pandora\u0027s Box"],"acts_visited":["Exordium","TheCity"],"potions_floor_usage":[6,10,10,10,16],"damage_taken":[{"damage":7,"enemies":"Cultist","floor":1,"turns":5},{"damage":6,"enemies":"2 Louse","floor":2,"turns":3},{"damage":15,"enemies":"Jaw Worm","floor":4,"turns":4},{"damage":28,"enemies":"Gremlin Nob","floor":6,"turns":4},{"damage":15,"enemies":"Exordium Thugs","floor":7,"turns":5},{"damage":5,"enemies":"Large Slime","floor":8,"turns":6},{"damage":5,"enemies":"3 Sentries","floor":10,"turns":4},{"damage":0,"enemies":"Red Slaver","floor":12,"turns":4},{"damage":7,"enemies":"Blue Slaver","floor":14,"turns":3},{"damage":24,"enemies":"The Guardian","floor":16,"turns":7}],"seed_played":"-8946316913908326630","potions_obtained":[{"floor":1,"key":"SteroidPotion"},{"floor":6,"key":"EssenceOfSteel"},{"floor":7,"key":"Strength Potion"},{"floor":14,"key":"PowerPotion"}],"is_trial":false,"path_per_floor":["M","M","?","M","$","E","M","M","T","E","$","M","?","M","R","B",null],"character_chosen":"IRONCLAD","items_purchased":["PowerPotion","Rampage"],"campfire_rested":0,"item_purchase_floors":[5,11],"current_hp_per_floor":[80,80,77,68,68,54,56,66,66,79,79,80,73,79,79,61,80,80],"gold":163,"neow_bonus":"THREE_RARE_CARDS","is_daily":false,"chose_seed":false,"campfire_upgraded":1,"win_rate":0.0,"timestamp":1608101108,"path_taken":["M","M","?","M","$","E","M","M","T","E","$","M","?","M","R","BOSS"],"items_purchased_type":["Potion","Card"],"build_version":"2020-12-13","purchased_purges":1,"victory":false,"max_hp_per_floor":[80,80,80,80,80,80,80,80,80,80,80,80,80,80,80,80,80,80],"card_choices":[{"not_picked":["Corruption","Double Tap"],"picked":"Reaper","floor":0},{"not_picked":["Uppercut","Carnage"],"picked":"Inflame","floor":1},{"not_picked":["Heavy Blade","Body Slam"],"picked":"Iron Wave","floor":2},{"not_picked":["Searing Blow","Reckless Charge"],"picked":"Cleave","floor":4},{"not_picked":["Fiend Fire","Sentinel"],"picked":"Juggernaut","floor":6},{"not_picked":["Cleave","Warcry"],"picked":"Shrug It Off","floor":7},{"not_picked":["Body Slam","Headbutt"],"picked":"Pommel Strike","floor":8},{"not_picked":["Fire Breathing","Disarm","Fiend Fire"],"picked":"SKIP","floor":10},{"not_picked":["Twin Strike","Pommel Strike","Burning Pact"],"picked":"SKIP","floor":12},{"not_picked":["Iron Wave","Second Wind"],"picked":"Carnage","floor":14}],"player_experience":348361,"relics_obtained":[{"floor":6,"key":"Boot"},{"floor":9,"key":"Smiling Mask"},{"floor":10,"key":"Mercury Hourglass"}],"event_choices":[{"damage_healed":0,"gold_gain":0,"player_choice":"Success","damage_taken":3,"relics_obtained":["Happy Flower"],"max_hp_gain":0,"max_hp_loss":0,"event_name":"Scrap Ooze","floor":3,"gold_loss":0},{"cards_removed":["Defend_R"],"damage_healed":0,"gold_gain":0,"player_choice":"Card Removal","damage_taken":7,"max_hp_gain":0,"max_hp_loss":0,"event_name":"Golden Wing","floor":13,"gold_loss":0}],"is_beta":false,"boss_relics":[{"not_picked":["Runic Dome","Empty Cage"],"picked":"Pandora\u0027s Box"}],"items_purged_floors":[5],"is_endless":false,"potions_floor_spawned":[1,6,7,8,14],"ascension_level":0}}