{"host":"6csbbk4539itd1k2","time":1608125482,"event":{"mods":["BaseMod","Colored Powertips","Downfall","Googly Eyes","Hermit","Minty Spire (QoL Compilation)","Replay The Spire","StSLib","SuperFastMode","The Animator","The Bug Knight","The Cursed","The Hierophant","The Necromancer","The Servant 0.9.4"],"gold_per_floor":[199,3,3,18,98,133,156,173,206,206,153,63,81,92,110,207,207,207,220,331,72,72,72,72,105,105,140,154,154,165,13,26,26,26],"floor_reached":33,"playtime":2460,"items_purged":["hexamod:Strike","hexamod:Strike"],"score":318,"play_id":"e7cf9c6d-ac93-4a56-aae0-10ccf693eb85","local_time":"20201216143122","is_ascension_mode":false,"campfire_choices":[{"floor":1,"key":"DIG"},{"data":"hexamod:SpectralAdrenaline","floor":10,"key":"SMITH"},{"data":"hexamod:HeatCrush","floor":18,"key":"SMITH"},{"data":"hexamod:VolcanoVisage","floor":22,"key":"SMITH"},{"data":"hexamod:Rewind","floor":26,"key":"SMITH"}],"circlet_count":0,"master_deck":["hexamod:Strike","hexamod:Strike","hexamod:Defend+1","hexamod:Defend","hexamod:Defend","hexamod:Defend","hexamod:Sear","hexamod:Float","hexamod:SearingWound+1","hexamod:FourthSeal","hexamod:DynamicBlow","hexamod:Firestarter","hexamod:Firestarter","hexamod:StepThrough","hexamod:SoulSteal","hexamod:SpectralAdrenaline+1","hexamod:CrushingStance","hexamod:HauntingEcho","hexamod:HeatCrush+1","hexamod:BurningTouch","hexamod:GhostOfSpirePast","hexamod:FlamesFromBeyond","hexamod:ExtraCrispy","hexamod:VolcanoVisage+1","hexamod:ChargedBarrage+1","hexamod:Incineration","hexamod:ThirdSeal","hexamod:SpectersWail","hexamod:Rewind+1","hexamod:SixthSeal","hexamod:FirstSeal","hexamod:Hexaguard+1"],"relics":["hexamod:SpiritBrand","Oddly Smooth Stone","Replay:Bottled Eggs","MealTicket","Boot","Potion Belt","Coffee Dripper","Ice Cream","Blood Vial","Vajra","Matryoshka","White Beast Statue","Anchor"],"acts_visited":["Exordium","TheCity"],"potions_floor_usage":[25,27,27,27,30,30,32,33,33,33,33],"damage_taken":[{"damage":0,"enemies":"downfall:FleeingMerchant","floor":2,"turns":4},{"damage":0,"enemies":"Cultist","floor":4,"turns":3},{"damage":2,"enemies":"Gremlin Nob","floor":6,"turns":3},{"damage":0,"enemies":"Jaw Worm","floor":8,"turns":2},{"damage":12,"enemies":"3 Sentries","floor":9,"turns":3},{"damage":3,"enemies":"downfall:FleeingMerchant","floor":11,"turns":4},{"damage":2,"enemies":"downfall:FleeingMerchant","floor":12,"turns":4},{"damage":3,"enemies":"Small Slimes","floor":13,"turns":2},{"damage":7,"enemies":"3 Louse","floor":14,"turns":4},{"damage":7,"enemies":"Red Slaver","floor":15,"turns":3},{"damage":21,"enemies":"downfall:Watcher","floor":16,"turns":6},{"damage":0,"enemies":"Chosen","floor":19,"turns":3},{"damage":19,"enemies":"downfall:FleeingMerchant","floor":21,"turns":3},{"damage":21,"enemies":"Slavers","floor":25,"turns":4},{"damage":3,"enemies":"Book of Stabbing","floor":27,"turns":4},{"damage":8,"enemies":"Cultist and Chosen","floor":28,"turns":5},{"damage":21,"enemies":"Snake Plant","floor":30,"turns":3},{"damage":4,"enemies":"Sentry and Sphere","floor":32,"turns":4},{"damage":27,"enemies":"downfall:Ironclad","floor":33,"turns":4}],"seed_played":"-8435207943311027130","potions_obtained":[{"floor":4,"key":"Elixir"},{"floor":6,"key":"Adrenaline Potion"},{"floor":9,"key":"Swift Potion"},{"floor":9,"key":"LiquidBronze"},{"floor":11,"key":"Fire Potion"},{"floor":19,"key":"Swift Potion"},{"floor":25,"key":"Block Potion"},{"floor":27,"key":"Reflective Coating"},{"floor":28,"key":"Energy Potion"},{"floor":28,"key":"BlessingOfTheForge"},{"floor":30,"key":"BlessingOfTheForge"},{"floor":30,"key":"Block Potion"},{"floor":32,"key":"Venom Potion"}],"is_trial":false,"path_per_floor":["R","$","?","M","T","E","T","M","E","R","$","$","M","M","M","B",null,"R","M","?","$","R","?","T","E","R","E","M","?","M","$","M","B"],"character_chosen":"THE_SPIRIT","items_purchased":["hexamod:FourthSeal","hexamod:DynamicBlow","hexamod:Firestarter","hexamod:HeatCrush","Ice Cream","Blood Vial","hexamod:SpectersWail","Anchor"],"campfire_rested":0,"item_purchase_floors":[2,2,2,11,21,21,21,31],"current_hp_per_floor":[70,70,70,70,70,68,68,68,56,56,67,68,65,58,51,30,70,70,70,53,49,49,49,49,30,30,29,23,23,11,26,24,0,0],"gold":26,"neow_bonus":"HUNDRED_GOLD","is_daily":false,"chose_seed":false,"campfire_upgraded":4,"win_rate":0.0,"timestamp":1608125482,"path_taken":["R","$","?","M","?","E","T","M","E","R","?","$","M","M","M","BOSS","R","M","?","$","R","?","T","E","R","E","M","?","M","$","M","BOSS"],"items_purchased_type":["Card","Card","Card","Card","Relic","Relic","Card","Relic"],"build_version":"2020-12-13","purchased_purges":2,"victory":false,"max_hp_per_floor":[70,70,70,70,70,70,70,70,70,70,70,70,70,70,70,70,70,70,70,70,70,70,70,70,70,70,70,70,70,70,70,70,70,70],"card_choices":[{"not_picked":["hexamod:ShieldOfDarkness","hexamod:InspiringFlames"],"picked":"hexamod:SearingWound","floor":2},{"not_picked":["hexamod:FastForward","hexamod:NecessarySacrifice"],"picked":"hexamod:StepThrough","floor":4},{"not_picked":["hexamod:FlamesFromBeyond","hexamod:NightmareGuise"],"picked":"hexamod:SoulSteal","floor":6},{"not_picked":["hexamod:ExtraCrispy","hexamod:SwordOfDarkness"],"picked":"hexamod:SpectralAdrenaline","floor":8},{"not_picked":["hexamod:FastForward","hexamod:HeatMetal"],"picked":"hexamod:CrushingStance","floor":9},{"not_picked":["hexamod:NightmareGuise","hexamod:BacktrackSmack"],"picked":"hexamod:HauntingEcho","floor":11},{"not_picked":["hexamod:Hexaguard","hexamod:CatchUp"],"picked":"hexamod:BurningTouch","floor":12},{"not_picked":["hexamod:NightmareStrike","hexamod:SwordOfDarkness"],"picked":"hexamod:GhostOfSpirePast","floor":13},{"not_picked":["hexamod:EtherealExpedition","hexamod:Hexaguard"],"picked":"hexamod:FlamesFromBeyond","floor":14},{"not_picked":["hexamod:HauntingEcho","hexamod:GhostLash"],"picked":"hexamod:ExtraCrispy","floor":15},{"not_picked":["hexamod:CrushingStance","hexamod:UnleashSpirits"],"picked":"hexamod:VolcanoVisage","floor":16},{"not_picked":["hexamod:FastForward+1","hexamod:SoulSteal+1","hexamod:NightmareGuise"],"picked":"SKIP","floor":19},{"not_picked":["hexamod:SpectersWail","hexamod:BacktrackSmack+1"],"picked":"hexamod:ChargedBarrage+1","floor":20},{"not_picked":["hexamod:Firestarter","hexamod:ShieldOfDarkness"],"picked":"hexamod:Incineration","floor":20},{"not_picked":["hexamod:SpectralAdrenaline+1","hexamod:ShieldOfDarkness"],"picked":"hexamod:ThirdSeal","floor":21},{"not_picked":["hexamod:SpectersWail","hexamod:FourthSeal"],"picked":"hexamod:SixthSeal","floor":25},{"not_picked":["hexamod:GhostShield","hexamod:BacktrackSmack","hexamod:StepThrough"],"picked":"SKIP","floor":25},{"not_picked":["hexamod:BacktrackSmack","hexamod:ChargedBarrage","hexamod:CatchUp"],"picked":"SKIP","floor":27},{"not_picked":["hexamod:TimeWarp","hexamod:GhostShield","hexamod:ShieldOfDarkness"],"picked":"SKIP","floor":27},{"not_picked":["hexamod:CatchUp+1","hexamod:InspiringFlames"],"picked":"hexamod:FirstSeal","floor":28},{"not_picked":["hexamod:GhostShield+1","hexamod:HauntingEcho","hexamod:Firestarter"],"picked":"SKIP","floor":28},{"not_picked":["hexamod:Firestarter+1","hexamod:SwordOfDarkness","hexamod:InspiringFlames"],"picked":"SKIP","floor":30},{"not_picked":["hexamod:ThirdSeal","hexamod:RecurringNightmare+1"],"picked":"hexamod:Hexaguard+1","floor":32},{"not_picked":["hexamod:SixthSeal","hexamod:NightmareGuise","hexamod:NightmareStrike"],"picked":"SKIP","floor":32}],"player_experience":149866,"relics_obtained":[{"floor":1,"key":"Oddly Smooth Stone"},{"floor":5,"key":"Replay:Bottled Eggs"},{"floor":6,"key":"MealTicket"},{"floor":7,"key":"Boot"},{"floor":9,"key":"Potion Belt"},{"floor":24,"key":"Vajra"},{"floor":25,"key":"Matryoshka"},{"floor":27,"key":"White Beast Statue"}],"event_choices":[{"damage_healed":0,"gold_gain":0,"player_choice":"Read","damage_taken":0,"max_hp_gain":0,"max_hp_loss":0,"event_name":"The Library","floor":23,"gold_loss":0,"cards_obtained":["hexamod:Rewind"]},{"damage_healed":0,"gold_gain":0,"player_choice":"Ignored","damage_taken":0,"max_hp_gain":0,"max_hp_loss":0,"event_name":"NoteForYourself","floor":29,"gold_loss":0}],"is_beta":false,"boss_relics":[{"not_picked":["Velvet Choker","SacredBark"],"picked":"Coffee Dripper"}],"items_purged_floors":[12,21],"is_endless":false,"potions_floor_spawned":[6,9,13,19,25,28,30,32],"killed_by":"downfall:Ironclad","ascension_level":0}}