{"host":"o7j6aatxjwpw1421","time":1608145811,"event":{"mods":["2.2 Compatiblity","BaseMod","Colored Map","DeckTracker","Highlight Path","Keyboard Shortcuts","Minty Spire (QoL Compilation)","Permanent Neow","Quick Restart","StSLib","SuperFastMode","everything is the same but u backflip on backflip"],"gold_per_floor":[218,233,233,244,263,263,413,17,44,109,109,109,109],"floor_reached":12,"playtime":566,"items_purged":["Doubt"],"score":119,"play_id":"8386941a-8961-4e3e-b9cf-93138a97216f","local_time":"20201217041011","is_ascension_mode":true,"campfire_choices":[{"data":"Dagger Throw","floor":6.0,"key":"SMITH"},{"floor":11,"key":"REST"}],"circlet_count":0,"master_deck":["AscendersBane","Strike_G","Strike_G","Strike_G","Strike_G","Strike_G","Defend_G","Defend_G","Defend_G","Defend_G","Defend_G","Survivor","Neutralize","Dagger Throw+1","Prepared","Backstab","Deflect","Reflex","Corpse Explosion","Cloak And Dagger"],"relics":["Ring of the Snake","White Beast Statue","Art of War","Dream Catcher"],"acts_visited":["Exordium"],"potions_floor_usage":[10,12],"damage_taken":[{"damage":6.0,"enemies":"Cultist","floor":1.0,"turns":6.0},{"damage":0.0,"enemies":"2 Louse","floor":2.0,"turns":3.0},{"damage":1.0,"enemies":"Small Slimes","floor":4.0,"turns":3.0},{"damage":2.0,"enemies":"3 Louse","floor":5.0,"turns":5.0},{"damage":54,"enemies":"Lagavulin Event","floor":10,"turns":8},{"damage":12,"enemies":"Gremlin Nob","floor":12,"turns":3}],"seed_played":"7723788513084872068","potions_obtained":[{"floor":2.0,"key":"DistilledChaos"},{"floor":10,"key":"SteroidPotion"}],"is_trial":false,"path_per_floor":["M","M","?","M","M","R","?","$","T","?","R","E"],"character_chosen":"THE_SILENT","items_purchased":["White Beast Statue","Reflex"],"campfire_rested":1,"item_purchase_floors":[8,8],"current_hp_per_floor":[53,53,58,57,55,55,55,55,55,1,22,10,10],"gold":109,"neow_bonus":"HUNDRED_GOLD","is_daily":false,"chose_seed":false,"campfire_upgraded":1,"win_rate":0.0,"timestamp":1608145811,"path_taken":["M","?","?","M","M","R","?","$","T","?","R","E"],"items_purchased_type":["Relic","Card"],"build_version":"2020-12-13","purchased_purges":1,"victory":false,"max_hp_per_floor":[66,66,71,71,71,71,71,71,71,71,71,71,71],"card_choices":[{"not_picked":["Bane","Concentrate"],"picked":"Dagger Throw","floor":1.0},{"not_picked":["Catalyst","Outmaneuver"],"picked":"Prepared","floor":2.0},{"not_picked":["Poisoned Stab","Dodge and Roll"],"picked":"Backstab","floor":4.0},{"not_picked":["Choke","Underhanded Strike"],"picked":"Deflect","floor":5.0},{"not_picked":["Infinite Blades","Cloak And Dagger"],"picked":"Corpse Explosion","floor":10},{"not_picked":["Flying Knee","Backflip"],"picked":"Cloak And Dagger","floor":11}],"player_experience":242896,"relics_obtained":[{"floor":9.0,"key":"Art of War"},{"floor":10,"key":"Dream Catcher"}],"event_choices":[{"damage_healed":0.0,"max_hp_gain":5.0,"max_hp_loss":0.0,"gold_gain":0.0,"event_name":"Big Fish","player_choice":"Donut","floor":3.0,"gold_loss":0.0,"damage_taken":0.0},{"damage_healed":0.0,"max_hp_gain":0.0,"max_hp_loss":0.0,"gold_gain":150.0,"event_name":"Liars Game","player_choice":"AGREE","floor":7.0,"gold_loss":0.0,"damage_taken":0.0,"cards_obtained":["Doubt"]},{"damage_healed":0,"gold_gain":0,"player_choice":"Searched \u00272\u0027 times","damage_taken":0,"max_hp_gain":0,"max_hp_loss":0,"event_name":"Dead Adventurer","floor":10,"gold_loss":0}],"is_beta":false,"boss_relics":[],"items_purged_floors":[8],"is_endless":false,"potions_floor_spawned":[2,10],"killed_by":"Gremlin Nob","ascension_level":15}}