{"host":"2pffx5rqbod9ds0c","time":1608079433,"event":{"mods":["BaseMod","Better Altar","Better Match","Better Note","Better Sensory Stone","Better Skull","Better Third Choice","Custom Start","Hubris","Minty Spire (QoL Compilation)","Quick Restart","Relic Stats","Robot Space Explorer","Spicy Shops","StSLib"],"gold_per_floor":[117,117,137,87,87,116,116,148,148,162,178,191,211,228,228,333,333,349,424,474,474,486,519,519,548,548,548,559,559,590,143,143,240,240,250,250,250,264,26,26,60,74,128,163,212,240,258,274,274,274,274,274,109,141,141],"floor_reached":56,"playtime":2001,"items_purged":["RobotSpaceExplorer:Defend"],"score":1787,"play_id":"40d6f8b4-0b15-47f4-91ea-a53e14f8b382","local_time":"20201215164353","is_ascension_mode":true,"campfire_choices":[{"data":"RobotSpaceExplorer:PowerCollector","floor":7.0,"key":"SMITH"},{"data":"RobotSpaceExplorer:ChargingLaser","floor":15.0,"key":"SMITH"},{"floor":24.0,"key":"REST"},{"floor":29.0,"key":"RECALL"},{"data":"RobotSpaceExplorer:ExhaustFan","floor":32.0,"key":"SMITH"},{"data":"RobotSpaceExplorer:Multitool","floor":40.0,"key":"SMITH"},{"data":"RobotSpaceExplorer:DualCore","floor":49.0,"key":"SMITH"},{"floor":52.0,"key":"REST"}],"circlet_count":0,"master_deck":["RobotSpaceExplorer:Scan","RobotSpaceExplorer:MiniLasers","RobotSpaceExplorer:JunkDive","RobotSpaceExplorer:PowerCollector+1","RobotSpaceExplorer:ShovelStrike","Apotheosis+1","RobotSpaceExplorer:FreezeRay","RobotSpaceExplorer:ChargingLaser+1","RobotSpaceExplorer:ExhaustFan","RobotSpaceExplorer:ChargingLaser+1","RobotSpaceExplorer:Scanner+1","RobotSpaceExplorer:ExhaustFan+1","RobotSpaceExplorer:Multitool+1","RobotSpaceExplorer:DualCore+1","RobotSpaceExplorer:ShovelStrike+1","hubris:EnhanceAbility"],"relics":["RobotSpaceExplorer:RoboCore","WarpedTongs","TungstenRod","Lantern","Ornamental Fan","hubris:TerracottaHorce","Darkstone Periapt","Bag of Preparation","Pear","StrikeDummy","Orichalcum","Regal Pillow","Pandora\u0027s Box","hubris:Towel","hubris:MysteriousPyramids","Singing Bowl","Calipers","hubris:GlazedTorus","Bottled Flame","Centennial Puzzle"],"acts_visited":["Exordium","TheCity","TheBeyond","TheEnding"],"potions_floor_usage":[55,55],"damage_taken":[{"damage":2.0,"enemies":"Small Slimes","floor":1.0,"turns":5.0},{"damage":4.0,"enemies":"Cultist","floor":3.0,"turns":3.0},{"damage":12.0,"enemies":"3 Sentries","floor":6.0,"turns":9.0},{"damage":1.0,"enemies":"Lagavulin","floor":8.0,"turns":7.0},{"damage":0.0,"enemies":"Jaw Worm","floor":10.0,"turns":2.0},{"damage":0.0,"enemies":"Looter","floor":11.0,"turns":2.0},{"damage":8.0,"enemies":"Exordium Wildlife","floor":12.0,"turns":3.0},{"damage":1.0,"enemies":"3 Louse","floor":13.0,"turns":2.0},{"damage":0.0,"enemies":"Exordium Thugs","floor":14.0,"turns":2.0},{"damage":16.0,"enemies":"The Guardian","floor":16.0,"turns":8.0},{"damage":5.0,"enemies":"Shell Parasite","floor":18.0,"turns":5.0},{"damage":1.0,"enemies":"3 Byrds","floor":22.0,"turns":4.0},{"damage":16.0,"enemies":"Slavers","floor":23.0,"turns":5.0},{"damage":1.0,"enemies":"Book of Stabbing","floor":25.0,"turns":3.0},{"damage":0.0,"enemies":"Centurion and Healer","floor":28.0,"turns":3.0},{"damage":12.0,"enemies":"Gremlin Leader","floor":30.0,"turns":4.0},{"damage":9.0,"enemies":"Champ","floor":33.0,"turns":7.0},{"damage":0.0,"enemies":"3 Shapes","floor":35.0,"turns":2.0},{"damage":0.0,"enemies":"Orb Walker","floor":38.0,"turns":2.0},{"damage":0.0,"enemies":"Reptomancer","floor":41.0,"turns":3.0},{"damage":0.0,"enemies":"Writhing Mass","floor":42.0,"turns":3.0},{"damage":12.0,"enemies":"Nemesis","floor":44.0,"turns":3.0},{"damage":2.0,"enemies":"2 Orb Walkers","floor":45.0,"turns":3.0},{"damage":0.0,"enemies":"Reptomancer","floor":46.0,"turns":3.0},{"damage":8.0,"enemies":"Maw","floor":47.0,"turns":3.0},{"damage":0.0,"enemies":"Jaw Worm Horde","floor":48.0,"turns":1.0},{"damage":0.0,"enemies":"hubris:GrandSnecko","floor":50.0,"turns":1.0},{"damage":1.0,"enemies":"Shield and Spear","floor":54.0,"turns":3.0},{"damage":68,"enemies":"The Heart","floor":55,"turns":6}],"seed_played":"-8067218817830838935","potions_obtained":[{"floor":6.0,"key":"AttackPotion"},{"floor":8.0,"key":"Energy Potion"},{"floor":13.0,"key":"FearPotion"},{"floor":16.0,"key":"AttackPotion"},{"floor":28.0,"key":"EntropicBrew"},{"floor":54.0,"key":"EssenceOfSteel"}],"is_trial":false,"path_per_floor":["M","?","M","?","?","E","R","E","T","M","M","M","M","M","R","B",null,"M","?","?","?","M","E","R","E","T","?","M","R","E","$","R","B",null,"M","?","?","M","$","R","E","M","T","E","?","E","M","M","R","B",null,"R","$","E","B",null],"character_chosen":"RobotSpaceExplorer","items_purchased":["RobotSpaceExplorer:ExhaustFan","Regal Pillow","hubris:MysteriousPyramids","hubris:EnhanceAbility"],"campfire_rested":2,"item_purchase_floors":[31,31,39,53],"current_hp_per_floor":[73,73,69,69,69,57,57,56,56,56,56,48,47,47,47,31,64,59,53,53,53,52,36,58,67,67,67,67,67,55,55,55,46,75,75,75,75,75,75,75,77,79,79,69,69,69,63,65,65,65,89,97,97,98,30],"gold":141,"neow_bonus":"TRANSFORM_CARD","is_daily":false,"chose_seed":false,"campfire_upgraded":5,"win_rate":0.0,"timestamp":1608079433,"path_taken":["M","?","?","?","?","E","R","E","T","M","M","M","M","M","R","BOSS","M","?","?","?","M","E","R","E","T","?","?","R","E","$","R","BOSS","M","?","?","?","$","R","E","M","T","E","?","E","M","M","R","BOSS","R","$","E","BOSS"],"items_purchased_type":["Card","Relic","Relic","Card"],"build_version":"2020-12-13","purchased_purges":1,"victory":true,"max_hp_per_floor":[75,75,75,75,75,75,75,75,75,75,75,75,75,75,75,75,75,75,75,75,75,75,75,75,85,85,85,85,85,85,85,85,85,85,85,85,85,85,85,85,87,89,89,91,93,93,95,97,97,97,97,97,97,99,99],"relic_stats":{"Darkstone Periapt":0,"Regal Pillow":0,"Centennial Puzzle":[3],"Singing Bowl":14,"counters":[29,107],"Ornamental Fan":[268],"Pandora\u0027s Box":["RobotSpaceExplorer:Probe","RobotSpaceExplorer:DroneSwarm","RobotSpaceExplorer:StarDust","RobotSpaceExplorer:ToxicBomb","RobotSpaceExplorer:FreezingShield","RobotSpaceExplorer:DualCore"],"Bag of Preparation":[33],"Orichalcum":[12],"obtain_stats":[{"Darkstone Periapt":18,"Lantern":8,"Regal Pillow":31,"Pear":25,"Calipers":44,"Singing Bowl":41,"RobotSpaceExplorer:RoboCore":0,"Bag of Preparation":23,"Orichalcum":30,"hubris:Towel":36,"hubris:MysteriousPyramids":39,"WarpedTongs":2,"hubris:TerracottaHorce":17,"Bottled Flame":46,"Centennial Puzzle":54,"Ornamental Fan":9,"Pandora\u0027s Box":34,"StrikeDummy":26,"TungstenRod":6,"hubris:GlazedTorus":45},{"Darkstone Periapt":11,"Lantern":4,"Regal Pillow":16,"Pear":14,"Calipers":22,"Singing Bowl":20,"RobotSpaceExplorer:RoboCore":0,"Bag of Preparation":13,"Orichalcum":16,"hubris:Towel":18,"hubris:MysteriousPyramids":19,"WarpedTongs":1,"hubris:TerracottaHorce":10,"Bottled Flame":24,"Centennial Puzzle":28,"Ornamental Fan":4,"Pandora\u0027s Box":17,"StrikeDummy":14,"TungstenRod":3,"hubris:GlazedTorus":23},{"Darkstone Periapt":48,"Lantern":24,"Regal Pillow":67,"Pear":60,"Calipers":87,"Singing Bowl":81,"RobotSpaceExplorer:RoboCore":0,"Bag of Preparation":57,"Orichalcum":67,"hubris:Towel":76,"hubris:MysteriousPyramids":78,"WarpedTongs":5,"hubris:TerracottaHorce":43,"Bottled Flame":93,"Centennial Puzzle":101,"Ornamental Fan":24,"Pandora\u0027s Box":74,"StrikeDummy":60,"TungstenRod":17,"hubris:GlazedTorus":90}],"TungstenRod":42,"WarpedTongs":[48]},"card_choices":[{"not_picked":["RobotSpaceExplorer:SurgingShield","RobotSpaceExplorer:FranticSearch"],"picked":"RobotSpaceExplorer:PowerCollector","floor":1.0},{"not_picked":["RobotSpaceExplorer:MiniDrones","RobotSpaceExplorer:SurgingStrike"],"picked":"RobotSpaceExplorer:ShovelStrike","floor":3.0},{"not_picked":["RobotSpaceExplorer:StunGrenade","RobotSpaceExplorer:SlimeMissile","RobotSpaceExplorer:GlueShot"],"picked":"SKIP","floor":6.0},{"not_picked":["RobotSpaceExplorer:FreezingShield","RobotSpaceExplorer:FranticSearch"],"picked":"RobotSpaceExplorer:FreezeRay","floor":8.0},{"not_picked":["RobotSpaceExplorer:Probe","RobotSpaceExplorer:Ammunition"],"picked":"RobotSpaceExplorer:ChargingLaser","floor":10.0},{"not_picked":["RobotSpaceExplorer:Pulsar","RobotSpaceExplorer:Jetpack","RobotSpaceExplorer:Electroshield"],"picked":"SKIP","floor":11.0},{"not_picked":["RobotSpaceExplorer:SurgingStrike","RobotSpaceExplorer:BigMissile","RobotSpaceExplorer:RigExplosive"],"picked":"SKIP","floor":12.0},{"not_picked":["RobotSpaceExplorer:MiniDrones","RobotSpaceExplorer:GlueShot"],"picked":"RobotSpaceExplorer:ExhaustFan","floor":13.0},{"not_picked":["RobotSpaceExplorer:SurgingShield","RobotSpaceExplorer:StarDust","RobotSpaceExplorer:JunkDive"],"picked":"SKIP","floor":14.0},{"not_picked":["RobotSpaceExplorer:Arsenal","RobotSpaceExplorer:DroneSwarm"],"picked":"RobotSpaceExplorer:Exploration","floor":16.0},{"not_picked":["RobotSpaceExplorer:MiniDrones","RobotSpaceExplorer:MetalStrike","RobotSpaceExplorer:Probe"],"picked":"SKIP","floor":18.0},{"not_picked":["RobotSpaceExplorer:ShockKick","RobotSpaceExplorer:MetalStrike+1","RobotSpaceExplorer:ScrapToss+1"],"picked":"SKIP","floor":22.0},{"not_picked":["RobotSpaceExplorer:MetalStrike+1","RobotSpaceExplorer:ScrapMissile","RobotSpaceExplorer:GlueShot"],"picked":"SKIP","floor":23.0},{"not_picked":["RobotSpaceExplorer:StunGrenade","RobotSpaceExplorer:Electropulse+1"],"picked":"RobotSpaceExplorer:Scanner","floor":25.0},{"not_picked":["RobotSpaceExplorer:ShockKick+1","RobotSpaceExplorer:Fix","RobotSpaceExplorer:SurgingShield+1"],"picked":"SKIP","floor":28.0},{"not_picked":["RobotSpaceExplorer:FreezeRay+1","RobotSpaceExplorer:Pulsar","RobotSpaceExplorer:ShockKick+1"],"picked":"SKIP","floor":30.0},{"not_picked":["RobotSpaceExplorer:HighVoltage","RobotSpaceExplorer:BlastShield"],"picked":"RobotSpaceExplorer:Multitool","floor":33.0},{"not_picked":["RobotSpaceExplorer:RigExplosive+1","RobotSpaceExplorer:ShockKick+1","RobotSpaceExplorer:Pulsar+1"],"picked":"SKIP","floor":35.0},{"not_picked":["RobotSpaceExplorer:DoubleBlock","RobotSpaceExplorer:GearShield","RobotSpaceExplorer:MetalStrike"],"picked":"SKIP","floor":38.0},{"not_picked":["RobotSpaceExplorer:MetalStrike","RobotSpaceExplorer:Probe","RobotSpaceExplorer:Ammunition"],"picked":"Singing Bowl","floor":41.0},{"not_picked":["RobotSpaceExplorer:Asteroid","RobotSpaceExplorer:FranticSearch+1","RobotSpaceExplorer:Ammunition+1"],"picked":"Singing Bowl","floor":42.0},{"not_picked":["RobotSpaceExplorer:DoubleBlock+1","RobotSpaceExplorer:Jetpack+1","RobotSpaceExplorer:SelfCleaning+1"],"picked":"Singing Bowl","floor":44.0},{"not_picked":["RobotSpaceExplorer:MiniDrones","RobotSpaceExplorer:SlimeMissile+1","RobotSpaceExplorer:StarLightning+1"],"picked":"Singing Bowl","floor":45.0},{"not_picked":["RobotSpaceExplorer:GlueShot+1","RobotSpaceExplorer:ImprovisedAttack"],"picked":"RobotSpaceExplorer:ShovelStrike+1","floor":46.0},{"not_picked":["RobotSpaceExplorer:ToxicBomb","RobotSpaceExplorer:ShockKick","RobotSpaceExplorer:ShovelStrike"],"picked":"Singing Bowl","floor":47.0},{"not_picked":["RobotSpaceExplorer:BigMissile","RobotSpaceExplorer:Jetpack+1","RobotSpaceExplorer:SelfCleaning+1"],"picked":"Singing Bowl","floor":48.0},{"not_picked":["RobotSpaceExplorer:MiniDrones","RobotSpaceExplorer:FrostMissile+1","RobotSpaceExplorer:ScrapToss+1"],"picked":"Singing Bowl","floor":54.0}],"player_experience":761609,"relics_obtained":[{"floor":6.0,"key":"TungstenRod"},{"floor":8.0,"key":"Lantern"},{"floor":9.0,"key":"Ornamental Fan"},{"floor":18.0,"key":"Darkstone Periapt"},{"floor":23.0,"key":"Bag of Preparation"},{"floor":25.0,"key":"Pear"},{"floor":26.0,"key":"StrikeDummy"},{"floor":30.0,"key":"Orichalcum"},{"floor":41.0,"key":"Singing Bowl"},{"floor":44.0,"key":"Calipers"},{"floor":45.0,"key":"hubris:GlazedTorus"},{"floor":46.0,"key":"Bottled Flame"},{"floor":54.0,"key":"Centennial Puzzle"}],"event_choices":[{"damage_healed":0.0,"max_hp_gain":0.0,"max_hp_loss":0.0,"gold_gain":0.0,"event_name":"Accursed Blacksmith","player_choice":"Rummage","floor":2.0,"gold_loss":0.0,"damage_taken":0.0,"relics_obtained":["WarpedTongs"],"cards_obtained":["Pain"]},{"cards_removed":["Pain"],"damage_healed":0.0,"max_hp_gain":0.0,"max_hp_loss":0.0,"gold_gain":0.0,"event_name":"The Cleric","player_choice":"Card Removal","floor":4.0,"gold_loss":50.0,"damage_taken":0.0},{"damage_healed":69.0,"max_hp_gain":0.0,"max_hp_loss":75.0,"gold_gain":0.0,"event_name":"betterThird:BetterShining","player_choice":"Embrace","floor":5.0,"gold_loss":0.0,"damage_taken":0.0},{"damage_healed":0.0,"max_hp_gain":0.0,"max_hp_loss":0.0,"gold_gain":75.0,"event_name":"FaceTrader","player_choice":"Touch","floor":19.0,"gold_loss":0.0,"damage_taken":7.0},{"damage_healed":0.0,"max_hp_gain":0.0,"max_hp_loss":0.0,"gold_gain":100.0,"event_name":"The Joust","player_choice":"Bet on Murderer","floor":20.0,"gold_loss":50.0,"damage_taken":0.0},{"cards_removed":["RobotSpaceExplorer:ChargingLaser"],"damage_healed":0.0,"max_hp_gain":0.0,"max_hp_loss":0.0,"gold_gain":0.0,"event_name":"betterNote:BetterNote","player_choice":"Take \u0026 Give","floor":21.0,"gold_loss":0.0,"damage_taken":0.0,"cards_obtained":["RobotSpaceExplorer:ChargingLaser"]},{"damage_healed":0.0,"max_hp_gain":0.0,"max_hp_loss":0.0,"gold_gain":0.0,"event_name":"Upgrade Shrine","player_choice":"Upgraded","floor":27.0,"gold_loss":0.0,"damage_taken":0.0,"cards_upgraded":["RobotSpaceExplorer:Scanner"]},{"damage_healed":0.0,"max_hp_gain":0.0,"max_hp_loss":0.0,"gold_gain":0.0,"event_name":"Mysterious Sphere","player_choice":"Fight","floor":45.0,"gold_loss":0.0,"damage_taken":0.0}],"is_beta":false,"boss_relics":[{"not_picked":["hubris:ScarierMask","hubris:HollowSoul"],"picked":"hubris:TerracottaHorce"},{"not_picked":["Empty Cage","RobotSpaceExplorer:SearchSpecs"],"picked":"Pandora\u0027s Box"}],"items_purged_floors":[31],"is_endless":false,"potions_floor_spawned":[6,8,13,16,23,25,28,33,38,42,44,47,48,54],"ascension_level":6}}