{"host":"8xp52u5o8fcssvzz","time":1608147661,"event":{"mods":["2.2 Compatiblity","AchievementEnabler","Act Like it!","Aspiration","BaseMod","Better Altar","Better Match","Better Note","Better Sensory Stone","Better Skull","Better Third Choice","BetterRewards","Colored Map","Conspire","Downfall","GifTheSpireLib","Googly Eyes","Halation","Hallownest","Highlight Path","Hubris","Infinite Spire","Jorbs\u0027s Wanderer Trilogy","Koishi","Lobotomy","LobotomyExtend","Luminous","Magitek Elite","Marisa????????","Mimic Mod","Minty Spire (QoL Compilation)","Prisma Mod","Reimu??????","Remilia_Scarlet Moed?????·?????3.3.5","Remilia??????","Replay The Spire","Shade Mod","Spicy Shops","StSLib","Stuff the Spire","The Administrix","The Blackbeard","The Bladedancer","The Construct","The Cursed","The Gatherer","The Necromancer","The Runesmith","The Servant 0.9.4","TheFirefly","TheSwordswoman","Unceasing Turn Reminder","everything is the same but u backflip on backflip"],"gold_per_floor":[116,131,147,161,161,161,177,177,177,177,177,177,192,217,217,217,217],"floor_reached":16,"playtime":1226,"items_purged":[],"score":94,"play_id":"7affedd2-51b1-4935-a958-dfdb6adb36db","local_time":"20201216114101","is_ascension_mode":false,"campfire_choices":[{"floor":6,"key":"REST"},{"data":"Bash","floor":11,"key":"SMITH"},{"floor":15,"key":"REST"}],"circlet_count":0,"master_deck":["Strike_R","Strike_R","Strike_R","Strike_R","Strike_R","Defend_R","Defend_R","Defend_R","Defend_R","Bash+1","Fiend Fire","ReplayTheSpireMod:LeadingStrike","Flame Barrier","Sword Boomerang","StuffTheSpire:RagingBull","Cleave","Heavy Blade","Blood for Blood"],"relics":["StuffTheSpire:OccultApparatus","LetterFromLob","Golden Idol","conspire:BottledYoYo"],"acts_visited":["Exordium"],"potions_floor_usage":[16],"damage_taken":[{"damage":6,"enemies":"Jaw Worm","floor":1,"turns":3},{"damage":7,"enemies":"2 Louse","floor":2,"turns":3},{"damage":6,"enemies":"Cultist","floor":3,"turns":3},{"damage":26,"enemies":"Lots of Slimes","floor":4,"turns":4},{"damage":5,"enemies":"Exordium Wildlife","floor":7,"turns":5},{"damage":23,"enemies":"3 Louse","floor":13,"turns":3},{"damage":19,"enemies":"Blue Slaver","floor":14,"turns":3},{"damage":62,"enemies":"Fading Forest","floor":16,"turns":7}],"seed_played":"-4882271911281722570","potions_obtained":[{"floor":4,"key":"champ:CounterPotion"},{"floor":7,"key":"infinitespire:BlackPotion"},{"floor":12,"key":"LiquidBronze"},{"floor":12,"key":"CultistPotion"},{"floor":14,"key":"Flashbang"}],"is_trial":false,"path_per_floor":["M","M","M","M","?","R","M","?","T","$","R","?","M","M","R","B"],"character_chosen":"IRONCLAD","items_purchased":[],"campfire_rested":2,"item_purchase_floors":[],"current_hp_per_floor":[80,79,79,59,39,63,64,64,64,64,64,64,41,22,46,0,0],"gold":217,"neow_bonus":"ONE_RANDOM_RARE_CARD","is_daily":false,"chose_seed":false,"campfire_upgraded":1,"win_rate":0.0,"timestamp":1608147661,"path_taken":["M","M","M","M","?","R","M","?","T","$","R","?","M","M","R","BOSS"],"items_purchased_type":[],"build_version":"2020-12-13","purchased_purges":0,"victory":false,"max_hp_per_floor":[80,80,80,80,80,80,80,80,80,80,80,80,80,80,80,80,80],"card_choices":[{"not_picked":["conspire:Charge","StuffTheSpire:BloodClot"],"picked":"ReplayTheSpireMod:LeadingStrike","floor":1},{"not_picked":["Thunderclap","hubris:ReadiedAction"],"picked":"Flame Barrier","floor":2},{"not_picked":["Feel No Pain","Sever Soul"],"picked":"Sword Boomerang","floor":3},{"not_picked":["Dark Embrace","StuffTheSpire:Slingshot"],"picked":"StuffTheSpire:RagingBull","floor":4},{"not_picked":["Warcry","Havoc"],"picked":"Cleave","floor":7},{"not_picked":["Life Link","StuffTheSpire:Resist"],"picked":"Heavy Blade","floor":13},{"not_picked":["Warcry","Feel No Pain"],"picked":"Blood for Blood","floor":14}],"player_experience":437406,"relics_obtained":[{"floor":1,"key":"LetterFromLob"},{"floor":9,"key":"conspire:BottledYoYo"}],"event_choices":[{"damage_healed":0,"gold_gain":0,"player_choice":"Take Damage","damage_taken":20,"relics_obtained":["Golden Idol"],"max_hp_gain":0,"max_hp_loss":0,"event_name":"Golden Idol","floor":5,"gold_loss":0},{"damage_healed":0,"gold_gain":0,"player_choice":"Got Potions","damage_taken":0,"max_hp_gain":0,"max_hp_loss":0,"event_name":"Lab","floor":12,"gold_loss":0}],"is_beta":false,"boss_relics":[],"items_purged_floors":[],"is_endless":false,"potions_floor_spawned":[4,7,14],"killed_by":"Fading Forest","ascension_level":0}}