{"host":"b0dcklafnoly879c","time":1608142081,"event":{"mods":["BaseMod","Minty Spire (QoL Compilation)","StSLib","The Cursed","The Jungle"],"gold_per_floor":[115,115,126,144,319,346,366,316,316,344,374,374,131,166,166,166,166],"floor_reached":16,"playtime":1065,"items_purged":[],"score":118,"play_id":"457cb7c4-02d2-4f2a-9315-83e238329780","local_time":"20201217030801","is_ascension_mode":false,"campfire_choices":[{"floor":12.0,"key":"REST"},{"floor":15,"key":"REST"}],"circlet_count":0,"master_deck":["TheCursedMod:Strike_TheCursed","TheCursedMod:Strike_TheCursed","TheCursedMod:Defend_TheCursed","TheCursedMod:Defend_TheCursed","TheCursedMod:Defend_TheCursed","TheCursedMod:Defend_TheCursed","TheCursedMod:CursedWand","TheCursedMod:CleanUpWorkshop","TheCursedMod:Dregs","TheCursedMod:CursedAmulet","TheCursedMod:Wield","TheCursedMod:CursedBlade","Doubt","TheCursedMod:Grudge","TheCursedMod:SurpriseAttack","TheCursedMod:SpitefulPray","Secret Weapon","TheCursedMod:SoulCrush"],"relics":["TheCursedMod:BlackMagic101","NeowsBlessing","Turnip","TheCursedMod:BloodyHarpoon","White Beast Statue","InkBottle"],"acts_visited":["Exordium"],"potions_floor_usage":[14],"damage_taken":[{"damage":0.0,"enemies":"Jaw Worm","floor":1.0,"turns":1.0},{"damage":0.0,"enemies":"Small Slimes","floor":3.0,"turns":1.0},{"damage":0.0,"enemies":"2 Louse","floor":4.0,"turns":1.0},{"damage":41.0,"enemies":"3 Sentries","floor":6.0,"turns":15.0},{"damage":0.0,"enemies":"2 Fungi Beasts","floor":7.0,"turns":4.0},{"damage":29.0,"enemies":"Gremlin Nob","floor":10.0,"turns":6.0},{"damage":24,"enemies":"Lagavulin","floor":14,"turns":9},{"damage":28,"enemies":"The Guardian","floor":16,"turns":8}],"seed_played":"4441392898285580075","potions_obtained":[{"floor":3.0,"key":"SkillPotion"},{"floor":7.0,"key":"AttackPotion"},{"floor":10.0,"key":"Dexterity Potion"},{"floor":14,"key":"SpeedPotion"}],"is_trial":false,"path_per_floor":["M","?","M","M","?","E","M","?","T","E","?","R","$","E","R","B"],"character_chosen":"THE_CURSED","items_purchased":["TheCursedMod:SpitefulPray","Secret Weapon"],"campfire_rested":2,"item_purchase_floors":[13,13],"current_hp_per_floor":[75,75,75,75,75,34,34,34,34,5,5,27,27,3,25,0,0],"gold":166,"neow_bonus":"THREE_ENEMY_KILL","is_daily":false,"chose_seed":false,"campfire_upgraded":0,"win_rate":0.0,"timestamp":1608142081,"path_taken":["M","?","M","M","?","E","M","?","T","E","?","R","$","E","R","BOSS"],"items_purchased_type":["Card","Card"],"build_version":"2020-12-13","purchased_purges":0,"victory":false,"max_hp_per_floor":[75,75,75,75,75,75,75,75,75,75,75,75,75,75,75,75,75],"card_choices":[{"not_picked":["TheCursedMod:SmokeScreen","TheCursedMod:RavingStaff"],"picked":"TheCursedMod:CursedAmulet","floor":1.0},{"not_picked":["TheCursedMod:Obscuration","TheCursedMod:CircleOfFocus","TheCursedMod:CursedStaff"],"picked":"SKIP","floor":3.0},{"not_picked":["TheCursedMod:Mangle","TheCursedMod:CursedBoomerang"],"picked":"TheCursedMod:CursedBlade","floor":4.0},{"not_picked":["TheCursedMod:CircleOfBlood","TheCursedMod:Obscuration"],"picked":"TheCursedMod:Grudge","floor":6.0},{"not_picked":["TheCursedMod:SaltUponWound","TheCursedMod:VitalStrike"],"picked":"TheCursedMod:SurpriseAttack","floor":7.0},{"not_picked":["TheCursedMod:AbyssShockwave","TheCursedMod:Hemoplague","TheCursedMod:Evocation"],"picked":"SKIP","floor":10.0},{"not_picked":["TheCursedMod:Mangle","TheCursedMod:Stretching"],"picked":"TheCursedMod:SoulCrush","floor":14}],"player_experience":210031,"relics_obtained":[{"floor":6.0,"key":"Turnip"},{"floor":9.0,"key":"TheCursedMod:BloodyHarpoon"},{"floor":10.0,"key":"White Beast Statue"},{"floor":14,"key":"InkBottle"}],"event_choices":[{"damage_healed":0.0,"max_hp_gain":0.0,"max_hp_loss":0.0,"gold_gain":0.0,"cards_transformed":["TheCursedMod:Strike_TheCursed"],"event_name":"Living Wall","player_choice":"Change","floor":2.0,"gold_loss":0.0,"damage_taken":0.0,"cards_obtained":["TheCursedMod:Wield"]},{"damage_healed":0.0,"max_hp_gain":0.0,"max_hp_loss":0.0,"gold_gain":175.0,"event_name":"Liars Game","player_choice":"AGREE","floor":5.0,"gold_loss":0.0,"damage_taken":0.0,"cards_obtained":["Doubt"]},{"cards_removed":["TheCursedMod:Strike_TheCursed"],"damage_healed":0.0,"max_hp_gain":0.0,"max_hp_loss":0.0,"gold_gain":0.0,"event_name":"The Cleric","player_choice":"Card Removal","floor":8.0,"gold_loss":50.0,"damage_taken":0.0},{"damage_healed":0.0,"max_hp_gain":0.0,"max_hp_loss":0.0,"gold_gain":30.0,"event_name":"Dead Adventurer","player_choice":"Searched \u00271\u0027 times","floor":11.0,"gold_loss":0.0,"damage_taken":0.0}],"is_beta":false,"boss_relics":[],"items_purged_floors":[],"is_endless":false,"potions_floor_spawned":[3,7,10,14],"killed_by":"The Guardian","ascension_level":0}}