{"host":"l8lkgdumzpe3823a","time":1608160494,"event":{"mods":["Aspiration","BaseMod","Better Note","Colored Powertips","Curses Come First","Custom Start","DeckTracker","Defuse TimeMaze Blight","Highlight Path","Hubris","Infinite Spire","Minty Spire (QoL Compilation)","Quick Restart","Replay The Spire","Shop Mod","StSLib","SuperFastMode","The Construct","The Dragon Tamer","vexMod"],"gold_per_floor":[113,3,15,25,25,58,58,86,86,86,86,100,100,110,110,214,214,227,227,79,79,79,79,79],"floor_reached":23,"playtime":654,"items_purged":["Strike_R","Strike_R"],"score":367,"play_id":"cf260a86-cacb-40b6-9d77-8944cc9c6d99","local_time":"20201216171454","is_ascension_mode":true,"campfire_choices":[{"floor":7,"key":"REST"},{"floor":10,"key":"REST"},{"data":"Dropkick","floor":15,"key":"SMITH"}],"circlet_count":0,"master_deck":["Strike_R","Strike_R","Defend_R","Defend_R","Defend_R","Defend_R","Bash","Dropkick+1","Pot Of Greed","Double Tap","hubris:Compulsion","construct:AttackMode","Pot Of Greed","Impatience","ReplayTheSpireMod:Black Plague"],"relics":["Burning Blood","hubris:Towel","Self Forming Clay","Grinning Jar","aspiration:FrozenJewel","ReplayTheSpireMod:SealedPack","aspiration:RitualStick","Red Skull","hubris:BottledHeart","Runic Pyramid","infinitespire:ShieldingShard"],"acts_visited":["Exordium","TheCity"],"potions_floor_usage":[16],"damage_taken":[{"damage":0,"enemies":"Small Slimes","floor":1,"turns":3},{"damage":7,"enemies":"2 Louse","floor":3,"turns":4},{"damage":15,"enemies":"Cultist","floor":4,"turns":5},{"damage":32,"enemies":"Gremlin Nob","floor":6,"turns":4},{"damage":40,"enemies":"3 Sentries","floor":8,"turns":12},{"damage":2,"enemies":"Blue Slaver","floor":12,"turns":5},{"damage":53,"enemies":"Large Slime","floor":14,"turns":19},{"damage":0,"enemies":"Hexaghost","floor":16,"turns":2},{"damage":21,"enemies":"Spheric Guardian","floor":18,"turns":5},{"damage":13,"enemies":"Gremlin Leader","floor":23,"turns":3}],"seed_played":"7618414618859502061","potions_obtained":[{"floor":6,"key":"Weak Potion"},{"floor":8,"key":"FearPotion"},{"floor":12,"key":"infinitespire:BlackPotion"},{"floor":16,"key":"Strength Potion"}],"is_trial":false,"path_per_floor":["M","$","M","M","?","E","R","E","T","R","$","M","?","M","R","B",null,"M","?","$","?","AVR","E"],"character_chosen":"IRONCLAD","items_purchased":["Dropkick","Red Skull"],"campfire_rested":2,"item_purchase_floors":[2,20],"current_hp_per_floor":[78,78,77,68,68,42,66,32,32,56,56,60,60,13,13,19,65,50,34,34,1,1,0,0],"gold":79,"neow_bonus":"RANDOM_EVENT","is_daily":false,"chose_seed":false,"campfire_upgraded":1,"win_rate":0.0,"timestamp":1608160494,"path_taken":["M","$","M","M","?","E","R","E","T","R","$","M","?","M","R","BOSS","M","?","$","?","AVR","E"],"items_purchased_type":["Card","Relic"],"build_version":"2020-12-13","purchased_purges":2,"victory":false,"max_hp_per_floor":[80,80,80,80,80,80,80,80,80,80,80,80,80,80,80,80,80,80,80,80,1,1,1,1],"card_choices":[{"not_picked":["Bloodletting","Sever Soul","Flame Barrier"],"picked":"SKIP","floor":1},{"not_picked":["Cleave","ReplayTheSpireMod:Strike From Hell","Clothesline"],"picked":"SKIP","floor":3},{"not_picked":["Pummel","Replay:Undeath\u0027s Touch","Anger"],"picked":"SKIP","floor":4},{"not_picked":["Pommel Strike","Clash","ReplayTheSpireMod:Strike From Hell"],"picked":"SKIP","floor":6},{"not_picked":["Warcry","hubris:StunningStrike","Sever Soul"],"picked":"SKIP","floor":8},{"not_picked":["Exhume","hubris:ReadiedAction","Armaments"],"picked":"SKIP","floor":12},{"not_picked":["Carnage","Abandon","Armaments"],"picked":"SKIP","floor":14},{"not_picked":["Eclipse","Bludgeon"],"picked":"Double Tap","floor":16},{"not_picked":["DTMod:SwitchingTactic","DTMod:DoubleHit"],"picked":"construct:AttackMode","floor":17},{"not_picked":["Replay:Sssssssssstrike","Purity"],"picked":"Impatience","floor":17},{"not_picked":["infinitespire:Collect","infinitespire:Fortify"],"picked":"ReplayTheSpireMod:Black Plague","floor":17},{"not_picked":["Flex+1","ReplayTheSpireMod:Strike From Hell+1","Clash+1"],"picked":"SKIP","floor":18}],"player_experience":562468,"relics_obtained":[{"floor":6,"key":"Self Forming Clay"},{"floor":8,"key":"Grinning Jar"},{"floor":9,"key":"aspiration:FrozenJewel"}],"event_choices":[{"cards_removed":["Strike_R"],"damage_healed":0,"gold_gain":0,"player_choice":"Forget","damage_taken":0,"max_hp_gain":0,"max_hp_loss":0,"event_name":"Living Wall","floor":0,"gold_loss":0}],"is_beta":false,"boss_relics":[{"not_picked":["Electric Blood","Coffee Dripper"],"picked":"ReplayTheSpireMod:SealedPack"}],"items_purged_floors":[2,22],"is_endless":false,"potions_floor_spawned":[6,8,12,14,16,18],"killed_by":"Gremlin Leader","ascension_level":7}}