{"host":"480qzmvu0s2e3e6w","time":1608136424,"event":{"mods":["BaseMod","Colored Map","DeckTracker","Minty Spire (QoL Compilation)","StSLib","SuperFastMode"],"gold_per_floor":[112,127,147,167,184,184,196,196,196,196,121,121,137,62,62,136,136,154,172,203,128,128,128,153,153,202,219,251,73,86,86,86,158,458,478,503,503,518,528,528,562,270,270,284,315,315,346,372,372,372],"floor_reached":51,"playtime":2315,"items_purged":["Strike_P","Strike_P+1","Defend_P"],"score":1407,"play_id":"d24b925f-01c3-4045-80e6-a741499071ff","local_time":"20201217013344","is_ascension_mode":true,"campfire_choices":[{"data":"MentalFortress","floor":6.0,"key":"SMITH"},{"data":"Eruption","floor":10.0,"key":"SMITH"},{"data":"Adaptation","floor":12.0,"key":"SMITH"},{"data":"Tantrum","floor":15.0,"key":"SMITH"},{"data":"Vault","floor":23.0,"key":"SMITH"},{"data":"TalkToTheHand","floor":25.0,"key":"SMITH"},{"data":"Omniscience","floor":32.0,"key":"SMITH"},{"data":"Adaptation","floor":40.0,"key":"SMITH"},{"data":"Indignation","floor":46.0,"key":"SMITH"},{"data":"Wish","floor":49.0,"key":"SMITH"}],"circlet_count":0,"master_deck":["AscendersBane","Defend_P","Eruption+1","Vigilance","CarveReality","Halt","Tantrum+1","ThirdEye+1","Adaptation+1","MentalFortress+1","Conclude","EmptyFist","Vault+1","Indignation+1","FlurryOfBlows","TalkToTheHand+1","ThirdEye","BattleHymn+1","Adaptation+1","Omniscience+1","CurseOfTheBell","EmptyBody","ClearTheMind+1","CrushJoints+1","Wish+1"],"relics":["PureWater","Eternal Feather","Philosopher\u0027s Stone","Red Mask","Happy Flower","Pen Nib","StrikeDummy","Calling Bell","Potion Belt","Mercury Hourglass","Old Coin","Mango","HornCleat","Centennial Puzzle","MealTicket","Oddly Smooth Stone"],"acts_visited":["Exordium","TheCity","TheBeyond"],"potions_floor_usage":[50],"damage_taken":[{"damage":4.0,"enemies":"2 Louse","floor":1.0,"turns":3.0},{"damage":0.0,"enemies":"Small Slimes","floor":2.0,"turns":2.0},{"damage":0.0,"enemies":"Cultist","floor":3.0,"turns":2.0},{"damage":5.0,"enemies":"Large Slime","floor":4.0,"turns":3.0},{"damage":3.0,"enemies":"Looter","floor":5.0,"turns":2.0},{"damage":2.0,"enemies":"Exordium Wildlife","floor":7.0,"turns":3.0},{"damage":8.0,"enemies":"Lots of Slimes","floor":13.0,"turns":2.0},{"damage":2.0,"enemies":"The Guardian","floor":16.0,"turns":6.0},{"damage":0.0,"enemies":"Spheric Guardian","floor":18.0,"turns":1.0},{"damage":10.0,"enemies":"2 Thieves","floor":19.0,"turns":3.0},{"damage":0.0,"enemies":"Masked Bandits","floor":20.0,"turns":3.0},{"damage":6.0,"enemies":"Gremlin Leader","floor":24.0,"turns":5.0},{"damage":0.0,"enemies":"Snake Plant","floor":27.0,"turns":2.0},{"damage":0.0,"enemies":"Book of Stabbing","floor":28.0,"turns":3.0},{"damage":0.0,"enemies":"Centurion and Healer","floor":30.0,"turns":3.0},{"damage":6.0,"enemies":"Champ","floor":33.0,"turns":6.0},{"damage":3.0,"enemies":"3 Darklings","floor":35.0,"turns":3.0},{"damage":0.0,"enemies":"Mind Bloom Boss Battle","floor":36.0,"turns":3.0},{"damage":2.0,"enemies":"Orb Walker","floor":38.0,"turns":3.0},{"damage":0.0,"enemies":"Transient","floor":39.0,"turns":5.0},{"damage":4.0,"enemies":"Giant Head","floor":41.0,"turns":6.0},{"damage":0.0,"enemies":"Sphere and 2 Shapes","floor":44.0,"turns":4.0},{"damage":21.0,"enemies":"Nemesis","floor":45.0,"turns":5.0},{"damage":11.0,"enemies":"Reptomancer","floor":47.0,"turns":4.0},{"damage":21,"enemies":"Time Eater","floor":50,"turns":6}],"seed_played":"-1844197107921801521","potions_obtained":[{"floor":4.0,"key":"SkillPotion"},{"floor":5.0,"key":"Regen Potion"},{"floor":7.0,"key":"SkillPotion"},{"floor":20.0,"key":"Swift Potion"},{"floor":28.0,"key":"FairyPotion"},{"floor":35.0,"key":"Swift Potion"},{"floor":41.0,"key":"SteroidPotion"},{"floor":45.0,"key":"Energy Potion"}],"is_trial":false,"path_per_floor":["M","M","M","M","M","R","M","?","T","R","?","R","M","$","R","B",null,"M","M","?","?","?","R","E","R","T","M","E","$","M","?","R","B",null,"M","?","?","M","M","R","E","$","T","M","E","R","E","T","R","B",null],"character_chosen":"WATCHER","items_purchased":["Adaptation","EssenceOfSteel","Ancient Potion"],"campfire_rested":0,"item_purchase_floors":[29,42,42],"current_hp_per_floor":[57,57,57,52,49,49,56,36,36,45,45,54,46,46,55,53,64,64,54,54,54,54,63,57,68,68,68,68,68,68,68,68,62,67,64,78,78,76,76,78,74,74,74,74,53,65,54,54,69,48],"gold":372,"neow_bonus":"TRANSFORM_CARD","is_daily":false,"chose_seed":false,"campfire_upgraded":10,"win_rate":0.0,"timestamp":1608136424,"path_taken":["M","M","M","M","M","R","M","?","T","R","?","R","M","$","R","BOSS","M","M","?","?","?","R","E","R","T","M","E","$","?","?","R","BOSS","M","?","?","M","M","R","E","?","T","M","E","R","E","?","R","BOSS"],"items_purchased_type":["Card","Potion","Potion"],"build_version":"2020-12-13","purchased_purges":3,"victory":true,"max_hp_per_floor":[68,68,68,68,68,68,68,68,68,68,68,68,68,68,68,68,68,68,68,68,68,68,68,68,68,68,68,68,68,68,68,68,68,68,68,82,78,78,78,78,78,78,78,78,78,78,78,78,78,78],"card_choices":[{"not_picked":["ClearTheMind","EmptyMind"],"picked":"Halt","floor":1.0},{"not_picked":["Swivel","WreathOfFlame"],"picked":"Tantrum","floor":2.0},{"not_picked":["LikeWater","Halt"],"picked":"ThirdEye","floor":3.0},{"not_picked":["JustLucky","BowlingBash"],"picked":"Adaptation","floor":4.0},{"not_picked":["SignatureMove","EmptyBody"],"picked":"MentalFortress","floor":5.0},{"not_picked":["CarveReality","Collect"],"picked":"Conclude","floor":7.0},{"not_picked":["ThirdEye","FollowUp"],"picked":"EmptyFist","floor":13.0},{"not_picked":["Blasphemy","SpiritShield"],"picked":"Vault","floor":16.0},{"not_picked":["Consecrate","Study"],"picked":"Indignation","floor":18.0},{"not_picked":["Crescendo","Prostrate"],"picked":"FlurryOfBlows","floor":19.0},{"not_picked":["JustLucky","EmptyBody"],"picked":"TalkToTheHand","floor":20.0},{"not_picked":["Devotion","ClearTheMind"],"picked":"BattleHymn+1","floor":24.0},{"not_picked":["PathToVictory","CutThroughFate","Prostrate"],"picked":"SKIP","floor":27.0},{"not_picked":["Worship","Study","Weave"],"picked":"SKIP","floor":28.0},{"not_picked":["Crescendo","ClearTheMind"],"picked":"Omniscience","floor":30.0},{"not_picked":["Crescendo+1","Study+1","Nirvana"],"picked":"SKIP","floor":35.0},{"not_picked":["Prostrate","Crescendo"],"picked":"EmptyBody","floor":36.0},{"not_picked":["SpiritShield","Fasting2+1","ThirdEye"],"picked":"SKIP","floor":38.0},{"not_picked":["Adaptation+1","Prostrate","SashWhip"],"picked":"SKIP","floor":39.0},{"not_picked":["WheelKick","Halt"],"picked":"ClearTheMind+1","floor":41.0},{"not_picked":["SashWhip","ThirdEye+1","ClearTheMind"],"picked":"SKIP","floor":44.0},{"not_picked":["Evaluate","SashWhip"],"picked":"CrushJoints+1","floor":45.0},{"not_picked":["JustLucky","Meditate+1"],"picked":"Wish","floor":47.0}],"player_experience":606710,"relics_obtained":[{"floor":9.0,"key":"Eternal Feather"},{"floor":20.0,"key":"Red Mask"},{"floor":24.0,"key":"Happy Flower"},{"floor":26.0,"key":"Pen Nib"},{"floor":28.0,"key":"StrikeDummy"},{"floor":34.0,"key":"Potion Belt"},{"floor":34.0,"key":"Mercury Hourglass"},{"floor":34.0,"key":"Old Coin"},{"floor":36.0,"key":"Mango"},{"floor":41.0,"key":"HornCleat"},{"floor":45.0,"key":"Centennial Puzzle"},{"floor":47.0,"key":"MealTicket"},{"floor":48.0,"key":"Oddly Smooth Stone"}],"event_choices":[{"damage_healed":0.0,"max_hp_gain":0.0,"max_hp_loss":0.0,"gold_gain":0.0,"event_name":"Shining Light","player_choice":"Entered Light","floor":8.0,"gold_loss":0.0,"damage_taken":20.0,"cards_upgraded":["Strike_P","ThirdEye"]},{"cards_removed":["Defend_P"],"damage_healed":0.0,"max_hp_gain":0.0,"max_hp_loss":0.0,"gold_gain":0.0,"event_name":"The Cleric","player_choice":"Card Removal","floor":11.0,"gold_loss":75.0,"damage_taken":0.0},{"damage_healed":0.0,"max_hp_gain":0.0,"max_hp_loss":0.0,"gold_gain":0.0,"event_name":"Masked Bandits","player_choice":"Fought Bandits","floor":20.0,"gold_loss":0.0,"damage_taken":0.0},{"cards_removed":["Defend_P"],"damage_healed":0.0,"max_hp_gain":0.0,"max_hp_loss":0.0,"gold_gain":0.0,"event_name":"Beggar","player_choice":"Gave Gold","floor":21.0,"gold_loss":75.0,"damage_taken":0.0},{"damage_healed":0.0,"max_hp_gain":0.0,"max_hp_loss":0.0,"gold_gain":0.0,"cards_transformed":["Strike_P"],"event_name":"Transmorgrifier","player_choice":"Transformed","floor":22.0,"gold_loss":0.0,"damage_taken":0.0,"cards_obtained":["ThirdEye"]},{"damage_healed":0.0,"max_hp_gain":0.0,"max_hp_loss":0.0,"gold_gain":0.0,"event_name":"Ghosts","player_choice":"Ignored","floor":31.0,"gold_loss":0.0,"damage_taken":0.0},{"damage_healed":0.0,"max_hp_gain":0.0,"max_hp_loss":0.0,"gold_gain":0.0,"event_name":"MindBloom","player_choice":"Fight","floor":36.0,"gold_loss":0.0,"damage_taken":0.0},{"damage_healed":0.0,"max_hp_gain":0.0,"max_hp_loss":4.0,"gold_gain":0.0,"event_name":"Winding Halls","player_choice":"Max HP","floor":37.0,"gold_loss":0.0,"damage_taken":0.0}],"is_beta":false,"boss_relics":[{"not_picked":["Fusion Hammer","Empty Cage"],"picked":"Philosopher\u0027s Stone"},{"not_picked":["Tiny House","Pandora\u0027s Box"],"picked":"Calling Bell"}],"items_purged_floors":[14,29,42],"is_endless":false,"potions_floor_spawned":[4,5,7,13,20,27,28,30,35,41,44,45],"ascension_level":16}}