{"host":"hfvpa4llnnjpeawn","time":1608083025,"event":{"mods":["2.2 Compatiblity","Act Like it!","BaseMod","Better Skull","Better Third Choice","BetterRewards","CapriCore","Conspire","Downfall","Elementarium","Hermit","Hubris","Koishi","Lobotomy","Mad Scientist","Minty Spire (QoL Compilation)","Replay The Spire","Shade Mod","Somnambulant","StSLib","The Bladedancer","The Factory","The Jungle","Waifu the Spire"],"gold_per_floor":[115,0,10,21,21,46,46,73,127,23,23,23,23,35,35,136,136,151,7,7,7,7,7,35,35,106,157,185,217,235,265,265,401,401,418,1,31,31,31,31,45,76,76,92,109,109,123,123,123,123],"floor_reached":51,"playtime":3349,"items_purged":["Burn"],"score":800,"play_id":"f65048ef-0763-44e6-be53-d0d0e578dc43","local_time":"20201215204345","is_ascension_mode":false,"campfire_choices":[{"data":"Dualcast","floor":7,"key":"SMITH"},{"floor":15,"key":"REST"},{"data":"Elementarium:EarthblessedBlade","floor":23,"key":"SMITH"},{"data":"Amplify","floor":25,"key":"SMITH"},{"floor":32,"key":"REST"},{"floor":40,"key":"REST"},{"floor":46,"key":"REST"},{"floor":49,"key":"REST"}],"circlet_count":0,"master_deck":["Strike_B","Strike_B","Strike_B+1","Strike_B","Defend_B","Defend_B+1","Defend_B","Defend_B","Zap","Dualcast+1","Echo Form","Leap","Enlightenment","Stack","Force Field","BasicCrystalCard","ReplaySolidLightProjector","FIFO Queue","Conserve Battery","Ball Lightning","Thunder Strike","CurseOfTheBell","Amplify+1","Elementarium:FireblessedBlade","Elementarium:WindblessedBlade","Elementarium:EarthblessedBlade+1","Elementarium:IceblessedBlade","Elementarium:VoidblessedBlade","Elementarium:GildedForm","Turbo+1","BootSequence","Buffer","Beam Cell+1","Creative AI","Static Discharge","hubris:EnhanceAbility","hubris:NaturalOne","Guardian:EvasiveProtocol","Panic Button+1"],"relics":["Cracked Core","hubris:Icosahedron","hubris:PeanutButter","Art of War","Potion Belt","FossilizedHelix","Blue Candle","Calling Bell","Tiny Chest","Question Card","Peace Pipe","PreservedInsect","Bag of Preparation","hubris:BottledRain","Bag of Marbles","Elementarium:GoldenMirage","Elementarium:ElementariumTrophy","hubris:HollowSoul","Simple Rune","hubris:MysteriousPyramids","hubris:DisguiseKit"],"acts_visited":["Exordium","Exordium","TheBeyond"],"potions_floor_usage":[6,16,30,33,50,50,50],"damage_taken":[{"damage":1,"enemies":"Jaw Worm","floor":1,"turns":3},{"damage":2,"enemies":"2 Louse","floor":3,"turns":3},{"damage":0,"enemies":"Small Slimes","floor":4,"turns":4},{"damage":15,"enemies":"Lagavulin","floor":6,"turns":6},{"damage":17,"enemies":"3 Sentries","floor":8,"turns":8},{"damage":0,"enemies":"Looter","floor":14,"turns":4},{"damage":17,"enemies":"The Guardian","floor":16,"turns":11},{"damage":19,"enemies":"Elementarium:MUD_AND_TAR_GOLEMS","floor":18,"turns":6},{"damage":13,"enemies":"Elementarium:WarGolem","floor":24,"turns":4},{"damage":0,"enemies":"Elementarium:GOLDEN_STATUES","floor":28,"turns":3},{"damage":0,"enemies":"Elementarium:2_ELEMENTALS","floor":29,"turns":3},{"damage":1,"enemies":"Elementarium:VOID_CORRUPTION_AND_TAR_GOLEM","floor":30,"turns":4},{"damage":3,"enemies":"Elementarium:CYCLONE_AND_LIVING_STORMCLOUD","floor":31,"turns":6},{"damage":24,"enemies":"Elementarium:PHOENIXES","floor":33,"turns":11},{"damage":16,"enemies":"Orb Walker","floor":35,"turns":5},{"damage":5,"enemies":"3 Shapes","floor":37,"turns":3},{"damage":7,"enemies":"Writhing Mass","floor":41,"turns":6},{"damage":26,"enemies":"4 Shapes","floor":42,"turns":6},{"damage":0,"enemies":"Sphere and 2 Shapes","floor":44,"turns":5},{"damage":0,"enemies":"Maw","floor":45,"turns":10},{"damage":7,"enemies":"4 Shapes","floor":47,"turns":6},{"damage":32,"enemies":"conspire:OrnateMirror","floor":50,"turns":9}],"seed_played":"-5795444812663764490","potions_obtained":[{"floor":4,"key":"SteroidPotion"},{"floor":8,"key":"FocusPotion"},{"floor":29,"key":"Swift Potion"},{"floor":31,"key":"FocusPotion"},{"floor":44,"key":"EssenceOfSteel"},{"floor":47,"key":"CultistPotion"}],"is_trial":false,"path_per_floor":["M","?","M","M","?","E","R","E","T","$","?","T","?","M","R","B",null,"M","$","?","?","?","R","E","R","T","T","?","M","M","M","R","B",null,"M","$","M","$","T","R","M","M","T","M","M","R","M","?","R","B",null],"character_chosen":"DEFECT","items_purchased":["FIFO Queue","Conserve Battery","PreservedInsect","hubris:EnhanceAbility","Simple Rune"],"campfire_rested":5,"item_purchase_floors":[10,10,19,36,36],"current_hp_per_floor":[74,80,78,78,78,63,63,46,46,46,46,46,46,46,70,53,81,62,62,62,49,44,44,31,31,31,31,31,31,30,27,40,16,44,28,28,23,23,23,36,29,3,3,3,22,35,28,28,40,8],"gold":123,"neow_bonus":"ONE_RANDOM_RARE_CARD","is_daily":false,"chose_seed":false,"campfire_upgraded":3,"win_rate":0.0,"timestamp":1608083025,"path_taken":["M","?","M","M","?","E","R","E","T","$","?","?","?","?","R","BOSS","M","$","?","?","?","R","E","R","T","?","?","M","?","M","R","BOSS","M","$","?","$","?","R","M","M","T","M","M","R","M","?","R","BOSS"],"items_purchased_type":["Card","Card","Relic","Card","Relic"],"build_version":"2020-12-13","purchased_purges":1,"victory":true,"max_hp_per_floor":[75,81,81,81,81,81,81,81,81,81,81,81,81,81,81,81,81,81,81,81,49,44,44,44,44,44,44,44,44,44,44,44,44,44,44,44,44,44,44,44,44,44,44,44,44,44,44,41,41,41],"card_choices":[{"not_picked":["Coolheaded","ReplayTheSpireMod:Calculation Training"],"picked":"Leap","floor":1},{"not_picked":["Sweeping Beam","Hologram"],"picked":"Stack","floor":3},{"not_picked":["Steam","Streamline"],"picked":"Force Field","floor":4},{"not_picked":["hubris:DoWhile","Redo"],"picked":"BasicCrystalCard","floor":6},{"not_picked":["Undo","Streamline"],"picked":"ReplaySolidLightProjector","floor":8},{"not_picked":["Lockon","Sweeping Beam"],"picked":"Ball Lightning","floor":14},{"not_picked":["Echo Form","Hyperbeam"],"picked":"Thunder Strike","floor":16},{"not_picked":["Rebound","Beam Cell","Gash"],"picked":"Amplify","floor":18},{"not_picked":["Compile Driver","ReplayTheSpireMod:Repulse","Hologram","Sweeping Beam"],"picked":"SKIP","floor":24},{"not_picked":["Ball Lightning+1","Leap","BasicCrystalCard"],"picked":"Turbo+1","floor":28},{"not_picked":["Coolheaded","Reprogram+1","Sweeping Beam"],"picked":"BootSequence","floor":29},{"not_picked":["Streamline","Panic Button","Tempest"],"picked":"Buffer","floor":30},{"not_picked":["Sweeping Beam","Coolheaded","Go for the Eyes"],"picked":"Beam Cell+1","floor":31},{"not_picked":["Hyperbeam","hubris:DoWhile","Machine Learning"],"picked":"Creative AI","floor":33},{"not_picked":["Hologram+1","Heatsinks","ReplayTheSpireMod:Calculation Training"],"picked":"Static Discharge","floor":35},{"not_picked":["BasicCrystalCard+1","Fusion+1","hubris:Ukulele+1","Reprogram+1"],"picked":"SKIP","floor":37},{"not_picked":["Rebound+1","ReplayTheSpireMod:Reroute Power","Streamline+1","Darkness"],"picked":"SKIP","floor":41},{"not_picked":["Coolheaded+1","BasicCrystalCard+1","Beam Cell","ReplayTheSpireMod:Repulse+1"],"picked":"SKIP","floor":42},{"not_picked":["Gash","Sunder","Fission","Genetic Algorithm","Guardian:Suspension"],"picked":"SKIP","floor":44},{"not_picked":["Cold Snap+1","Gash+1","Reprogram","FTL+1"],"picked":"Guardian:EvasiveProtocol","floor":45},{"not_picked":["Gash","Redo","Force Field","Guardian:Reroute"],"picked":"Panic Button+1","floor":47}],"player_experience":221441,"relics_obtained":[{"floor":6,"key":"hubris:PeanutButter"},{"floor":8,"key":"Art of War"},{"floor":9,"key":"Potion Belt"},{"floor":12,"key":"Blue Candle"},{"floor":17,"key":"Tiny Chest"},{"floor":17,"key":"Question Card"},{"floor":17,"key":"Peace Pipe"},{"floor":24,"key":"Bag of Preparation"},{"floor":26,"key":"hubris:BottledRain"},{"floor":27,"key":"Bag of Marbles"},{"floor":28,"key":"Elementarium:GoldenMirage"},{"floor":39,"key":"hubris:MysteriousPyramids"},{"floor":43,"key":"hubris:DisguiseKit"}],"event_choices":[{"damage_healed":0,"gold_gain":0,"player_choice":"RENOUNCE","damage_taken":115,"max_hp_gain":0,"max_hp_loss":0,"event_name":"betterThird:BetterSerpent","floor":2,"gold_loss":115,"cards_obtained":["Enlightenment"]},{"damage_healed":0,"gold_gain":0,"player_choice":"Searched \u00272\u0027 times","damage_taken":0,"relics_obtained":["FossilizedHelix"],"max_hp_gain":0,"max_hp_loss":0,"event_name":"Dead Adventurer","floor":11,"gold_loss":0},{"damage_healed":46,"gold_gain":0,"player_choice":"Embrace Burn","damage_taken":0,"max_hp_gain":0,"max_hp_loss":81,"event_name":"betterThird:BetterShining","floor":13,"gold_loss":0},{"damage_healed":0,"gold_gain":0,"player_choice":"Leave","damage_taken":0,"max_hp_gain":0,"max_hp_loss":0,"event_name":"conspire:Investor","floor":20,"gold_loss":0},{"damage_healed":0,"gold_gain":0,"player_choice":"Touch","damage_taken":0,"max_hp_gain":0,"max_hp_loss":32,"event_name":"Elementarium:ElementalBlades","floor":21,"gold_loss":0,"cards_obtained":["Elementarium:FireblessedBlade","Elementarium:WindblessedBlade","Elementarium:EarthblessedBlade","Elementarium:IceblessedBlade","Elementarium:VoidblessedBlade"]},{"damage_healed":0,"gold_gain":0,"player_choice":"Dive in","damage_taken":0,"max_hp_gain":0,"max_hp_loss":5,"event_name":"Elementarium:FountainOfGold","floor":22,"gold_loss":0,"cards_obtained":["Elementarium:GildedForm"]},{"damage_healed":0,"gold_gain":0,"player_choice":"Fight","damage_taken":0,"max_hp_gain":0,"max_hp_loss":0,"event_name":"Elementarium:GoldenStatues","floor":28,"gold_loss":0},{"cards_removed":["Parasite"],"damage_healed":0,"gold_gain":0,"player_choice":"Purged","damage_taken":0,"max_hp_gain":0,"max_hp_loss":0,"event_name":"Purifier","floor":48,"gold_loss":0}],"is_beta":false,"boss_relics":[{"not_picked":["Velvet Choker","Replay:Fungal Core"],"picked":"Calling Bell"},{"not_picked":["hubris:VirtuousBlindfold","Fusion Hammer"],"picked":"hubris:HollowSoul"}],"items_purged_floors":[36],"is_endless":false,"potions_floor_spawned":[4,8,29,31,44,47],"ascension_level":0}}