{"host":"gzwwvnucm264f2jm","time":1608077070,"event":{"mods":["AchievementEnabler","BaseMod","Better Note","BetterRewards","Colored Map","Curses Come First","Minty Spire (QoL Compilation)","Permanent Neow","Quick Restart","Rare Cards Sparkle","Slay-I","Spicy Shops","StSLib","SuperFastMode"],"gold_per_floor":[118,118,118,118,118,118,118,118,118,118,144,144,144,155,155,256,256,276,276,276,276,129,160,160,17,17,17,34,60,91,91,91,190,190,209,136,190,190,190,190,20,20,96,146,6,25,25,39,39,39],"floor_reached":51,"playtime":1205,"items_purged":["Pride"],"score":889,"play_id":"f00ccdaa-de7c-41da-a1bb-1025d521f6c8","local_time":"20201215190430","daily_mods":["Draft","Vintage","Flight"],"is_ascension_mode":false,"campfire_choices":[{"data":"Outmaneuver","floor":6.0,"key":"SMITH"},{"data":"Noxious Fumes","floor":7.0,"key":"SMITH"},{"data":"Bouncing Flask","floor":8.0,"key":"SMITH"},{"data":"Bouncing Flask","floor":10.0,"key":"SMITH"},{"data":"Deadly Poison","floor":12.0,"key":"SMITH"},{"data":"Deadly Poison","floor":15.0,"key":"SMITH"},{"data":"Wraith Form v2","floor":24.0,"key":"SMITH"},{"data":"Flechettes","floor":27.0,"key":"SMITH"},{"data":"Backflip","floor":32.0,"key":"SMITH"},{"data":"Backflip","floor":40.0,"key":"SMITH"},{"data":"Apotheosis","floor":42.0,"key":"SMITH"},{"data":"Escape Plan","floor":47,"key":"SMITH"},{"data":"Blade Dance","floor":49,"key":"SMITH"}],"circlet_count":0,"master_deck":["Blade Dance+1","PiercingWail+1","Outmaneuver+1","Noxious Fumes+1","Bouncing Flask+1","Flechettes+1","Deadly Poison+1","Dagger Spray","Quick Slash","Cloak And Dagger","Bouncing Flask+1","Deadly Poison+1","Wraith Form v2+1","Deflect+1","Backflip+1","Escape Plan+1","Backflip+1","Madness","Apotheosis+1"],"relics":["Ring of the Snake","Pantograph","Toy Ornithopter","Sundial","Paper Crane","War Paint","Runic Pyramid","Akabeko","Letter Opener","Medical Kit","Darkstone Periapt","Membership Card","HornCleat","Torii","Matryoshka","Happy Flower","Coffee Dripper","Unceasing Top","Calipers","TheAbacus","Gambling Chip","OrangePellets","Boot","Mummified Hand","Turnip","PreservedInsect","The Courier","Shuriken","TwistedFunnel","Ancient Tea Set"],"acts_visited":["Exordium","TheCity","TheBeyond"],"potions_floor_usage":[50,50],"damage_taken":[{"damage":0.0,"enemies":"Jaw Worm","floor":1.0,"turns":2.0},{"damage":8.0,"enemies":"Gremlin Nob","floor":11.0,"turns":3.0},{"damage":0.0,"enemies":"2 Louse","floor":14.0,"turns":2.0},{"damage":28.0,"enemies":"The Guardian","floor":16.0,"turns":6.0},{"damage":20.0,"enemies":"2 Thieves","floor":18.0,"turns":3.0},{"damage":5.0,"enemies":"Slavers","floor":23.0,"turns":4.0},{"damage":0.0,"enemies":"3 Byrds","floor":28.0,"turns":2.0},{"damage":0.0,"enemies":"Book of Stabbing","floor":29.0,"turns":3.0},{"damage":0.0,"enemies":"Gremlin Leader","floor":30.0,"turns":4.0},{"damage":0.0,"enemies":"Collector","floor":33.0,"turns":6.0},{"damage":6.0,"enemies":"3 Shapes","floor":35.0,"turns":3.0},{"damage":0.0,"enemies":"2 Orb Walkers","floor":37.0,"turns":4.0},{"damage":0.0,"enemies":"Mind Bloom Boss Battle","floor":44.0,"turns":4.0},{"damage":0,"enemies":"Giant Head","floor":46,"turns":4},{"damage":0,"enemies":"3 Darklings","floor":48,"turns":3},{"damage":11,"enemies":"Donu and Deca","floor":50,"turns":5}],"seed_played":"-2777482914077721596","potions_obtained":[{"floor":14.0,"key":"Strength Potion"},{"floor":18.0,"key":"Explosive Potion"},{"floor":33.0,"key":"Explosive Potion"}],"is_trial":true,"path_per_floor":["M","?","?","$","?","R","R","R","T","R","E","R","T","M","R","B",null,"M","?","?","$","$","E","R","$","T","R","M","E","E","?","R","B",null,"M","$","?","?","?","R","$","R","T","?","$","E","R","M","R","B",null],"character_chosen":"THE_SILENT","items_purchased":["Medical Kit","Membership Card","Calipers","TheAbacus","Apotheosis","OrangePellets","Shuriken","TwistedFunnel"],"campfire_rested":0,"item_purchase_floors":[22,25,36,36,41,41,45,45],"current_hp_per_floor":[70,63,38,38,61,61,61,61,61,61,53,53,53,53,53,42,70,50,50,50,50,50,45,45,45,45,45,45,45,45,45,45,70,70,64,64,64,55,55,55,55,55,55,70,76,76,76,76,76,65],"gold":39,"neow_bonus":"","is_daily":false,"chose_seed":false,"campfire_upgraded":13,"win_rate":0.0,"timestamp":1608077070,"path_taken":["M","?","?","$","?","R","R","R","T","R","E","R","?","?","R","BOSS","M","?","?","$","$","E","R","?","T","R","?","E","E","?","R","BOSS","M","$","?","?","?","R","$","R","T","?","$","E","R","?","R","BOSS"],"items_purchased_type":["Relic","Relic","Relic","Relic","Card","Relic","Relic","Relic"],"build_version":"2020-12-13","purchased_purges":1,"victory":true,"max_hp_per_floor":[70,70,70,70,70,70,70,70,70,70,70,70,70,70,70,70,70,70,70,70,70,70,70,70,70,70,70,70,70,70,70,70,70,70,70,70,70,70,70,70,70,70,70,70,76,76,76,76,76,76],"card_choices":[{"not_picked":["Sucker Punch","Slice"],"picked":"Blade Dance","floor":0.0},{"not_picked":["Slice","Dagger Throw"],"picked":"PiercingWail","floor":0.0},{"not_picked":["All Out Attack","Sucker Punch"],"picked":"Expertise","floor":0.0},{"not_picked":["Dodge and Roll","Sucker Punch"],"picked":"Outmaneuver","floor":0.0},{"not_picked":["Dagger Throw","Calculated Gamble"],"picked":"Quick Slash","floor":0.0},{"not_picked":["Sucker Punch","Skewer"],"picked":"Noxious Fumes","floor":0.0},{"not_picked":["Dodge and Roll","Calculated Gamble"],"picked":"Heel Hook","floor":0.0},{"not_picked":["Acrobatics","Eviscerate"],"picked":"Bouncing Flask","floor":0.0},{"not_picked":["Bane","Acrobatics"],"picked":"Flechettes","floor":0.0},{"not_picked":["Infinite Blades","Dagger Throw"],"picked":"Deadly Poison","floor":0.0},{"not_picked":["Acrobatics","Bane"],"picked":"Dagger Spray","floor":0.0},{"not_picked":["Slice","Heel Hook"],"picked":"Quick Slash","floor":0.0},{"not_picked":["Quick Slash","Reflex"],"picked":"Cloak And Dagger","floor":0.0},{"not_picked":["Underhanded Strike","Acrobatics"],"picked":"Bouncing Flask","floor":0.0},{"not_picked":["Accuracy","Sucker Punch"],"picked":"Deadly Poison","floor":0.0},{"not_picked":["Acrobatics","Prepared","Doppelganger"],"picked":"SKIP","floor":11.0},{"not_picked":["Glass Knife","Malaise"],"picked":"Wraith Form v2","floor":16.0},{"not_picked":["Cloak And Dagger","Predator"],"picked":"Deflect+1","floor":23.0},{"not_picked":["Backstab","Slice","Bane"],"picked":"SKIP","floor":29.0},{"not_picked":["Acrobatics","Deadly Poison"],"picked":"Backflip","floor":30.0},{"not_picked":["Bouncing Flask","Deadly Poison+1"],"picked":"Backflip","floor":37.0},{"not_picked":["Venomology","Dagger Spray","Blade Dance+1"],"picked":"SKIP","floor":46}],"player_experience":430136,"relics_obtained":[{"floor":1.0,"key":"Pantograph"},{"floor":11.0,"key":"Sundial"},{"floor":13.0,"key":"Paper Crane"},{"floor":14.0,"key":"War Paint"},{"floor":18.0,"key":"Akabeko"},{"floor":23.0,"key":"Darkstone Periapt"},{"floor":26.0,"key":"HornCleat"},{"floor":28.0,"key":"Torii"},{"floor":29.0,"key":"Matryoshka"},{"floor":30.0,"key":"Happy Flower"},{"floor":35.0,"key":"Unceasing Top"},{"floor":37.0,"key":"Gambling Chip"},{"floor":43.0,"key":"Boot"},{"floor":43.0,"key":"Mummified Hand"},{"floor":44,"key":"Turnip"},{"floor":44,"key":"PreservedInsect"},{"floor":44,"key":"The Courier"},{"floor":48,"key":"Ancient Tea Set"}],"event_choices":[{"cards_removed":["Heel Hook"],"damage_healed":0.0,"max_hp_gain":0.0,"max_hp_loss":0.0,"gold_gain":0.0,"event_name":"Golden Wing","player_choice":"Card Removal","floor":2.0,"gold_loss":0.0,"damage_taken":7.0},{"damage_healed":0.0,"max_hp_gain":0.0,"max_hp_loss":0.0,"gold_gain":0.0,"event_name":"Scrap Ooze","player_choice":"Success","floor":3.0,"gold_loss":0.0,"damage_taken":25.0,"relics_obtained":["Toy Ornithopter"]},{"damage_healed":23.0,"max_hp_gain":0.0,"max_hp_loss":0.0,"gold_gain":0.0,"event_name":"Big Fish","player_choice":"Banana","floor":5.0,"gold_loss":0.0,"damage_taken":0.0},{"cards_removed":["Expertise"],"damage_healed":0.0,"max_hp_gain":0.0,"max_hp_loss":0.0,"gold_gain":0.0,"event_name":"Wheel of Change","player_choice":"Card Removal","floor":19.0,"gold_loss":0.0,"damage_taken":0.0},{"cards_removed":["Quick Slash"],"damage_healed":0.0,"max_hp_gain":0.0,"max_hp_loss":0.0,"gold_gain":0.0,"event_name":"WeMeetAgain","player_choice":"Gave Card","floor":20.0,"gold_loss":0.0,"damage_taken":0.0,"relics_obtained":["Letter Opener"]},{"damage_healed":0.0,"max_hp_gain":0.0,"max_hp_loss":0.0,"gold_gain":0.0,"event_name":"Match and Keep!","player_choice":"1 cards matched","floor":31.0,"gold_loss":0.0,"damage_taken":0.0,"cards_obtained":["Escape Plan"]},{"damage_healed":0.0,"max_hp_gain":0.0,"max_hp_loss":0.0,"gold_gain":0.0,"event_name":"Mysterious Sphere","player_choice":"Fight","floor":37.0,"gold_loss":0.0,"damage_taken":0.0},{"damage_healed":0.0,"max_hp_gain":0.0,"max_hp_loss":0.0,"gold_gain":0.0,"event_name":"Winding Halls","player_choice":"Embrace Madness","floor":38.0,"gold_loss":0.0,"damage_taken":9.0,"cards_obtained":["Madness","Madness"]},{"cards_removed":["Madness"],"damage_healed":0.0,"max_hp_gain":0.0,"max_hp_loss":0.0,"gold_gain":0.0,"event_name":"Falling","player_choice":"Removed Skill","floor":39.0,"gold_loss":0.0,"damage_taken":0.0},{"damage_healed":0.0,"max_hp_gain":0.0,"max_hp_loss":0.0,"gold_gain":0.0,"event_name":"MindBloom","player_choice":"Fight","floor":44.0,"gold_loss":0.0,"damage_taken":0.0}],"is_beta":false,"boss_relics":[{"not_picked":["Cursed Key","Empty Cage"],"picked":"Runic Pyramid"},{"not_picked":["Calling Bell","Busted Crown"],"picked":"Coffee Dripper"}],"items_purged_floors":[45],"is_endless":false,"potions_floor_spawned":[14,18,30,33,44,48],"ascension_level":0}}