{"host":"2461dio7vetlq1z3","time":1608149353,"event":{"mods":["2.2 Compatiblity","AchievementEnabler","BaseMod","Better Third Choice","Hermit","Marisa????????","Minty Spire (QoL Compilation)","Relic Stats","Spicy Shops","StSLib","The Servant 0.9.4","Waifu the Spire"],"gold_per_floor":[113,124,124,143,120,149,149,175,220,220,251,264,264,264,264,369,369,380,398,180,197,213,213,238,238,238,238],"floor_reached":26,"playtime":1245,"items_purged":["FlurryOfBlows"],"score":394,"play_id":"4abbd277-7443-4094-8592-d31b8b2360df","local_time":"20201216210913","is_ascension_mode":true,"campfire_choices":[{"floor":7,"key":"REST"},{"floor":10,"key":"REST"},{"data":"TalkToTheHand","floor":13,"key":"SMITH"},{"data":"Juggernaut","floor":15,"key":"SMITH"},{"floor":23,"key":"REST"},{"data":"Wish","floor":25,"key":"SMITH"}],"circlet_count":0,"master_deck":["AscendersBane","Strike_P","Strike_P","Strike_P","Strike_P","Defend_P+1","Defend_P","Defend_P","Defend_P+1","Eruption","Vigilance","Protect","ReachHeaven","TalkToTheHand+1","Burning Pact","Juggernaut+1","FollowUp","Consecrate","Scrawl","WheelKick","Swivel","Wish+1"],"relics":["PureWater","War Paint","Regal Pillow","Vajra","Anchor","Orichalcum","Snecko Eye","ClockworkSouvenir","Pen Nib"],"acts_visited":["Exordium","TheCity"],"potions_floor_usage":[8,11],"damage_taken":[{"damage":1,"enemies":"2 Louse","floor":1,"turns":4},{"damage":14,"enemies":"Small Slimes","floor":2,"turns":3},{"damage":0,"enemies":"Jaw Worm","floor":4,"turns":4},{"damage":16,"enemies":"Gremlin Nob","floor":6,"turns":3},{"damage":32,"enemies":"3 Sentries","floor":8,"turns":8},{"damage":2,"enemies":"Gremlin Nob","floor":11,"turns":4},{"damage":10,"enemies":"Large Slime","floor":12,"turns":6},{"damage":8,"enemies":"The Guardian","floor":16,"turns":8},{"damage":22,"enemies":"2 Thieves","floor":18,"turns":4},{"damage":12,"enemies":"Spheric Guardian","floor":19,"turns":5},{"damage":2,"enemies":"Snecko","floor":21,"turns":4},{"damage":2,"enemies":"Cultist and Chosen","floor":22,"turns":5},{"damage":10,"enemies":"Book of Stabbing","floor":24,"turns":4}],"seed_played":"3467048650064090408","potions_obtained":[{"floor":2,"key":"Dexterity Potion"},{"floor":8,"key":"AttackPotion"},{"floor":11,"key":"SpeedPotion"},{"floor":12,"key":"FairyPotion"},{"floor":18,"key":"Energy Potion"}],"is_trial":false,"path_per_floor":["M","M","?","M","?","E","R","E","T","R","E","M","R","?","R","B",null,"M","M","$","M","M","R","E","R","T"],"character_chosen":"WATCHER","items_purchased":["ClockworkSouvenir"],"campfire_rested":3,"item_purchase_floors":[20],"current_hp_per_floor":[64,50,36,36,36,20,56,24,24,60,58,48,48,53,53,45,69,47,35,35,33,31,69,59,59,59,59],"gold":238,"neow_bonus":"THREE_CARDS","is_daily":false,"chose_seed":false,"campfire_upgraded":3,"win_rate":0.0,"timestamp":1608149353,"path_taken":["M","M","?","M","?","E","R","E","T","R","E","M","R","?","R","BOSS","M","M","$","M","M","R","E","R","T"],"items_purchased_type":["Relic"],"build_version":"2020-12-13","purchased_purges":1,"victory":false,"max_hp_per_floor":[72,72,72,72,72,72,72,72,72,72,72,72,72,77,77,77,77,77,77,77,77,77,77,77,77,77,77],"relic_stats":{"Regal Pillow":45,"counters":[13,62],"Snecko Eye":[44,41,58,37],"Pen Nib":[0],"War Paint":["Defend_P","Defend_P"],"Orichalcum":[24],"obtain_stats":[{"Regal Pillow":6,"Anchor":9,"Vajra":8,"Snecko Eye":17,"Pen Nib":24,"PureWater":0,"War Paint":3,"Orichalcum":11,"ClockworkSouvenir":20},{"Regal Pillow":4,"Anchor":5,"Vajra":5,"Snecko Eye":8,"Pen Nib":13,"PureWater":0,"War Paint":2,"Orichalcum":6,"ClockworkSouvenir":10},{"Regal Pillow":14,"Anchor":22,"Vajra":22,"Snecko Eye":40,"Pen Nib":62,"PureWater":0,"War Paint":7,"Orichalcum":26,"ClockworkSouvenir":49}]},"card_choices":[{"not_picked":["EmptyBody","MentalFortress"],"picked":"Protect","floor":0},{"not_picked":["Protect","ClearTheMind"],"picked":"ReachHeaven","floor":1},{"not_picked":["Tantrum","Protect"],"picked":"TalkToTheHand","floor":2},{"not_picked":["WaveOfTheHand","Fasting2"],"picked":"FollowUp","floor":4},{"not_picked":["CrushJoints","Devotion"],"picked":"FlurryOfBlows","floor":6},{"not_picked":["ThirdEye","Weave"],"picked":"Consecrate","floor":8},{"not_picked":["SandsOfTime","BattleHymn","CrushJoints"],"picked":"SKIP","floor":11},{"not_picked":["FollowUp","CarveReality","PathToVictory"],"picked":"SKIP","floor":12},{"not_picked":["Blasphemy","MasterReality"],"picked":"Scrawl","floor":16},{"not_picked":["ReachHeaven","JustLucky","FlurryOfBlows"],"picked":"SKIP","floor":18},{"not_picked":["CutThroughFate","CrushJoints"],"picked":"WheelKick","floor":19},{"not_picked":["BowlingBash","PathToVictory","ThirdEye"],"picked":"SKIP","floor":21},{"not_picked":["ReachHeaven","Prostrate"],"picked":"Swivel","floor":22},{"not_picked":["Crescendo","SignatureMove"],"picked":"Wish","floor":24}],"player_experience":843776,"relics_obtained":[{"floor":6,"key":"Regal Pillow"},{"floor":8,"key":"Vajra"},{"floor":9,"key":"Anchor"},{"floor":11,"key":"Orichalcum"},{"floor":24,"key":"Pen Nib"}],"event_choices":[{"damage_healed":0,"gold_gain":1,"player_choice":"Card Card Relic ","damage_taken":14,"max_hp_gain":0,"max_hp_loss":0,"event_name":"betterThird:BetterScrap","floor":3,"gold_loss":0,"cards_obtained":["Burning Pact","Juggernaut"]},{"damage_healed":0,"gold_gain":0,"player_choice":"Left","damage_taken":0,"max_hp_gain":0,"max_hp_loss":0,"event_name":"betterThird:BetterGoop","floor":5,"gold_loss":23},{"damage_healed":0,"gold_gain":0,"player_choice":"Donut","damage_taken":0,"max_hp_gain":5,"max_hp_loss":0,"event_name":"Big Fish","floor":14,"gold_loss":0}],"is_beta":false,"boss_relics":[{"not_picked":["Philosopher\u0027s Stone","Busted Crown"],"picked":"Snecko Eye"}],"items_purged_floors":[20],"is_endless":false,"potions_floor_spawned":[2,8,11,12,18,19],"ascension_level":12}}