{"host":"6xsbn6ynqlzwllfm","time":1608138806,"event":{"mods":["2.2 Compatiblity","BaseMod","Bestiary","Colored Map","Colored Powertips","Curses Come First","Downfall","Highlight Path","Minty Spire (QoL Compilation)","Quick Restart","Relic Stats","Slay the Relics Exporter","StSLib","SuperFastMode"],"gold_per_floor":[118,136,211,228,241,269,269,269,269],"floor_reached":8,"playtime":195,"items_purged":[],"score":116,"play_id":"ddb98ef3-7f2c-4050-ad71-7e8b7f5b558e","local_time":"20201216121326","is_ascension_mode":true,"campfire_choices":[{"floor":7.0,"key":"REST"}],"circlet_count":0,"master_deck":["AscendersBane","Strike_R","Strike_R","Strike_R","Strike_R","Strike_R","Defend_R","Defend_R","Defend_R","Defend_R","Bash","CurseOfTheBell","Shrug It Off","Pommel Strike","Blood for Blood","Whirlwind","Whirlwind"],"relics":["Calling Bell","Omamori","Darkstone Periapt","Ginger","Champion Belt"],"acts_visited":[],"potions_floor_usage":[],"damage_taken":[{"damage":7.0,"enemies":"Small Slimes","floor":1.0,"turns":4.0},{"damage":4.0,"enemies":"2 Louse","floor":2.0,"turns":4.0},{"damage":16.0,"enemies":"Jaw Worm","floor":4.0,"turns":4.0},{"damage":13.0,"enemies":"Lots of Slimes","floor":5.0,"turns":5.0},{"damage":17.0,"enemies":"3 Sentries","floor":6.0,"turns":4.0},{"damage":48,"enemies":"Gremlin Nob","floor":8,"turns":4}],"seed_played":"6011249683627236166","potions_obtained":[{"floor":1.0,"key":"BloodPotion"},{"floor":5.0,"key":"SteroidPotion"}],"is_trial":false,"path_per_floor":["M","M","?","M","M","E","R","E"],"character_chosen":"IRONCLAD","items_purchased":[],"campfire_rested":1,"item_purchase_floors":[],"current_hp_per_floor":[61,57,46,30,17,15,37,0,0],"gold":269,"neow_bonus":"BOSS_RELIC","is_daily":false,"chose_seed":false,"campfire_upgraded":0,"win_rate":0.0,"timestamp":1608138806,"path_taken":["M","M","?","M","M","E","R","E"],"items_purchased_type":[],"build_version":"2020-12-13","purchased_purges":0,"victory":false,"max_hp_per_floor":[75,75,75,75,75,75,75,75,75],"relic_stats":{"Darkstone Periapt":0,"counters":[6,25],"Ginger":[8],"Champion Belt":[1],"obtain_stats":[{"Calling Bell":0,"Darkstone Periapt":0,"Omamori":0,"Ginger":0,"Champion Belt":6,"Burning Blood":0},{"Calling Bell":0,"Darkstone Periapt":0,"Omamori":0,"Ginger":0,"Champion Belt":5,"Burning Blood":0},{"Calling Bell":0,"Darkstone Periapt":0,"Omamori":0,"Ginger":0,"Champion Belt":21,"Burning Blood":0}]},"card_choices":[{"not_picked":["Perfected Strike","Reckless Charge"],"picked":"Shrug It Off","floor":1.0},{"not_picked":["Bloodletting","Shrug It Off"],"picked":"Pommel Strike","floor":2.0},{"not_picked":["Hemokinesis","Power Through"],"picked":"Blood for Blood","floor":4.0},{"not_picked":["Perfected Strike","Cleave"],"picked":"Whirlwind","floor":5.0},{"not_picked":["Sword Boomerang","Anger"],"picked":"Whirlwind","floor":6.0}],"player_experience":1224195,"relics_obtained":[{"floor":0.0,"key":"Omamori"},{"floor":0.0,"key":"Darkstone Periapt"},{"floor":0.0,"key":"Ginger"},{"floor":6.0,"key":"Champion Belt"}],"event_choices":[{"damage_healed":0.0,"max_hp_gain":0.0,"max_hp_loss":0.0,"gold_gain":75.0,"event_name":"World of Goop","player_choice":"Gather Gold","floor":3.0,"gold_loss":0.0,"damage_taken":11.0}],"is_beta":false,"boss_relics":[],"items_purged_floors":[],"is_endless":false,"potions_floor_spawned":[1,5],"killed_by":"Gremlin Nob","ascension_level":20}}