{"host":"u2dm6glrpyjr66v9","time":1608090760,"event":{"mods":["AchievementEnabler","BaseMod","CapriCore","Colored Map","Colored Powertips","DeckTracker","Friendly Minions","KomeijiMod","Minty Spire (QoL Compilation)","Quick Restart","StSLib","SuperFastMode"],"gold_per_floor":[112,112,132,147,162,162,176,210,261,261,436,436,447,119,119,220,220,236,236,247,258,283,315,315,315,315],"floor_reached":25,"playtime":830,"items_purged":["Doubt"],"score":223,"play_id":"42f52e60-34e6-400d-baa4-d079c3013f84","local_time":"20201216125240","is_ascension_mode":false,"campfire_choices":[{"data":"BattleHymn","floor":6,"key":"SMITH"},{"data":"Eruption","floor":10,"key":"SMITH"},{"floor":15,"key":"REST"}],"circlet_count":0,"master_deck":["Strike_P","Strike_P","Strike_P","Strike_P","Defend_P","Defend_P","Defend_P","Defend_P","Eruption+1","Vigilance","BattleHymn+1","Halt+1","ReachHeaven","PathToVictory+1","EmptyFist","Judgement+1","Tantrum","InnerPeace","CutThroughFate"],"relics":["PureWater","NeowsBlessing","Strawberry","Happy Flower","War Paint","Bottled Tornado","MutagenicStrength"],"acts_visited":["Exordium","TheCity"],"potions_floor_usage":[21,25],"damage_taken":[{"damage":0,"enemies":"Cultist","floor":1,"turns":1},{"damage":0,"enemies":"2 Louse","floor":3,"turns":1},{"damage":0,"enemies":"Small Slimes","floor":4,"turns":1},{"damage":15,"enemies":"Exordium Thugs","floor":5,"turns":3},{"damage":3,"enemies":"Red Slaver","floor":7,"turns":3},{"damage":20,"enemies":"3 Sentries","floor":8,"turns":5},{"damage":18,"enemies":"3 Louse","floor":13,"turns":3},{"damage":33,"enemies":"The Guardian","floor":16,"turns":8},{"damage":19,"enemies":"2 Thieves","floor":18,"turns":3},{"damage":2,"enemies":"3 Byrds","floor":20,"turns":3},{"damage":28,"enemies":"Snecko","floor":21,"turns":4},{"damage":22,"enemies":"Book of Stabbing","floor":23,"turns":3},{"damage":0,"enemies":"Centurion and Healer","floor":25,"turns":1}],"seed_played":"2053176114355090985","potions_obtained":[{"floor":1,"key":"SteroidPotion"},{"floor":4,"key":"Ancient Potion"},{"floor":16,"key":"EssenceOfSteel"},{"floor":23,"key":"StancePotion"}],"is_trial":false,"path_per_floor":["M","$","M","M","M","R","M","E","T","R","?","?","M","$","R","B",null,"M","?","M","M","T","E","?","M"],"character_chosen":"WATCHER","items_purchased":["Happy Flower","EmptyFist","Consecrate"],"campfire_rested":1,"item_purchase_floors":[14,14,14],"current_hp_per_floor":[72,72,72,72,57,57,54,41,41,41,41,41,23,23,46,13,79,60,60,58,30,30,8,8,8,8],"gold":315,"neow_bonus":"THREE_ENEMY_KILL","is_daily":false,"chose_seed":false,"campfire_upgraded":2,"win_rate":0.0,"timestamp":1608090760,"path_taken":["M","$","?","M","M","R","M","E","T","R","?","?","M","$","R","BOSS","M","?","?","M","?","E","?","M"],"items_purchased_type":["Relic","Card","Card"],"build_version":"2020-12-13","purchased_purges":1,"victory":false,"max_hp_per_floor":[72,72,72,72,72,72,72,79,79,79,79,79,79,79,79,79,79,79,79,79,79,79,79,79,79,79],"card_choices":[{"not_picked":["WheelKick","Consecrate"],"picked":"BattleHymn","floor":1},{"not_picked":["Fasting2","JustLucky"],"picked":"Halt","floor":3},{"not_picked":["FlyingSleeves","CrushJoints"],"picked":"ReachHeaven","floor":4},{"not_picked":["Protect","Evaluate"],"picked":"PathToVictory","floor":5},{"not_picked":["Vengeance","InnerPeace","ClearTheMind"],"picked":"SKIP","floor":7},{"not_picked":["Scrawl","Wallop","Protect"],"picked":"SKIP","floor":8},{"not_picked":["FlyingSleeves","JustLucky","PathToVictory"],"picked":"SKIP","floor":13},{"not_picked":["MasterReality","Vault"],"picked":"Judgement","floor":16},{"not_picked":["FlurryOfBlows","ThirdEye+1","Tantrum"],"picked":"SKIP","floor":18},{"not_picked":["FlurryOfBlows","ThirdEye+1"],"picked":"Tantrum","floor":18},{"not_picked":["Consecrate","FlyingSleeves+1"],"picked":"CutThroughFate","floor":20},{"not_picked":["LikeWater+1","EmptyFist","SashWhip+1"],"picked":"SKIP","floor":21},{"not_picked":["JustLucky","MasterReality","WreathOfFlame+1"],"picked":"SKIP","floor":23}],"player_experience":98813,"relics_obtained":[{"floor":8,"key":"Strawberry"},{"floor":22,"key":"War Paint"},{"floor":23,"key":"Bottled Tornado"}],"event_choices":[{"damage_healed":0,"gold_gain":175,"player_choice":"AGREE","damage_taken":0,"max_hp_gain":0,"max_hp_loss":0,"event_name":"Liars Game","floor":11,"gold_loss":0,"cards_obtained":["Doubt"]},{"damage_healed":0,"gold_gain":0,"player_choice":"Grow","damage_taken":0,"max_hp_gain":0,"max_hp_loss":0,"event_name":"Living Wall","floor":12,"gold_loss":0,"cards_upgraded":["PathToVictory"]},{"damage_healed":0,"gold_gain":0,"cards_transformed":["Consecrate"],"player_choice":"Transformed","damage_taken":0,"max_hp_gain":0,"max_hp_loss":0,"event_name":"Transmorgrifier","floor":19,"gold_loss":0,"cards_obtained":["InnerPeace"]},{"damage_healed":0,"gold_gain":0,"player_choice":"Inject Mutagens","damage_taken":0,"relics_obtained":["MutagenicStrength"],"max_hp_gain":0,"max_hp_loss":0,"event_name":"Drug Dealer","floor":24,"gold_loss":0}],"is_beta":false,"boss_relics":[{"not_picked":["SacredBark","Runic Dome","Fusion Hammer"]}],"items_purged_floors":[14],"is_endless":false,"potions_floor_spawned":[1,4,16,18,23],"killed_by":"Centurion and Healer","ascension_level":0}}