{"host":"o7j6aatxjwpw1421","time":1608147995,"event":{"mods":["2.2 Compatiblity","BaseMod","Colored Map","DeckTracker","Highlight Path","Keyboard Shortcuts","Minty Spire (QoL Compilation)","Permanent Neow","Quick Restart","StSLib","SuperFastMode","everything is the same but u backflip on backflip"],"gold_per_floor":[16,16,35,35,51,51,83,98,398,398,417,417,417,93,93,169,169,188,113,123,38,58,83,83,99,99,99,149,184,199,199,199,199,199],"floor_reached":33,"playtime":1305,"items_purged":["Strike_G"],"score":634,"play_id":"cdcaba8d-0ed8-4a06-9d8d-1d8f1676dd88","local_time":"20201217044635","is_ascension_mode":true,"campfire_choices":[{"data":"Glass Knife","floor":6.0,"key":"SMITH"},{"data":"Neutralize","floor":10.0,"key":"SMITH"},{"data":"Noxious Fumes","floor":12.0,"key":"SMITH"},{"floor":15.0,"key":"REST"},{"data":"Storm of Steel","floor":24.0,"key":"SMITH"},{"floor":27.0,"key":"REST"},{"floor":32,"key":"REST"}],"circlet_count":0,"master_deck":["AscendersBane","Strike_G","Strike_G","Strike_G","Defend_G","Defend_G","Defend_G","Defend_G+1","Survivor","Neutralize+1","Glass Knife+1","Dagger Spray+1","Poisoned Stab","Backstab","Well Laid Plans","Noxious Fumes+1","Adrenaline","Deflect","Accuracy","Setup+1","Storm of Steel+1","PiercingWail","Leg Sweep","Dodge and Roll"],"relics":["Ring of the Snake","Sundial","Old Coin","Gremlin Horn","WristBlade","Du-Vu Doll","Nunchaku","Thread and Needle","Potion Belt"],"acts_visited":["Exordium","TheCity"],"potions_floor_usage":[31],"damage_taken":[{"damage":0.0,"enemies":"Cultist","floor":1.0,"turns":3.0},{"damage":0.0,"enemies":"Jaw Worm","floor":3.0,"turns":4.0},{"damage":0.0,"enemies":"Small Slimes","floor":5.0,"turns":3.0},{"damage":15.0,"enemies":"3 Sentries","floor":7.0,"turns":7.0},{"damage":0.0,"enemies":"3 Louse","floor":8.0,"turns":3.0},{"damage":0.0,"enemies":"Looter","floor":11.0,"turns":2.0},{"damage":0.0,"enemies":"Slime Boss","floor":16.0,"turns":7.0},{"damage":6.0,"enemies":"Spheric Guardian","floor":18.0,"turns":4.0},{"damage":4.0,"enemies":"Shell Parasite","floor":20.0,"turns":5.0},{"damage":11.0,"enemies":"Centurion and Healer","floor":22.0,"turns":6.0},{"damage":47.0,"enemies":"Book of Stabbing","floor":23.0,"turns":6.0},{"damage":15.0,"enemies":"Sentry and Sphere","floor":25.0,"turns":5.0},{"damage":0,"enemies":"Gremlin Leader","floor":29,"turns":6},{"damage":9,"enemies":"Chosen and Byrds","floor":30,"turns":5},{"damage":0,"enemies":"Snecko","floor":31,"turns":3},{"damage":45,"enemies":"Collector","floor":33,"turns":5}],"seed_played":"6718753560146266838","potions_obtained":[{"floor":5.0,"key":"GhostInAJar"},{"floor":7.0,"key":"ColorlessPotion"},{"floor":11.0,"key":"FairyPotion"},{"floor":20.0,"key":"EntropicBrew"},{"floor":22.0,"key":"Fruit Juice"},{"floor":30,"key":"SmokeBomb"}],"is_trial":false,"path_per_floor":["M","$","M","?","M","R","E","M","T","R","M","R","?","$","R","B",null,"M","?","M","?","M","E","R","M","T","R","?","E","M","M","R","B"],"character_chosen":"THE_SILENT","items_purchased":["Gremlin Horn"],"campfire_rested":3,"item_purchase_floors":[14],"current_hp_per_floor":[59,59,59,52,52,52,37,37,37,37,37,37,17,17,36,36,59,53,53,49,49,43,21,21,6,6,27,27,27,18,18,39,0,0],"gold":199,"neow_bonus":"THREE_RARE_CARDS","is_daily":false,"chose_seed":false,"campfire_upgraded":4,"win_rate":0.0,"timestamp":1608147995,"path_taken":["M","?","M","?","M","R","E","M","T","R","M","R","?","$","R","BOSS","M","?","M","?","M","E","R","M","T","R","?","E","M","M","R","BOSS"],"items_purchased_type":["Relic"],"build_version":"2020-12-13","purchased_purges":1,"victory":false,"max_hp_per_floor":[66,66,66,66,66,66,66,66,66,66,66,66,66,66,66,66,66,66,66,66,66,71,71,71,71,71,71,71,71,71,71,71,71,71],"card_choices":[{"not_picked":["Malaise","Burst"],"picked":"Glass Knife","floor":0.0},{"not_picked":["Sucker Punch","Deflect"],"picked":"Dagger Spray","floor":1.0},{"not_picked":["Underhanded Strike","Outmaneuver","Prepared"],"picked":"SKIP","floor":3.0},{"not_picked":["Well Laid Plans","Deadly Poison"],"picked":"Poisoned Stab","floor":5.0},{"not_picked":["Distraction","Eviscerate"],"picked":"Backstab","floor":7.0},{"not_picked":["Flying Knee","Dagger Spray"],"picked":"Well Laid Plans","floor":8.0},{"not_picked":["Acrobatics","Prepared"],"picked":"Noxious Fumes","floor":11.0},{"not_picked":["Wraith Form v2","Corpse Explosion"],"picked":"Adrenaline","floor":16.0},{"not_picked":["Setup","Quick Slash"],"picked":"Deflect","floor":18.0},{"not_picked":["Deadly Poison","Flechettes"],"picked":"Accuracy","floor":20.0},{"not_picked":["Deadly Poison+1","Acrobatics"],"picked":"Setup+1","floor":22.0},{"not_picked":["Dagger Throw","Flying Knee"],"picked":"Storm of Steel","floor":23.0},{"not_picked":["Predator","Quick Slash"],"picked":"PiercingWail","floor":25.0},{"not_picked":["Slice+1","Phantasmal Killer"],"picked":"Leg Sweep","floor":29},{"not_picked":["Masterful Stab","Noxious Fumes"],"picked":"Dodge and Roll","floor":30}],"player_experience":243462,"relics_obtained":[{"floor":7.0,"key":"Sundial"},{"floor":9.0,"key":"Old Coin"},{"floor":23.0,"key":"Nunchaku"},{"floor":26.0,"key":"Thread and Needle"},{"floor":29,"key":"Potion Belt"}],"event_choices":[{"cards_removed":["Strike_G"],"damage_healed":0.0,"max_hp_gain":0.0,"max_hp_loss":0.0,"gold_gain":0.0,"event_name":"Golden Wing","player_choice":"Card Removal","floor":4.0,"gold_loss":0.0,"damage_taken":7.0},{"damage_healed":0.0,"max_hp_gain":0.0,"max_hp_loss":0.0,"gold_gain":0.0,"event_name":"Shining Light","player_choice":"Entered Light","floor":13.0,"gold_loss":0.0,"damage_taken":20.0,"cards_upgraded":["Dagger Spray","Defend_G"]},{"cards_removed":["Defend_G"],"damage_healed":0.0,"max_hp_gain":0.0,"max_hp_loss":0.0,"gold_gain":0.0,"event_name":"Beggar","player_choice":"Gave Gold","floor":19.0,"gold_loss":75.0,"damage_taken":0.0},{"damage_healed":0.0,"max_hp_gain":0.0,"max_hp_loss":0.0,"gold_gain":0.0,"event_name":"Addict","player_choice":"Obtained Relic","floor":21.0,"gold_loss":85.0,"damage_taken":0.0,"relics_obtained":["Du-Vu Doll"]},{"damage_healed":0.0,"max_hp_gain":0.0,"max_hp_loss":0.0,"gold_gain":50.0,"event_name":"Golden Shrine","player_choice":"Pray","floor":28.0,"gold_loss":0.0,"damage_taken":0.0}],"is_beta":false,"boss_relics":[{"not_picked":["Astrolabe","Black Star"],"picked":"WristBlade"}],"items_purged_floors":[14],"is_endless":false,"potions_floor_spawned":[5,7,8,11,20,22,30,31],"killed_by":"Collector","ascension_level":15}}