{"host":"8qb550oiisecbnz6","time":1608149419,"event":{"mods":["AchievementEnabler","BaseMod","Colored Map","Colored Powertips","Minty Spire (QoL Compilation)","Quick Restart","Slay-I","StSLib"],"gold_per_floor":[111,131,148,73,92,117,134,34,57,57,57,90,90,119,119,119,119],"floor_reached":16,"playtime":902,"items_purged":["Strike_R","Strike_R"],"score":150,"play_id":"ba2628a6-1e92-4310-b726-a8428d336c56","local_time":"20201216211019","is_ascension_mode":true,"campfire_choices":[{"data":"Metallicize","floor":10,"key":"SMITH"},{"floor":13,"key":"REST"},{"data":"Reaper","floor":15,"key":"SMITH"}],"circlet_count":0,"master_deck":["Strike_R","Strike_R","Defend_R","Defend_R","Defend_R","Bash","Clothesline","Sword Boomerang","Flame Barrier","Iron Wave","Dropkick","Metallicize+1","Reaper+1"],"relics":["Burning Blood","Oddly Smooth Stone","Orichalcum","Boot","Tiny Chest"],"acts_visited":["Exordium"],"potions_floor_usage":[6,7],"damage_taken":[{"damage":10,"enemies":"Jaw Worm","floor":1,"turns":6},{"damage":1,"enemies":"2 Louse","floor":2,"turns":3},{"damage":0,"enemies":"Cultist","floor":3,"turns":4},{"damage":4,"enemies":"Large Slime","floor":5,"turns":5},{"damage":38,"enemies":"Gremlin Nob","floor":6,"turns":6},{"damage":27,"enemies":"Lots of Slimes","floor":7,"turns":5},{"damage":13,"enemies":"3 Sentries","floor":12,"turns":11},{"damage":8,"enemies":"Gremlin Nob","floor":14,"turns":4},{"damage":57,"enemies":"Slime Boss","floor":16,"turns":15}],"seed_played":"5832865317267030405","potions_obtained":[{"floor":1,"key":"Fire Potion"},{"floor":2,"key":"Dexterity Potion"},{"floor":5,"key":"Energy Potion"}],"is_trial":false,"path_per_floor":["M","M","M","$","M","E","M","$","T","R","?","E","R","E","R","B"],"character_chosen":"IRONCLAD","items_purchased":[],"campfire_rested":1,"item_purchase_floors":[],"current_hp_per_floor":[76,80,80,80,80,48,27,27,27,27,27,20,44,42,42,0,0],"gold":119,"neow_bonus":"REMOVE_CARD","is_daily":false,"chose_seed":false,"campfire_upgraded":2,"win_rate":0.0,"timestamp":1608149419,"path_taken":["M","M","M","$","M","E","M","$","T","R","?","E","R","E","R","BOSS"],"items_purchased_type":[],"build_version":"2020-12-13","purchased_purges":2,"victory":false,"max_hp_per_floor":[80,80,80,80,80,80,80,80,80,80,80,80,80,80,80,80,80],"card_choices":[{"not_picked":["Entrench","Anger"],"picked":"Clothesline","floor":1},{"not_picked":["True Grit","Sentinel"],"picked":"Sword Boomerang","floor":2},{"not_picked":["Uppercut","Havoc"],"picked":"Flame Barrier","floor":3},{"not_picked":["Pummel","Exhume"],"picked":"Iron Wave","floor":5},{"not_picked":["Blood for Blood","Berserk"],"picked":"Dropkick","floor":6},{"not_picked":["Warcry","Pommel Strike"],"picked":"Metallicize","floor":7},{"not_picked":["Evolve","Body Slam","Dual Wield"],"picked":"SKIP","floor":12},{"not_picked":["Power Through","Flex"],"picked":"Reaper","floor":14}],"player_experience":371861,"relics_obtained":[{"floor":6,"key":"Oddly Smooth Stone"},{"floor":9,"key":"Orichalcum"},{"floor":12,"key":"Boot"},{"floor":14,"key":"Tiny Chest"}],"event_choices":[{"cards_removed":["Defend_R"],"damage_healed":0,"gold_gain":0,"player_choice":"Forget","damage_taken":0,"max_hp_gain":0,"max_hp_loss":0,"event_name":"Living Wall","floor":11,"gold_loss":0}],"is_beta":false,"boss_relics":[],"items_purged_floors":[4,8],"is_endless":false,"potions_floor_spawned":[1,2,5],"killed_by":"Slime Boss","ascension_level":5}}