{"host":"m7ng6g84rp2fqrpe","time":1608102058,"event":{"mods":["Aspiration","BaseMod","Better Note","Better Third Choice","Colored Map","Colored Powertips","Hermit","Highlight Path","Minty Spire (QoL Compilation)","Rare Cards Sparkle","Spicy Shops","StSLib"],"gold_per_floor":[116,132,149,160,5,38,38,68,68,68,101,51,67,79,79,183,183,201,214,214,214,233,233,261,311,311,336,336,355,371,405,405,504,504,517,517,69,169,181,210,210,242,242,242,252,271,290,43,43,43],"floor_reached":51,"playtime":1543,"items_purged":["Defend_R","Defend_R"],"score":953,"play_id":"72388d50-df56-49b7-83d5-24dd64ea7dc6","local_time":"20201216000058","is_ascension_mode":true,"campfire_choices":[{"data":"Feed","floor":7.0,"key":"SMITH"},{"data":"Heavy Blade","floor":15.0,"key":"SMITH"},{"data":"Inflame","floor":23,"key":"SMITH"},{"data":"Whirlwind","floor":28,"key":"SMITH"},{"data":"Demon Form","floor":32,"key":"SMITH"},{"data":"Flex","floor":41,"key":"SMITH"},{"data":"Sword Boomerang","floor":44,"key":"SMITH"},{"data":"Pummel","floor":49,"key":"SMITH"}],"circlet_count":0,"master_deck":["Defend_R","Bash","Heavy Blade+1","Feed+1","Sword Boomerang","Sword Boomerang","Thunderclap","Sword Boomerang+1","Demon Form+1","Flex+1","Bite","Bite","Bite","Bite","Bite","Inflame+1","Whirlwind+1","Twin Strike+1","Inflame+1","Pummel+1","Inflame"],"relics":["Burning Blood","Vajra","aspiration:HummingbirdHeart","Centennial Puzzle","Pantograph","Regal Pillow","aspiration:PoetsPen_weak","Potion Belt","Letter Opener","Bronze Scales","Charon\u0027s Ashes","Runic Dome","Shuriken","Bottled Lightning","Calipers","Thread and Needle","Mercury Hourglass","Happy Flower"],"acts_visited":["Exordium","TheCity","TheBeyond"],"potions_floor_usage":[16,18,33,40,50,50,50],"damage_taken":[{"damage":0.0,"enemies":"Small Slimes","floor":1.0,"turns":4.0},{"damage":5.0,"enemies":"Jaw Worm","floor":2.0,"turns":4.0},{"damage":1.0,"enemies":"Cultist","floor":3.0,"turns":4.0},{"damage":1.0,"enemies":"Exordium Wildlife","floor":4.0,"turns":4.0},{"damage":24.0,"enemies":"Lagavulin","floor":6.0,"turns":6.0},{"damage":43.0,"enemies":"Gremlin Nob","floor":8.0,"turns":5.0},{"damage":20.0,"enemies":"3 Sentries","floor":11.0,"turns":7.0},{"damage":6.0,"enemies":"Exordium Thugs","floor":13.0,"turns":2.0},{"damage":11.0,"enemies":"Gremlin Gang","floor":14.0,"turns":3.0},{"damage":11,"enemies":"Slime Boss","floor":16,"turns":4},{"damage":0,"enemies":"3 Byrds","floor":18,"turns":5},{"damage":4,"enemies":"Chosen","floor":19,"turns":4},{"damage":9,"enemies":"Snake Plant","floor":22,"turns":2},{"damage":15,"enemies":"Book of Stabbing","floor":24,"turns":3},{"damage":15,"enemies":"Slavers","floor":27,"turns":3},{"damage":5,"enemies":"Sentry and Sphere","floor":29,"turns":3},{"damage":7,"enemies":"Snecko","floor":30,"turns":2},{"damage":6,"enemies":"Book of Stabbing","floor":31,"turns":2},{"damage":19,"enemies":"Collector","floor":33,"turns":6},{"damage":60,"enemies":"3 Shapes","floor":35,"turns":4},{"damage":7,"enemies":"Orb Walker","floor":39,"turns":2},{"damage":0,"enemies":"Giant Head","floor":40,"turns":3},{"damage":17,"enemies":"Nemesis","floor":42,"turns":3},{"damage":5,"enemies":"Writhing Mass","floor":45,"turns":2},{"damage":29,"enemies":"Transient","floor":46,"turns":5},{"damage":0,"enemies":"3 Darklings","floor":47,"turns":2},{"damage":0,"enemies":"Time Eater","floor":50,"turns":3}],"seed_played":"6343724902552403559","potions_obtained":[{"floor":3.0,"key":"Block Potion"},{"floor":13.0,"key":"AttackPotion"},{"floor":14.0,"key":"Explosive Potion"},{"floor":19,"key":"SmokeBomb"},{"floor":29,"key":"Ancient Potion"},{"floor":30,"key":"BloodPotion"},{"floor":31,"key":"FearPotion"},{"floor":40,"key":"SkillPotion"},{"floor":45,"key":"Explosive Potion"},{"floor":46,"key":"ElixirPotion"}],"is_trial":false,"path_per_floor":["M","M","M","M","$","E","R","E","T","?","E","?","M","M","R","B",null,"M","M","?","?","M","R","E","?","T","E","R","M","M","E","R","B",null,"M","?","$","?","M","E","R","E","T","R","M","M","M","$","R","B",null],"character_chosen":"IRONCLAD","items_purchased":["Vajra","Shuriken","Bottled Lightning","Inflame","Happy Flower"],"campfire_rested":0,"item_purchase_floors":[5,37,37,48,48],"current_hp_per_floor":[88,88,88,91,91,73,73,40,40,50,40,40,44,43,43,67,111,115,115,80,80,77,77,70,70,70,77,77,88,87,88,88,83,88,44,44,44,44,51,83,83,78,78,78,85,83,95,95,95,96],"gold":43,"neow_bonus":"TEN_PERCENT_HP_BONUS","is_daily":false,"chose_seed":false,"campfire_upgraded":8,"win_rate":0.0,"timestamp":1608102058,"path_taken":["M","M","M","M","$","E","R","E","T","?","E","?","M","M","R","BOSS","M","M","?","?","?","R","E","?","T","E","R","?","M","E","R","BOSS","M","?","$","?","M","E","R","E","T","R","M","?","M","$","R","BOSS"],"items_purchased_type":["Relic","Relic","Relic","Card","Relic"],"build_version":"2020-12-13","purchased_purges":2,"victory":true,"max_hp_per_floor":[88,88,88,91,91,91,91,95,95,95,99,99,103,107,107,111,111,115,115,80,80,80,80,80,80,80,84,84,88,88,88,88,88,88,88,88,88,88,92,92,92,92,92,92,96,96,96,96,96,96],"card_choices":[{"not_picked":["Cleave","Second Wind"],"picked":"Heavy Blade","floor":1.0},{"not_picked":["Pommel Strike","Clash","Bloodletting"],"picked":"SKIP","floor":2.0},{"not_picked":["Anger","Armaments"],"picked":"Feed","floor":3.0},{"not_picked":["Pommel Strike","Second Wind"],"picked":"Sword Boomerang","floor":4.0},{"not_picked":["Headbutt","Cleave"],"picked":"Sword Boomerang","floor":6.0},{"not_picked":["Hemokinesis","Brutality","Cleave"],"picked":"SKIP","floor":8.0},{"not_picked":["Ghostly Armor","Dropkick"],"picked":"Thunderclap","floor":11.0},{"not_picked":["Clash","True Grit"],"picked":"Sword Boomerang","floor":13.0},{"not_picked":["Thunderclap","Brutality","Anger"],"picked":"SKIP","floor":14.0},{"not_picked":["Reaper","Brutality"],"picked":"Demon Form","floor":16},{"not_picked":["Thunderclap","Rampage"],"picked":"Flex","floor":18},{"not_picked":["Rupture+1","Shrug It Off","Thunderclap+1"],"picked":"SKIP","floor":19},{"not_picked":["Headbutt+1","Clash"],"picked":"Inflame","floor":22},{"not_picked":["Impervious","Clash+1"],"picked":"Whirlwind","floor":24},{"not_picked":["Perfected Strike+1","Sword Boomerang","Shrug It Off+1"],"picked":"SKIP","floor":27},{"not_picked":["Twin Strike","Power Through+1","Heavy Blade"],"picked":"SKIP","floor":29},{"not_picked":["Feed","Metallicize"],"picked":"Twin Strike+1","floor":30},{"not_picked":["Anger+1","Iron Wave"],"picked":"Inflame+1","floor":31},{"not_picked":["Dual Wield+1","Heavy Blade","Clothesline"],"picked":"SKIP","floor":35},{"not_picked":["Feel No Pain+1","Body Slam","Ghostly Armor"],"picked":"SKIP","floor":39},{"not_picked":["Pommel Strike","Sword Boomerang+1","Flame Barrier+1"],"picked":"SKIP","floor":40},{"not_picked":["Body Slam+1","Hemokinesis","Carnage"],"picked":"SKIP","floor":42},{"not_picked":["Rage+1","Battle Trance","Body Slam"],"picked":"SKIP","floor":45},{"not_picked":["Hemokinesis+1","Pommel Strike+1"],"picked":"Pummel","floor":46},{"not_picked":["Carnage+1","Seeing Red","Pommel Strike"],"picked":"SKIP","floor":47}],"player_experience":27418,"relics_obtained":[{"floor":6.0,"key":"aspiration:HummingbirdHeart"},{"floor":8.0,"key":"Centennial Puzzle"},{"floor":9.0,"key":"Pantograph"},{"floor":11.0,"key":"Regal Pillow"},{"floor":24,"key":"Potion Belt"},{"floor":26,"key":"Letter Opener"},{"floor":27,"key":"Bronze Scales"},{"floor":31,"key":"Charon\u0027s Ashes"},{"floor":40,"key":"Calipers"},{"floor":42,"key":"Thread and Needle"},{"floor":43,"key":"Mercury Hourglass"}],"event_choices":[{"cards_removed":["Strike_R"],"damage_healed":0.0,"max_hp_gain":0.0,"max_hp_loss":0.0,"gold_gain":0.0,"event_name":"The Cleric","player_choice":"Card Removal","floor":12.0,"gold_loss":50.0,"damage_taken":0.0},{"damage_healed":0,"gold_gain":0,"player_choice":"Became a vampire","damage_taken":0,"max_hp_gain":0,"max_hp_loss":35,"event_name":"Vampires","floor":20,"gold_loss":0,"cards_obtained":["Bite","Bite","Bite","Bite","Bite"]},{"cards_removed":["Defend_R"],"damage_healed":0,"gold_gain":0,"player_choice":"Elegance","damage_taken":0,"max_hp_gain":0,"max_hp_loss":0,"event_name":"betterThird:BetterWriting","floor":21,"gold_loss":0},{"damage_healed":0,"gold_gain":100,"player_choice":"Bet on Murderer","damage_taken":0,"max_hp_gain":0,"max_hp_loss":0,"event_name":"The Joust","floor":25,"gold_loss":50},{"damage_healed":0,"gold_gain":0,"player_choice":"Bought 0 Potions","damage_taken":0,"max_hp_gain":0,"max_hp_loss":0,"event_name":"The Woman in Blue","floor":36,"gold_loss":0},{"damage_healed":0,"gold_gain":100,"player_choice":"Pray","damage_taken":0,"max_hp_gain":0,"max_hp_loss":0,"event_name":"Golden Shrine","floor":38,"gold_loss":0}],"is_beta":false,"boss_relics":[{"not_picked":["aspiration:RitualDagger","aspiration:SecretTechniqueScroll"],"picked":"aspiration:PoetsPen_weak"},{"not_picked":["Philosopher\u0027s Stone","SacredBark"],"picked":"Runic Dome"}],"items_purged_floors":[37,48],"is_endless":false,"potions_floor_spawned":[3,13,14,19,29,30,31,40,45,46],"ascension_level":1}}