{"host":"3z9xbwjeimmg738z","time":1608090688,"event":{"mods":["2.2 Compatiblity","Act Like it!","AlwaysNeverKeys","Aspiration","Bard","Bartender","BaseMod","Beaked The Cultist","Better Altar","Better Match","Better Note","Better Sensory Stone","Better Skull","Better Third Choice","CapriCore","ChefMod","Colored Powertips","Defuse TimeMaze Blight","Dio Mod","Displayed Cursed Tome","Emptier Cage","Faster Ascension Climbing","Gensokyo","GifTheSpireLib","Hallownest","Hubris","JesterMod","KinomotoSakuraMod(????)","Koishi","Mari Mod (Legacy)","Mari\u0027s V1 Patch","Marisa????????","Minty Spire (QoL Compilation)","Pale of the Ancients","Permanent Neow","Replay The Spire","Robot Space Explorer","Shop Mod","StSLib","Stuff the Spire","The Accelerator","The Immortal","The Mystic","The Servant 0.9.4","TheArtist","Uncapped","Wandering Minibosses","vexMod"],"gold_per_floor":[117,117,131,131,56,84,84,84],"floor_reached":7,"playtime":775,"items_purged":[],"score":51,"play_id":"d2394378-13e0-4463-a650-d71a27e67ef2","local_time":"20201215195128","daily_mods":["ControlledChaos"],"is_ascension_mode":true,"campfire_choices":[],"circlet_count":0,"master_deck":["ClowCardTheSword","ClowCardTheSword","ClowCardTheSword","ClowCardTheSword","ClowCardTheShield","ClowCardTheShield","ClowCardTheShield+1","ClowCardTheShield","SpellCardSeal","SpellCardRelease","ClowCardTheFloat+1","ClowCardTheSleep"],"relics":["KSMOD_SealedBook","KSMOD_SealedWand","Frozen Eye","StuffTheSpire:PointBlank"],"acts_visited":["Gensokyo:Gensokyo"],"potions_floor_usage":[],"damage_taken":[{"damage":0.0,"enemies":"Gensokyo:Python","floor":1.0,"turns":4.0},{"damage":4,"enemies":"Gensokyo:Gryphon","floor":3,"turns":6},{"damage":13,"enemies":"Gensokyo:Aya","floor":6,"turns":6},{"damage":0,"enemies":"Gensokyo:Cirno","floor":7,"turns":1}],"seed_played":"-5829632640631942908","potions_obtained":[{"floor":6,"key":"FearPotion"}],"is_trial":true,"path_per_floor":["M","?","M","?","?","E","?"],"character_chosen":"KINOMOTOSAKURA","items_purchased":[],"campfire_rested":0,"item_purchase_floors":[],"current_hp_per_floor":[70,77,73,73,73,60,60,60],"gold":84,"neow_bonus":"","is_daily":false,"chose_seed":false,"campfire_upgraded":0,"win_rate":0.0,"timestamp":1608090688,"path_taken":["M","?","M","?","?","E","?"],"items_purchased_type":[],"build_version":"2020-12-13","purchased_purges":0,"victory":false,"max_hp_per_floor":[70,77,77,77,77,77,77,77],"card_choices":[{"not_picked":["ClowCardTheLibra","ClowCardTheWatery","ClowCardTheMaze"],"picked":"SKIP","floor":1},{"not_picked":["ClowCardTheLoop","ClowCardTheCloud","ClowCardTheRain"],"picked":"SKIP","floor":3},{"not_picked":["ClowCardTheGlow+1","ClowCardTheLoop+1"],"picked":"ClowCardTheFloat+1","floor":5},{"not_picked":["ClowCardTheIllusion","ClowCardTheShadow"],"picked":"ClowCardTheSleep","floor":6}],"player_experience":289424,"relics_obtained":[{"floor":6,"key":"StuffTheSpire:PointBlank"}],"event_choices":[{"damage_healed":0,"gold_gain":0,"player_choice":"2","damage_taken":0,"max_hp_gain":0,"max_hp_loss":0,"event_name":"betterMatch:BetterMatch","floor":5,"gold_loss":0,"cards_obtained":["betterMatch:UncommonCard"]}],"is_beta":false,"boss_relics":[],"items_purged_floors":[],"is_endless":false,"potions_floor_spawned":[6],"killed_by":"Gensokyo:Cirno","ascension_level":1}}