{"host":"cyh4fejqtcjbfr7k","time":1608093610,"event":{"mods":["2.2 Compatiblity","AchievementEnabler","BaseMod","Colored Map","Colored Powertips","DeckTracker","Downfall","Googly Eyes","Hubris","Infinite Spire","Minty Spire (QoL Compilation)","Replay The Spire","Shop Mod","StSLib","SuperFastMode","The Cursed","Unceasing Turn Reminder"],"gold_per_floor":[114,124,138,148,148,148,166,194,248,248,262,262,277,18,18,116,116,132,148,148,148,1,26,26,56,127,127,156,170,187,205,205,305,355,372,372,332,352,70,70,102,102,102,102,133,149,149,169,169,169],"floor_reached":51,"playtime":2061,"items_purged":[],"score":869,"play_id":"522e7874-fed9-44ea-828a-e1b66a87c8f4","local_time":"20201215214010","is_ascension_mode":true,"campfire_choices":[{"data":"Backstab","floor":6,"key":"SMITH"},{"floor":10,"key":"REST"},{"data":"Unload","floor":12,"key":"SMITH"},{"data":"Survivor","floor":15,"key":"SMITH"},{"floor":24,"key":"REST"},{"floor":32,"key":"REST"},{"floor":40,"key":"REST"},{"data":"Accuracy","floor":44,"key":"SMITH"},{"floor":49,"key":"REST"}],"circlet_count":0,"master_deck":["Strike_G","Strike_G","Strike_G","Strike_G","Strike_G","Defend_G","Defend_G","Defend_G","Defend_G+1","Defend_G","Survivor+1","Neutralize+1","PiercingWail","Unload+1","Flying Knee+1","Backstab+1","Deadly Poison","Backflip+1","Reflex","Blade Dance","Phantasmal Killer","Draining Mist+1","Blade Dance","Outmaneuver+1","Dagger Throw+1","Deadly Poison+1","Poisoned Stab+1","Deadly Poison+1","Toxin Wave+1","Glass Knife","Poisoned Stab","Blade Dance+1","Accuracy+1","Slice+1","Deflect+1","Outmaneuver+1"],"relics":["Ring of the Snake","infinitespire:Broken Mirror","Replay:Mystery Machine","Garlic","infinitespire:Cupcake","ReplayFunnel","Juzu Bracelet","Shuriken","Happy Flower","ReplayTheSpireMod:Shallot","Black Star","infinitespire:CursedDice","Red Mask","Tiny House","hubris:SphereOfDissonance","Gremlin Food","HornCleat","Quantum Egg","infinitespire:Bottled Soul","hubris:SlimyHat","Membership Card"],"acts_visited":["Exordium","TheCity","TheBeyond"],"potions_floor_usage":[8,25,50,50,50],"damage_taken":[{"damage":0,"enemies":"2 Louse","floor":1,"turns":4},{"damage":2,"enemies":"Cultist","floor":2,"turns":4},{"damage":0,"enemies":"Jaw Worm","floor":3,"turns":3},{"damage":6,"enemies":"Lots of Slimes","floor":4,"turns":4},{"damage":1,"enemies":"Large Slime","floor":7,"turns":5},{"damage":10,"enemies":"Gremlin Nob","floor":8,"turns":3},{"damage":8,"enemies":"Blue Slaver","floor":11,"turns":2},{"damage":0,"enemies":"3 Louse","floor":13,"turns":2},{"damage":50,"enemies":"Hexaghost","floor":16,"turns":13},{"damage":0,"enemies":"Spheric Guardian","floor":18,"turns":3},{"damage":12,"enemies":"2 Thieves","floor":19,"turns":3},{"damage":6,"enemies":"Gremlin Leader","floor":23,"turns":7},{"damage":12,"enemies":"Slavers","floor":25,"turns":5},{"damage":10,"enemies":"Masked Bandits","floor":28,"turns":4},{"damage":0,"enemies":"Snecko","floor":29,"turns":4},{"damage":0,"enemies":"Shelled Parasite and Fungi","floor":30,"turns":3},{"damage":2,"enemies":"3 Cultists","floor":31,"turns":4},{"damage":54,"enemies":"Champ","floor":33,"turns":10},{"damage":0,"enemies":"Orb Walker","floor":35,"turns":2},{"damage":29,"enemies":"3 Shapes","floor":38,"turns":3},{"damage":5,"enemies":"R_Hoarder","floor":41,"turns":4},{"damage":0,"enemies":"Reptomancer","floor":45,"turns":4},{"damage":20,"enemies":"Maw","floor":46,"turns":5},{"damage":42,"enemies":"Transient","floor":48,"turns":5},{"damage":32,"enemies":"Donu and Deca","floor":50,"turns":10}],"seed_played":"1106501758386763620","potions_obtained":[{"floor":1,"key":"champ:CounterPotion"},{"floor":3,"key":"Fire Potion"},{"floor":8,"key":"LifebloodPotion"},{"floor":16,"key":"Strength Potion"},{"floor":25,"key":"Poison Potion"},{"floor":35,"key":"BlessingOfTheForge"}],"is_trial":false,"path_per_floor":["M","M","M","M","?","R","M","E","T","R","M","R","M","$","R","B",null,"M","M","?","?","$","E","R","E","T","AVR","?","M","M","M","R","B",null,"M","?","?","M","$","R","E","?","T","R","E","M","AVR","M","R","B",null],"character_chosen":"THE_SILENT","items_purchased":["Garlic","Juzu Bracelet","Accuracy","hubris:SphereOfDissonance"],"campfire_rested":5,"item_purchase_floors":[14,22,39,39],"current_hp_per_floor":[70,68,68,62,62,62,61,51,51,70,62,62,62,62,62,12,70,70,58,58,58,58,52,70,58,58,58,48,48,48,46,67,13,75,75,75,75,46,46,68,63,66,66,66,66,46,46,4,26,27],"gold":169,"neow_bonus":"UPGRADE_CARD","is_daily":false,"chose_seed":false,"campfire_upgraded":4,"win_rate":0.0,"timestamp":1608093610,"path_taken":["M","M","M","M","?","R","?","E","T","R","M","R","M","?","R","BOSS","M","?","?","?","$","E","R","E","T","AVR","?","M","M","M","R","BOSS","M","?","?","M","?","R","E","?","T","R","E","M","AVR","M","R","BOSS"],"items_purchased_type":["Relic","Relic","Card","Relic"],"build_version":"2020-12-13","purchased_purges":0,"victory":true,"max_hp_per_floor":[70,70,70,70,70,70,70,70,70,70,70,70,70,70,70,70,70,70,70,70,70,70,70,70,70,70,70,70,70,70,70,70,70,75,75,75,75,75,75,75,75,75,75,75,75,75,75,75,75,75],"card_choices":[{"not_picked":["Predator","Acrobatics"],"picked":"PiercingWail","floor":1},{"not_picked":["Choke","hubris:SlightOfHand"],"picked":"Unload","floor":2},{"not_picked":["Dash","ReplayTheSpireMod:Tripwire"],"picked":"Flying Knee","floor":3},{"not_picked":["Dash","Backflip"],"picked":"Backstab","floor":4},{"not_picked":["Slice","ReplayTheSpireMod:The Works"],"picked":"Deadly Poison","floor":7},{"not_picked":["Blur","PiercingWail"],"picked":"Backflip","floor":8},{"not_picked":["Acrobatics","Dodge and Roll"],"picked":"Reflex","floor":11},{"not_picked":["Skewer","Flechettes"],"picked":"Blade Dance","floor":13},{"not_picked":["After Image","Malaise"],"picked":"Phantasmal Killer","floor":16},{"not_picked":["Hidden Blade","Bane"],"picked":"Draining Mist+1","floor":18},{"not_picked":["Concentrate+1","Deflect+1"],"picked":"Blade Dance","floor":19},{"not_picked":["A Thousand Cuts","Deadly Poison+1"],"picked":"Outmaneuver+1","floor":23},{"not_picked":["Deflect","Dodge and Roll"],"picked":"Dagger Throw+1","floor":25},{"not_picked":["Hidden Blade","Deflect"],"picked":"Deadly Poison+1","floor":28},{"not_picked":["Hidden Blade","hubris:SlightOfHand+1"],"picked":"Poisoned Stab","floor":29},{"not_picked":["Replay:Poison Smokescreen","Prepared"],"picked":"Deadly Poison+1","floor":30},{"not_picked":["Deadly Poison","Slice+1"],"picked":"Toxin Wave+1","floor":31},{"not_picked":["Burst","A Thousand Cuts"],"picked":"Glass Knife","floor":33},{"not_picked":["Prepared+1","Flying Knee"],"picked":"Poisoned Stab","floor":34},{"not_picked":["ReplayTheSpireMod:Tripwire+1","Blur+1","Acrobatics+1"],"picked":"SKIP","floor":35},{"not_picked":["Quick Slash","hubris:SlightOfHand"],"picked":"Blade Dance+1","floor":38},{"not_picked":["Predator+1","ReplayTheSpireMod:Tripwire"],"picked":"Slice+1","floor":41},{"not_picked":["Flechettes","Sucker Punch+1"],"picked":"Deflect+1","floor":45},{"not_picked":["Deadly Poison","Bullet Time"],"picked":"Outmaneuver+1","floor":46},{"not_picked":["Outmaneuver","Prepared","hubris:SlightOfHand+1"],"picked":"SKIP","floor":48}],"player_experience":577439,"relics_obtained":[{"floor":8,"key":"infinitespire:Broken Mirror"},{"floor":9,"key":"Replay:Mystery Machine"},{"floor":23,"key":"Shuriken"},{"floor":25,"key":"Happy Flower"},{"floor":26,"key":"ReplayTheSpireMod:Shallot"},{"floor":28,"key":"Red Mask"},{"floor":41,"key":"Gremlin Food"},{"floor":41,"key":"HornCleat"},{"floor":43,"key":"Quantum Egg"},{"floor":45,"key":"infinitespire:Bottled Soul"},{"floor":45,"key":"hubris:SlimyHat"}],"event_choices":[{"damage_healed":0,"gold_gain":0,"player_choice":"Ignored","damage_taken":0,"max_hp_gain":0,"max_hp_loss":0,"event_name":"Transmorgrifier","floor":5,"gold_loss":0},{"damage_healed":0,"gold_gain":0,"player_choice":"Opened","damage_taken":0,"relics_obtained":["ReplayFunnel"],"max_hp_gain":0,"max_hp_loss":0,"event_name":"The Mausoleum","floor":20,"gold_loss":0},{"damage_healed":0,"gold_gain":0,"player_choice":"Ignored","damage_taken":0,"max_hp_gain":0,"max_hp_loss":0,"event_name":"Ghosts","floor":21,"gold_loss":0},{"damage_healed":0,"gold_gain":0,"player_choice":"Fought Bandits","damage_taken":0,"max_hp_gain":0,"max_hp_loss":0,"event_name":"Masked Bandits","floor":28,"gold_loss":0},{"damage_healed":0,"gold_gain":0,"player_choice":"Ignored","damage_taken":0,"max_hp_gain":0,"max_hp_loss":0,"event_name":"Duplicator","floor":36,"gold_loss":0},{"damage_healed":0,"gold_gain":0,"player_choice":"Upgraded Two","damage_taken":0,"max_hp_gain":0,"max_hp_loss":0,"event_name":"Designer","floor":37,"gold_loss":40,"cards_upgraded":["Defend_G","Backflip"]}],"is_beta":false,"boss_relics":[{"not_picked":["Abe\u0027s Treasure","hubris:BlackHole"],"picked":"infinitespire:Cupcake"},{"not_picked":["hubris:RunicObelisk","Painkiller Herb"],"picked":"Tiny House"}],"items_purged_floors":[],"is_endless":false,"potions_floor_spawned":[1,3,8,16,18,25,28,30,33,35,38,48],"ascension_level":2}}