{"host":"f0gpob8hq9vgebej","time":1608077973,"event":{"mods":["AchievementEnabler","BaseMod","Googly Eyes","Minty Spire (QoL Compilation)","Quick Restart","SuperFastMode"],"gold_per_floor":[110,127,142,67,78,78,98,110,137,137,212,112,112,124,124,124,124],"floor_reached":16,"playtime":263,"items_purged":["Night Terror","Strike_G"],"score":122,"play_id":"626e2b6c-d7cf-4a41-b7db-a7228ccae668","local_time":"20201216091933","is_ascension_mode":true,"campfire_choices":[{"data":"Poisoned Stab","floor":6,"key":"SMITH"},{"floor":10,"key":"REST"},{"floor":15,"key":"REST"}],"circlet_count":0,"master_deck":["Strike_G","Strike_G","Strike_G","Defend_G","Defend_G","Defend_G","Defend_G","Survivor","Neutralize","Outmaneuver","Backflip","Acrobatics","Poisoned Stab+1","Dagger Spray","Crippling Poison","Tactician","Accuracy"],"relics":["Ring of the Snake","Regal Pillow"],"acts_visited":["Exordium"],"potions_floor_usage":[],"damage_taken":[{"damage":0,"enemies":"2 Louse","floor":1,"turns":4},{"damage":1,"enemies":"Small Slimes","floor":2,"turns":5},{"damage":12,"enemies":"Jaw Worm","floor":3,"turns":6},{"damage":2,"enemies":"Blue Slaver","floor":5,"turns":5},{"damage":11,"enemies":"Large Slime","floor":7,"turns":6},{"damage":28,"enemies":"Exordium Thugs","floor":8,"turns":8},{"damage":1,"enemies":"2 Fungi Beasts","floor":14,"turns":3},{"damage":0,"enemies":"Slime Boss","floor":16,"turns":1}],"seed_played":"3703839765632095212","potions_obtained":[{"floor":2,"key":"EssenceOfSteel"},{"floor":3,"key":"Swift Potion"},{"floor":8,"key":"SteroidPotion"}],"is_trial":false,"path_per_floor":["M","M","M","$","M","R","M","M","T","R","?","$","?","M","R","B"],"character_chosen":"THE_SILENT","items_purchased":[],"campfire_rested":2,"item_purchase_floors":[],"current_hp_per_floor":[63,62,50,50,48,48,37,9,9,42,31,31,31,30,63,63,63],"gold":124,"neow_bonus":"TRANSFORM_TWO_CARDS","is_daily":false,"chose_seed":false,"campfire_upgraded":1,"win_rate":0.0,"timestamp":1608077973,"path_taken":["M","M","M","$","M","R","M","M","T","R","?","$","?","M","R","BOSS"],"items_purchased_type":[],"build_version":"2020-12-13","purchased_purges":2,"victory":false,"max_hp_per_floor":[63,63,63,63,63,63,63,63,63,63,63,63,63,63,63,63,63],"card_choices":[{"not_picked":["Outmaneuver","Catalyst"],"picked":"Backflip","floor":1},{"not_picked":["Poisoned Stab","Bane"],"picked":"Acrobatics","floor":2},{"not_picked":["Acrobatics","Slice"],"picked":"Poisoned Stab","floor":3},{"not_picked":["Malaise","Heel Hook"],"picked":"Dagger Spray","floor":5},{"not_picked":["Backstab","Poisoned Stab"],"picked":"Crippling Poison","floor":7},{"not_picked":["Backstab","Outmaneuver"],"picked":"Tactician","floor":8},{"not_picked":["Caltrops","Catalyst"],"picked":"Accuracy","floor":14}],"player_experience":144524,"relics_obtained":[{"floor":9,"key":"Regal Pillow"}],"event_choices":[{"damage_healed":0,"gold_gain":75,"player_choice":"Gather Gold","damage_taken":11,"max_hp_gain":0,"max_hp_loss":0,"event_name":"World of Goop","floor":11,"gold_loss":0},{"damage_healed":0,"gold_gain":0,"player_choice":"Ignored","damage_taken":0,"max_hp_gain":0,"max_hp_loss":0,"event_name":"Golden Idol","floor":13,"gold_loss":0}],"is_beta":false,"boss_relics":[],"items_purged_floors":[4,12],"is_endless":false,"potions_floor_spawned":[2,3,8,14],"killed_by":"Slime Boss","ascension_level":6}}