{"host":"Charlie","time":1608155292,"event":{"mods":["Aspiration","BaseMod","Better Skull","Better Third Choice","BetterRewards","ChefMod","Colored Map","Colored Powertips","Conspire","Downfall","Ekko","Friendly Minions","Halation","Hermit","Hubris","Infinite Spire","Luminous","Minty Spire (QoL Compilation)","Quick Restart","Rare Cards Sparkle","Relic Stats","Robot Space Explorer","Shade Mod","StSLib","SuperFastMode","Synergy Search","The Animator","The Blue Laboratory","The Cursed","The Dragon Tamer","The Factory","The Gatherer","The Jungle","The Necromancer","Unceasing Turn Reminder","vexMod"],"gold_per_floor":[11,43,43,56,56,81,95,45,45,73,125,125,136,170,170,265,265,285,285,285,61,94,125,125,125,125,25,63,98,98,112,112,231,231,243,258,270,32,42,42,53,53,53,108,130,142,186,198,210,172,172],"floor_reached":50,"playtime":7101,"items_purged":["RobotSpaceExplorer:Strike","RobotSpaceExplorer:Defend"],"score":658,"play_id":"27143743-a5fb-49f4-88e3-5318449c6b72","local_time":"20201216134812","is_ascension_mode":false,"campfire_choices":[{"data":"RobotSpaceExplorer:Explosion","floor":12,"key":"SMITH"},{"data":"RobotSpaceExplorer:DroneSwarm","floor":15,"key":"SMITH"},{"data":"RobotSpaceExplorer:Explosion","floor":24,"key":"SMITH"},{"data":"RobotSpaceExplorer:Exploration","floor":30,"key":"SMITH"},{"data":"RobotSpaceExplorer:ChargingLaser","floor":49,"key":"SMITH"}],"circlet_count":0,"master_deck":["RobotSpaceExplorer:Scan","RobotSpaceExplorer:MiniLasers","RobotSpaceExplorer:Electropulse","RobotSpaceExplorer:Explosion+1","RobotSpaceExplorer:DroneSwarm+1","RobotSpaceExplorer:Explosion+1","RobotSpaceExplorer:PowerGlove","RobotSpaceExplorer:Electropulse","RobotSpaceExplorer:TrailblazerForm","RobotSpaceExplorer:DoubleBlock","RobotSpaceExplorer:Arsenal","RobotSpaceExplorer:ChargingLaser+1","RobotSpaceExplorer:DualCore","RobotSpaceExplorer:HighVoltage","Catalyst","Concentrate","Calculated Gamble","hubris:DuctTapeCard"],"relics":["RobotSpaceExplorer:RoboCore","halation:OrihimeAndHikoboshiSamaAndTears","MealTicket","halation:PinkSoulGem","Thread and Needle","Incense Burner","conspire:TopHat","Sozu","Enchiridion","Vajra","Red Mask","aspiration:HummingbirdHeart","hubris:Icosahedron","hubris:PeanutButter","Pen Nib","aspiration:ArtOfWarUpgrade","Pandora\u0027s Box","infinitespire:WardingShard","hubris:CrackedHourglass","RobotSpaceExplorer:BottledGravity","MawBank","hubris:DuctTape"],"acts_visited":["Exordium","TheCity","TheBeyond"],"potions_floor_usage":[2,11,11,16],"damage_taken":[{"damage":2,"enemies":"Jaw Worm","floor":1,"turns":3},{"damage":0,"enemies":"conspire:MimicChest","floor":2,"turns":5},{"damage":7,"enemies":"2 Louse","floor":4,"turns":2},{"damage":12,"enemies":"3 Sentries","floor":6,"turns":5},{"damage":4,"enemies":"conspire:RoseBush","floor":7,"turns":2},{"damage":12,"enemies":"Exordium Wildlife","floor":10,"turns":3},{"damage":14,"enemies":"Gremlin Nob","floor":11,"turns":4},{"damage":0,"enemies":"Looter","floor":13,"turns":4},{"damage":0,"enemies":"3 Sentries","floor":14,"turns":7},{"damage":9,"enemies":"Hexaghost","floor":16,"turns":6},{"damage":0,"enemies":"Shell Parasite","floor":18,"turns":4},{"damage":13,"enemies":"Masked Bandits","floor":22,"turns":3},{"damage":22,"enemies":"Book of Stabbing","floor":23,"turns":5},{"damage":0,"enemies":"3 Byrds","floor":28,"turns":3},{"damage":0,"enemies":"Slavers","floor":29,"turns":3},{"damage":5,"enemies":"Snake Plant","floor":31,"turns":4},{"damage":23,"enemies":"Champ","floor":33,"turns":9},{"damage":0,"enemies":"3 Darklings","floor":35,"turns":4},{"damage":0,"enemies":"3 Shapes","floor":36,"turns":2},{"damage":0,"enemies":"Sphere and 2 Shapes","floor":37,"turns":3},{"damage":0,"enemies":"Writhing Mass","floor":39,"turns":5},{"damage":0,"enemies":"3 Darklings","floor":41,"turns":5},{"damage":3,"enemies":"Giant Head","floor":44,"turns":6},{"damage":0,"enemies":"Transient","floor":45,"turns":5},{"damage":12,"enemies":"Nemesis","floor":47,"turns":10},{"damage":103,"enemies":"conspire:OrnateMirror","floor":50,"turns":6}],"seed_played":"-7273198860205346032","potions_obtained":[{"floor":1,"key":"Dexterity Potion"},{"floor":2,"key":"Swift Potion"},{"floor":6,"key":"blueLaboratory:SavagePotion"},{"floor":13,"key":"blueLaboratory:CorrosionFlask"},{"floor":14,"key":"PowerPotion"}],"is_trial":false,"path_per_floor":["M","?","?","M","$","E","M","?","T","M","E","R","M","E","R","B",null,"M","?","?","$","?","E","R","?","T","$","M","E","R","M","R","B",null,"M","M","M","$","M","R","M","HB","T","E","M","?","E","?","R","B"],"character_chosen":"RobotSpaceExplorer","items_purchased":["Vajra","infinitespire:WardingShard"],"campfire_rested":0,"item_purchase_floors":[21,38],"current_hp_per_floor":[73,73,73,66,75,63,59,59,59,47,33,33,33,33,33,24,75,75,59,59,74,61,39,39,39,39,54,54,54,54,49,49,26,75,75,75,75,75,75,75,75,75,75,72,75,75,63,63,63,0,0],"gold":172,"neow_bonus":"ONE_RARE_RELIC","is_daily":false,"chose_seed":false,"campfire_upgraded":5,"win_rate":0.0,"timestamp":1608155292,"path_taken":["M","?","?","M","?","E","?","?","T","M","E","R","M","E","R","BOSS","M","?","?","$","?","E","R","?","T","$","?","E","R","M","R","BOSS","M","M","?","?","M","R","M","HB","T","E","M","?","E","?","R","BOSS"],"items_purchased_type":["Relic","Relic"],"build_version":"2020-12-07","purchased_purges":2,"victory":false,"max_hp_per_floor":[75,75,75,75,75,75,75,75,75,75,75,75,75,75,75,75,75,75,75,75,75,75,75,75,75,75,75,75,75,75,75,75,75,75,75,75,75,75,75,75,75,75,75,75,75,75,75,72,72,72,72],"relic_stats":{"Sozu":7,"counters":[26,118],"MealTicket":39,"Pandora\u0027s Box":["RobotSpaceExplorer:Fix","RobotSpaceExplorer:GlueSpray","RobotSpaceExplorer:DoubleBlock","RobotSpaceExplorer:Arsenal","RobotSpaceExplorer:ChargingLaser","RobotSpaceExplorer:DualCore"],"Pen Nib":[19],"MawBank":72,"obtain_stats":[{"halation:OrihimeAndHikoboshiSamaAndTears":0,"hubris:DuctTape":47,"Enchiridion":19,"Vajra":21,"RobotSpaceExplorer:RoboCore":0,"Thread and Needle":6,"Pen Nib":29,"Incense Burner":11,"aspiration:HummingbirdHeart":23,"MawBank":44,"conspire:TopHat":14,"Sozu":17,"hubris:Icosahedron":25,"infinitespire:WardingShard":38,"RobotSpaceExplorer:BottledGravity":43,"MealTicket":2,"hubris:PeanutButter":26,"Pandora\u0027s Box":34,"aspiration:ArtOfWarUpgrade":40,"Red Mask":22,"Art of War":31,"hubris:CrackedHourglass":42,"halation:PinkSoulGem":3},{"halation:OrihimeAndHikoboshiSamaAndTears":0,"hubris:DuctTape":25,"Enchiridion":11,"Vajra":11,"RobotSpaceExplorer:RoboCore":0,"Thread and Needle":4,"Pen Nib":15,"Incense Burner":7,"aspiration:HummingbirdHeart":13,"MawBank":23,"conspire:TopHat":9,"Sozu":10,"hubris:Icosahedron":13,"infinitespire:WardingShard":20,"RobotSpaceExplorer:BottledGravity":22,"MealTicket":2,"hubris:PeanutButter":13,"Pandora\u0027s Box":17,"aspiration:ArtOfWarUpgrade":21,"Red Mask":12,"Art of War":16,"hubris:CrackedHourglass":22,"halation:PinkSoulGem":2},{"halation:OrihimeAndHikoboshiSamaAndTears":0,"hubris:DuctTape":112,"Enchiridion":45,"Vajra":45,"RobotSpaceExplorer:RoboCore":0,"Thread and Needle":15,"Pen Nib":59,"Incense Burner":24,"aspiration:HummingbirdHeart":53,"MawBank":97,"conspire:TopHat":35,"Sozu":41,"hubris:Icosahedron":53,"infinitespire:WardingShard":81,"RobotSpaceExplorer:BottledGravity":91,"MealTicket":8,"hubris:PeanutButter":53,"Pandora\u0027s Box":72,"aspiration:ArtOfWarUpgrade":86,"Red Mask":48,"Art of War":63,"hubris:CrackedHourglass":91,"halation:PinkSoulGem":8}]},"card_choices":[{"not_picked":["RobotSpaceExplorer:ImprovisedAttack","RobotSpaceExplorer:DualCore","RobotSpaceExplorer:MetalStrike"],"picked":"SKIP","floor":1},{"not_picked":["RobotSpaceExplorer:Pulsar","RobotSpaceExplorer:ImprovisedAttack"],"picked":"RobotSpaceExplorer:Electropulse","floor":2},{"not_picked":["RobotSpaceExplorer:FrostMissile","RobotSpaceExplorer:MiniDrones","RobotSpaceExplorer:Smokescreen"],"picked":"SKIP","floor":4},{"not_picked":["RobotSpaceExplorer:PlasmaMissile","RobotSpaceExplorer:ExhaustFan"],"picked":"RobotSpaceExplorer:Explosion","floor":6},{"not_picked":["RobotSpaceExplorer:ShockKick","RobotSpaceExplorer:FrostMissile","RobotSpaceExplorer:SurgingShield"],"picked":"SKIP","floor":7},{"not_picked":["RobotSpaceExplorer:Electroshield","RobotSpaceExplorer:ShockKick","RobotSpaceExplorer:GlueShot"],"picked":"SKIP","floor":10},{"not_picked":["RobotSpaceExplorer:SwiftStep","RobotSpaceExplorer:Reload","RobotSpaceExplorer:MiniDrones"],"picked":"SKIP","floor":11},{"not_picked":["RobotSpaceExplorer:ExhaustFan","RobotSpaceExplorer:StunGrenade"],"picked":"RobotSpaceExplorer:DroneSwarm","floor":13},{"not_picked":["RobotSpaceExplorer:ShockKick","RobotSpaceExplorer:DoubleBlock","RobotSpaceExplorer:SurgingShield"],"picked":"SKIP","floor":14},{"not_picked":["RobotSpaceExplorer:Blaster","RobotSpaceExplorer:Wormhole"],"picked":"RobotSpaceExplorer:Explosion","floor":16},{"not_picked":["RobotSpaceExplorer:MiniDrones+1","RobotSpaceExplorer:MetalStrike+1","RobotSpaceExplorer:GlueShot"],"picked":"SKIP","floor":18},{"not_picked":["RobotSpaceExplorer:SurgingShield","RobotSpaceExplorer:StunGrenade+1"],"picked":"RobotSpaceExplorer:Electropulse","floor":22},{"not_picked":["RobotSpaceExplorer:StunGrenade","RobotSpaceExplorer:SlimeMissile","RobotSpaceExplorer:Smokescreen"],"picked":"SKIP","floor":23},{"not_picked":["RobotSpaceExplorer:Probe+1","RobotSpaceExplorer:MiniDrones","RobotSpaceExplorer:Pulsar"],"picked":"SKIP","floor":28},{"not_picked":["RobotSpaceExplorer:TurboDodge","RobotSpaceExplorer:FreezingShield"],"picked":"RobotSpaceExplorer:Exploration","floor":29},{"not_picked":["RobotSpaceExplorer:LuckyStrike+1","RobotSpaceExplorer:SurgingShield","RobotSpaceExplorer:FranticSearch"],"picked":"SKIP","floor":31},{"not_picked":["RobotSpaceExplorer:DroneSwarm","RobotSpaceExplorer:Wormhole"],"picked":"RobotSpaceExplorer:TrailblazerForm","floor":33},{"not_picked":["RobotSpaceExplorer:Counterblock+1","RobotSpaceExplorer:ShovelStrike","RobotSpaceExplorer:SurgingShield"],"picked":"SKIP","floor":35},{"not_picked":["RobotSpaceExplorer:Counterblock+1","RobotSpaceExplorer:MiniBoosters","RobotSpaceExplorer:SlimeMissile+1"],"picked":"SKIP","floor":36},{"not_picked":["RobotSpaceExplorer:PlasmaMissile","RobotSpaceExplorer:ShovelStrike+1","RobotSpaceExplorer:SwiftStep"],"picked":"SKIP","floor":37},{"not_picked":["RobotSpaceExplorer:SurgingStrike","RobotSpaceExplorer:Fix+1"],"picked":"RobotSpaceExplorer:MiniBoosters+1","floor":39},{"not_picked":["RobotSpaceExplorer:Ammunition+1","RobotSpaceExplorer:FrostMissile","RobotSpaceExplorer:SurgingStrike"],"picked":"SKIP","floor":41},{"not_picked":["RobotSpaceExplorer:BlastShield","RobotSpaceExplorer:ShovelStrike"],"picked":"RobotSpaceExplorer:HighVoltage","floor":44},{"not_picked":["RobotSpaceExplorer:Probe+1","RobotSpaceExplorer:ExhaustFan"],"picked":"RobotSpaceExplorer:MiniBoosters+1","floor":45},{"not_picked":["RobotSpaceExplorer:SurgingStrike","RobotSpaceExplorer:StarDust+1","RobotSpaceExplorer:ScrapToss"],"picked":"SKIP","floor":47}],"player_experience":421926,"relics_obtained":[{"floor":2,"key":"MealTicket"},{"floor":6,"key":"Thread and Needle"},{"floor":11,"key":"Incense Burner"},{"floor":14,"key":"conspire:TopHat"},{"floor":19,"key":"Enchiridion"},{"floor":22,"key":"Red Mask"},{"floor":23,"key":"aspiration:HummingbirdHeart"},{"floor":26,"key":"hubris:PeanutButter"},{"floor":29,"key":"Pen Nib"},{"floor":31,"key":"Art of War"},{"floor":43,"key":"RobotSpaceExplorer:BottledGravity"},{"floor":44,"key":"MawBank"},{"floor":47,"key":"hubris:DuctTape"}],"event_choices":[{"damage_healed":0,"gold_gain":0,"player_choice":"Invest 1","damage_taken":0,"max_hp_gain":0,"max_hp_loss":0,"event_name":"conspire:Investor","floor":8,"gold_loss":0},{"damage_healed":0,"gold_gain":0,"player_choice":"Obtained Book","damage_taken":16,"max_hp_gain":0,"max_hp_loss":0,"event_name":"Cursed Tome","floor":19,"gold_loss":0},{"damage_healed":0,"gold_gain":0,"player_choice":"Read","damage_taken":0,"max_hp_gain":0,"max_hp_loss":0,"event_name":"The Library","floor":20,"gold_loss":0,"cards_obtained":["RobotSpaceExplorer:PowerGlove"]},{"damage_healed":0,"gold_gain":0,"player_choice":"Fought Bandits","damage_taken":0,"max_hp_gain":0,"max_hp_loss":0,"event_name":"Masked Bandits","floor":22,"gold_loss":0},{"cards_removed":["Parasite"],"damage_healed":0,"gold_gain":0,"player_choice":"Purged","damage_taken":0,"max_hp_gain":0,"max_hp_loss":0,"event_name":"Purifier","floor":48,"gold_loss":0}],"is_beta":true,"boss_relics":[{"not_picked":["Runic Dome","aspiration:FutureDiary"],"picked":"Sozu"},{"not_picked":["vexMod:RockOfEvil","Philosopher\u0027s Stone"],"picked":"Pandora\u0027s Box"}],"items_purged_floors":[21,27],"is_endless":false,"potions_floor_spawned":[1,2,6,13,14,18,28,35,37,39,44,45],"killed_by":"conspire:OrnateMirror","ascension_level":0}}