{"host":"fne7yx97fnz7kq05","time":1608142868,"event":{"mods":["BaseMod","Colored Map","Colored Powertips","Highlight Path","Minty Spire (QoL Compilation)","Relic Stats"],"gold_per_floor":[117,131,131,151,151,179,195,195,195,215,271,300,311,341,341,438,438,457,474,26,26,45,78,78,113,113,132,132,162,162,193,193,298,298,313,363,363,375,64,95,95,120,120,138,150,50,50,67,67,67,67,67,42,69,69,69],"floor_reached":55,"playtime":3485,"items_purged":["Strike_R","Regret"],"score":1040,"play_id":"7ceef69c-6398-497c-ad11-6dd0e4c1f2a0","local_time":"20201216122108","is_ascension_mode":true,"campfire_choices":[{"data":"Clothesline","floor":8,"key":"SMITH"},{"data":"Carnage","floor":15,"key":"SMITH"},{"data":"Impervious","floor":24,"key":"SMITH"},{"floor":28,"key":"REST"},{"data":"Barricade","floor":30,"key":"SMITH"},{"data":"Pommel Strike","floor":32,"key":"SMITH"},{"floor":41,"key":"REST"},{"floor":49,"key":"RECALL"},{"floor":52,"key":"REST"}],"circlet_count":0,"master_deck":["Strike_R","Strike_R","Strike_R","Strike_R+1","Defend_R","Defend_R","Defend_R","Bash","The Bomb","Ghostly Armor+1","Clothesline+1","Reaper","Feed","Carnage+1","Impervious+1","Feed","Feed","Barricade+1","Pommel Strike+1","Shrug It Off+1","Disarm+1","Ghostly Armor","Battle Trance","Spot Weakness+1","Iron Wave+1","Metallicize+1","Body Slam+1","Shrug It Off","Feel No Pain"],"relics":["Burning Blood","Letter Opener","HornCleat","Centennial Puzzle","Ornamental Fan","Mango","Cursed Key","DollysMirror","Incense Burner","Ancient Tea Set","FossilizedHelix","Lantern","Paper Frog","Fusion Hammer","Gambling Chip","Meat on the Bone","Oddly Smooth Stone","Boot"],"acts_visited":["Exordium","TheCity","TheBeyond","TheEnding"],"potions_floor_usage":[14,19,22,23,27,31,40,40,55,55,55],"damage_taken":[{"damage":3,"enemies":"Jaw Worm","floor":1,"turns":4},{"damage":13,"enemies":"Small Slimes","floor":2,"turns":3},{"damage":1,"enemies":"2 Louse","floor":4,"turns":5},{"damage":12,"enemies":"Lagavulin","floor":6,"turns":6},{"damage":3,"enemies":"Blue Slaver","floor":7,"turns":3},{"damage":8,"enemies":"Looter","floor":10,"turns":4},{"damage":2,"enemies":"Gremlin Nob","floor":11,"turns":3},{"damage":10,"enemies":"3 Sentries","floor":12,"turns":4},{"damage":15,"enemies":"Exordium Wildlife","floor":13,"turns":7},{"damage":10,"enemies":"Lagavulin","floor":14,"turns":7},{"damage":50,"enemies":"The Guardian","floor":16,"turns":13},{"damage":15,"enemies":"Shell Parasite","floor":18,"turns":8},{"damage":6,"enemies":"3 Byrds","floor":19,"turns":3},{"damage":36,"enemies":"3 Cultists","floor":22,"turns":6},{"damage":22,"enemies":"Gremlin Leader","floor":23,"turns":9},{"damage":65,"enemies":"Slavers","floor":25,"turns":13},{"damage":16,"enemies":"Snake Plant","floor":27,"turns":4},{"damage":4,"enemies":"Gremlin Leader","floor":29,"turns":6},{"damage":17,"enemies":"Book of Stabbing","floor":31,"turns":8},{"damage":86,"enemies":"Automaton","floor":33,"turns":17},{"damage":18,"enemies":"3 Darklings","floor":35,"turns":9},{"damage":0,"enemies":"Mind Bloom Boss Battle","floor":36,"turns":8},{"damage":0,"enemies":"Orb Walker","floor":38,"turns":3},{"damage":131,"enemies":"Giant Head","floor":40,"turns":14},{"damage":35,"enemies":"Reptomancer","floor":42,"turns":7},{"damage":2,"enemies":"Transient","floor":44,"turns":5},{"damage":3,"enemies":"Sphere and 2 Shapes","floor":45,"turns":6},{"damage":0,"enemies":"4 Shapes","floor":48,"turns":7},{"damage":0,"enemies":"Time Eater","floor":50,"turns":16},{"damage":29,"enemies":"Shield and Spear","floor":54,"turns":8},{"damage":166,"enemies":"The Heart","floor":55,"turns":14}],"seed_played":"7204408742093327525","potions_obtained":[{"floor":1,"key":"PowerPotion"},{"floor":2,"key":"SkillPotion"},{"floor":11,"key":"Swift Potion"},{"floor":12,"key":"BloodPotion"},{"floor":14,"key":"Fruit Juice"},{"floor":19,"key":"Dexterity Potion"},{"floor":22,"key":"SteroidPotion"},{"floor":27,"key":"Fire Potion"},{"floor":40,"key":"PowerPotion"},{"floor":42,"key":"Ancient Potion"}],"is_trial":false,"path_per_floor":["M","M","?","M","?","E","M","R","T","M","?","E","M","E","R","B",null,"M","M","$","?","M","E","R","E","T","M","R","E","R","E","R","B",null,"M","?","?","M","$","E","R","E","T","M","M","$","T","M","R","B",null,"R","$","E","B"],"character_chosen":"IRONCLAD","items_purchased":["DollysMirror","Incense Burner","BloodPotion","Ghostly Armor","Battle Trance","LiquidBronze","Shrug It Off"],"campfire_rested":3,"item_purchase_floors":[20,20,39,39,39,39,53],"current_hp_per_floor":[59,52,52,57,41,35,38,38,38,36,40,48,46,60,60,20,97,91,105,105,105,103,90,90,49,49,46,83,104,104,97,97,28,129,120,133,133,138,138,40,81,64,64,82,102,102,102,117,117,135,159,159,159,142,0,0],"gold":69,"neow_bonus":"RANDOM_COLORLESS_2","is_daily":false,"chose_seed":false,"campfire_upgraded":5,"win_rate":0.0,"timestamp":1608142868,"path_taken":["M","M","?","M","?","E","M","R","T","M","?","E","M","E","R","BOSS","M","M","$","?","M","E","R","E","T","M","R","E","R","E","R","BOSS","M","?","?","M","?","E","R","E","T","?","M","$","?","M","R","BOSS","R","$","E","BOSS"],"items_purchased_type":["Relic","Relic","Potion","Card","Card","Potion","Card"],"build_version":"2020-12-13","purchased_purges":2,"victory":false,"max_hp_per_floor":[80,80,80,80,80,80,80,80,80,80,80,80,83,97,97,97,97,100,108,108,108,114,117,117,123,123,126,126,129,129,129,129,129,129,132,135,135,138,138,138,138,138,138,138,147,147,147,156,156,159,159,159,159,165,165,165],"relic_stats":{"Centennial Puzzle":[60],"counters":[31,230],"Ornamental Fan":[160],"Gambling Chip":[22],"Letter Opener":[119],"Cursed Key":1,"Boot":[0],"obtain_stats":[{"Lantern":29,"Oddly Smooth Stone":42,"Mango":14,"Incense Burner":20,"Letter Opener":6,"Cursed Key":17,"Ancient Tea Set":23,"Boot":54,"Burning Blood":0,"Centennial Puzzle":11,"HornCleat":9,"Ornamental Fan":12,"DollysMirror":20,"Gambling Chip":36,"Fusion Hammer":34,"FossilizedHelix":25,"Paper Frog":31,"Meat on the Bone":40},{"Lantern":18,"Oddly Smooth Stone":25,"Mango":10,"Incense Burner":13,"Letter Opener":4,"Cursed Key":11,"Ancient Tea Set":15,"Boot":30,"Burning Blood":0,"Centennial Puzzle":7,"HornCleat":5,"Ornamental Fan":8,"DollysMirror":13,"Gambling Chip":22,"Fusion Hammer":20,"FossilizedHelix":16,"Paper Frog":19,"Meat on the Bone":24},{"Lantern":108,"Oddly Smooth Stone":174,"Mango":46,"Incense Burner":70,"Letter Opener":18,"Cursed Key":59,"Ancient Tea Set":85,"Boot":216,"Burning Blood":0,"Centennial Puzzle":28,"HornCleat":21,"Ornamental Fan":32,"DollysMirror":70,"Gambling Chip":150,"Fusion Hammer":133,"FossilizedHelix":98,"Paper Frog":116,"Meat on the Bone":167}],"Burning Blood":176,"Meat on the Bone":12},"card_choices":[{"not_picked":["Magnetism","Violence"],"picked":"The Bomb","floor":0},{"not_picked":["Entrench","Headbutt","Thunderclap"],"picked":"SKIP","floor":1},{"not_picked":["Flex","Warcry"],"picked":"Ghostly Armor","floor":2},{"not_picked":["Clash","Warcry"],"picked":"Clothesline","floor":4},{"not_picked":["Flex","Fire Breathing","Headbutt"],"picked":"SKIP","floor":6},{"not_picked":["Hemokinesis","Iron Wave","Dropkick"],"picked":"SKIP","floor":7},{"not_picked":["Warcry","Clothesline","Iron Wave"],"picked":"SKIP","floor":10},{"not_picked":["Metallicize","Fire Breathing"],"picked":"Reaper","floor":11},{"not_picked":["Cleave","Clash"],"picked":"Feed","floor":12},{"not_picked":["Body Slam","Wild Strike","Sentinel"],"picked":"SKIP","floor":13},{"not_picked":["Perfected Strike","True Grit"],"picked":"Carnage","floor":14},{"not_picked":["Demon Form","Offering"],"picked":"Impervious","floor":16},{"not_picked":["Perfected Strike","Thunderclap","Combust"],"picked":"SKIP","floor":18},{"not_picked":["Body Slam","Fire Breathing","Armaments"],"picked":"SKIP","floor":19},{"not_picked":["Headbutt","Fire Breathing","Heavy Blade+1"],"picked":"SKIP","floor":22},{"not_picked":["Flex+1","Clothesline","Havoc"],"picked":"SKIP","floor":23},{"not_picked":["Twin Strike","Sever Soul"],"picked":"Feed","floor":25},{"not_picked":["Cleave","Twin Strike","Rage"],"picked":"SKIP","floor":27},{"not_picked":["Headbutt+1","Iron Wave"],"picked":"Barricade","floor":29},{"not_picked":["Carnage","Iron Wave+1"],"picked":"Pommel Strike","floor":31},{"not_picked":["Anger","Entrench+1"],"picked":"Shrug It Off+1","floor":35},{"not_picked":["Searing Blow","Rupture+1"],"picked":"Disarm+1","floor":36},{"not_picked":["Sword Boomerang+1","Perfected Strike","Sever Soul+1"],"picked":"SKIP","floor":38},{"not_picked":["Dual Wield","Shrug It Off"],"picked":"Spot Weakness+1","floor":40},{"not_picked":["Seeing Red","Wild Strike+1"],"picked":"Iron Wave+1","floor":42},{"not_picked":["Rampage+1","Thunderclap"],"picked":"Metallicize+1","floor":44},{"not_picked":["Armaments","Iron Wave","Power Through"],"picked":"SKIP","floor":45},{"not_picked":["Sword Boomerang","True Grit+1"],"picked":"Body Slam+1","floor":48},{"not_picked":["Ghostly Armor","Metallicize+1"],"picked":"Feel No Pain","floor":54}],"player_experience":27793,"relics_obtained":[{"floor":6,"key":"Letter Opener"},{"floor":9,"key":"HornCleat"},{"floor":11,"key":"Centennial Puzzle"},{"floor":12,"key":"Ornamental Fan"},{"floor":14,"key":"Mango"},{"floor":23,"key":"Ancient Tea Set"},{"floor":25,"key":"FossilizedHelix"},{"floor":29,"key":"Lantern"},{"floor":31,"key":"Paper Frog"},{"floor":36,"key":"Gambling Chip"},{"floor":40,"key":"Meat on the Bone"},{"floor":42,"key":"Oddly Smooth Stone"},{"floor":54,"key":"Boot"}],"event_choices":[{"damage_healed":0,"gold_gain":0,"player_choice":"Ignored","damage_taken":0,"max_hp_gain":0,"max_hp_loss":0,"event_name":"Liars Game","floor":3,"gold_loss":0},{"damage_healed":0,"gold_gain":0,"player_choice":"Entered Light","damage_taken":16,"max_hp_gain":0,"max_hp_loss":0,"event_name":"Shining Light","floor":5,"gold_loss":0,"cards_upgraded":["Strike_R","Ghostly Armor"]},{"damage_healed":0,"gold_gain":30,"player_choice":"Searched \u00272\u0027 times","damage_taken":0,"max_hp_gain":0,"max_hp_loss":0,"event_name":"Dead Adventurer","floor":11,"gold_loss":0},{"damage_healed":0,"gold_gain":0,"player_choice":"Ignored","damage_taken":0,"max_hp_gain":0,"max_hp_loss":0,"event_name":"Vampires","floor":21,"gold_loss":0},{"damage_healed":0,"gold_gain":0,"player_choice":"Fight","damage_taken":0,"max_hp_gain":0,"max_hp_loss":0,"event_name":"MindBloom","floor":36,"gold_loss":0},{"cards_removed":["Defend_R"],"damage_healed":0,"gold_gain":0,"player_choice":"Removed Skill","damage_taken":0,"max_hp_gain":0,"max_hp_loss":0,"event_name":"Falling","floor":37,"gold_loss":0}],"is_beta":false,"boss_relics":[{"not_picked":["SacredBark","Runic Cube"],"picked":"Cursed Key"},{"not_picked":["Coffee Dripper","Philosopher\u0027s Stone"],"picked":"Fusion Hammer"}],"items_purged_floors":[39,46],"is_endless":false,"potions_floor_spawned":[1,2,11,12,14,19,22,27,40,42,48],"killed_by":"The Heart","ascension_level":4}}