{"host":"1c52r9kaxdyo25eq","time":1608125193,"event":{"mods":["AchievementEnabler","BaseMod","Minty Spire (QoL Compilation)","Rare Cards Sparkle","SuperFastMode","everything is the same but u backflip on backflip"],"gold_per_floor":[109,109,109,109,109,150,150,184,257,282,307,147,191,191,191,280,280,295,313,313,80,98,131,131,131,131,131,21,36,54,18,18,114,114,127,47,60,73,92,92,128,128,128,152,183,183,219,244,244,244,244,244],"floor_reached":51,"playtime":1458,"items_purged":["Defend_G","Defend_G"],"score":1536,"play_id":"891be17b-0a5f-456b-a727-94316afdfa47","local_time":"20201216222633","is_ascension_mode":true,"campfire_choices":[{"data":"Leg Sweep","floor":7.0,"key":"SMITH"},{"data":"Crippling Poison","floor":15.0,"key":"SMITH"},{"floor":25.0,"key":"REST"},{"data":"Strike_G","floor":27.0,"key":"PURGE"},{"data":"Catalyst","floor":32.0,"key":"SMITH"},{"floor":40.0,"key":"REST"},{"data":"Skewer+1","floor":42.0,"key":"PURGE"},{"data":"Defend_G","floor":46,"key":"PURGE"},{"floor":49,"key":"RECALL"}],"circlet_count":0,"master_deck":["AscendersBane","Strike_G+1","Survivor","Neutralize","Deadly Poison+1","Leg Sweep+1","Crippling Poison+1","Poisoned Stab","Prepared","Venomology","Adrenaline","Acrobatics","Catalyst+1","Well Laid Plans","Reflex","Reflex","Backflip","Catalyst+1","Calculated Gamble","Footwork","Grand Finale","Dodge and Roll+1","Corpse Explosion+1","Acrobatics+1","Prepared","Catalyst+1","Blur","Prepared"],"relics":["Ring of the Snake","NeowsBlessing","Golden Idol","Ninja Scroll","MealTicket","PreservedInsect","Juzu Bracelet","The Courier","HoveringKite","Orrery","Toy Ornithopter","Peace Pipe","Astrolabe","Omamori","White Beast Statue","Dead Branch","Gremlin Horn"],"acts_visited":["Exordium","TheCity","TheBeyond"],"potions_floor_usage":[44,45,45,47,48,50,51],"damage_taken":[{"damage":0.0,"enemies":"Small Slimes","floor":1.0,"turns":1.0},{"damage":0.0,"enemies":"Lagavulin","floor":6.0,"turns":1.0},{"damage":0.0,"enemies":"3 Sentries","floor":8.0,"turns":1.0},{"damage":1.0,"enemies":"Jaw Worm","floor":10.0,"turns":2.0},{"damage":1.0,"enemies":"2 Louse","floor":11.0,"turns":3.0},{"damage":6.0,"enemies":"Gremlin Nob","floor":13.0,"turns":3.0},{"damage":35.0,"enemies":"Hexaghost","floor":16.0,"turns":10.0},{"damage":7.0,"enemies":"Chosen","floor":18.0,"turns":4.0},{"damage":16.0,"enemies":"Shell Parasite","floor":19.0,"turns":6.0},{"damage":5.0,"enemies":"Sentry and Sphere","floor":22.0,"turns":5.0},{"damage":29.0,"enemies":"Book of Stabbing","floor":23.0,"turns":4.0},{"damage":3.0,"enemies":"Snecko","floor":29.0,"turns":3.0},{"damage":18.0,"enemies":"Snake Plant","floor":30.0,"turns":2.0},{"damage":33.0,"enemies":"Champ","floor":33.0,"turns":7.0},{"damage":0.0,"enemies":"3 Shapes","floor":35.0,"turns":2.0},{"damage":12.0,"enemies":"Orb Walker","floor":37.0,"turns":3.0},{"damage":39.0,"enemies":"Sphere and 2 Shapes","floor":38.0,"turns":6.0},{"damage":3.0,"enemies":"Writhing Mass","floor":39.0,"turns":4.0},{"damage":1.0,"enemies":"Nemesis","floor":41.0,"turns":3.0},{"damage":1,"enemies":"3 Darklings","floor":44,"turns":2},{"damage":2,"enemies":"Mind Bloom Boss Battle","floor":45,"turns":4},{"damage":9,"enemies":"Giant Head","floor":47,"turns":4},{"damage":0,"enemies":"Sphere and 2 Shapes","floor":48,"turns":4},{"damage":75,"enemies":"Time Eater","floor":50,"turns":8},{"damage":15,"enemies":"Donu and Deca","floor":51,"turns":2}],"seed_played":"-3069533196429047934","potions_obtained":[{"floor":6.0,"key":"Poison Potion"},{"floor":8.0,"key":"Dexterity Potion"},{"floor":16.0,"key":"Swift Potion"},{"floor":22.0,"key":"Dexterity Potion"},{"floor":29.0,"key":"ColorlessPotion"},{"floor":30.0,"key":"FairyPotion"},{"floor":44,"key":"SteroidPotion"},{"floor":45,"key":"CunningPotion"},{"floor":47,"key":"Dexterity Potion"},{"floor":48,"key":"SpeedPotion"}],"is_trial":false,"path_per_floor":["M","?","?","?","?","E","R","E","T","M","M","$","E","T","R","B",null,"M","M","?","$","M","E","?","R","T","R","?","M","M","$","R","B",null,"M","$","M","M","M","R","E","R","T","M","?","R","E","M","R","B","B"],"character_chosen":"THE_SILENT","items_purchased":["PreservedInsect","Acrobatics","Orrery","Footwork"],"campfire_rested":2,"item_purchase_floors":[12,21,21,31],"current_hp_per_floor":[59,64,43,36,36,36,36,36,36,35,34,49,43,43,43,8,50,43,27,27,42,37,8,8,27,27,27,27,24,21,36,36,3,49,49,64,52,18,20,39,38,38,38,42,50,50,46,51,51,9,0,0],"gold":244,"neow_bonus":"THREE_ENEMY_KILL","is_daily":false,"chose_seed":false,"campfire_upgraded":3,"win_rate":0.0,"timestamp":1608125193,"path_taken":["M","?","?","?","?","E","R","E","T","M","?","$","E","?","R","BOSS","M","M","?","$","M","E","?","R","T","R","?","M","M","$","R","BOSS","M","$","M","M","M","R","E","R","T","M","?","R","E","M","R","BOSS","BOSS"],"items_purchased_type":["Relic","Card","Relic","Card"],"build_version":"2020-12-13","purchased_purges":2,"victory":false,"max_hp_per_floor":[66,71,71,71,64,64,64,64,64,64,64,64,64,64,64,64,64,64,64,64,64,64,64,64,64,64,64,64,64,64,64,64,64,64,64,64,64,64,64,64,64,64,64,64,64,64,64,64,64,64,64,64],"card_choices":[{"not_picked":["Underhanded Strike","Deflect","Deadly Poison"],"picked":"SKIP","floor":1.0},{"not_picked":["Underhanded Strike","Deflect"],"picked":"Deadly Poison","floor":1.0},{"not_picked":["Eviscerate","Flying Knee"],"picked":"Leg Sweep","floor":6.0},{"not_picked":["Unload","Flechettes"],"picked":"Crippling Poison","floor":8.0},{"not_picked":["Backflip","Bane"],"picked":"Poisoned Stab","floor":10.0},{"not_picked":["Deflect","Poisoned Stab"],"picked":"Prepared","floor":11.0},{"not_picked":["Phantasmal Killer","PiercingWail"],"picked":"Venomology","floor":13.0},{"not_picked":["Doppelganger","Bullet Time"],"picked":"Adrenaline","floor":16.0},{"not_picked":["Skewer","Outmaneuver","Cloak And Dagger+1"],"picked":"SKIP","floor":18.0},{"not_picked":["Poisoned Stab","Outmaneuver","Infinite Blades"],"picked":"SKIP","floor":19.0},{"not_picked":["Dagger Throw","Riddle With Holes"],"picked":"Catalyst","floor":21.0},{"not_picked":["Riddle With Holes","Footwork"],"picked":"Well Laid Plans","floor":21.0},{"not_picked":["Quick Slash","Deflect"],"picked":"Reflex","floor":21.0},{"not_picked":["Dagger Throw+1","Accuracy"],"picked":"Reflex","floor":21.0},{"not_picked":["Doppelganger","Acrobatics","Sucker Punch"],"picked":"SKIP","floor":22.0},{"not_picked":["Bane+1","Dagger Spray"],"picked":"Backflip","floor":23.0},{"not_picked":["Endless Agony","Blade Dance","Outmaneuver"],"picked":"SKIP","floor":29.0},{"not_picked":["Bane","Riddle With Holes"],"picked":"Calculated Gamble","floor":30.0},{"not_picked":["Phantasmal Killer","Night Terror"],"picked":"Grand Finale","floor":33.0},{"not_picked":["Finisher","Dodge and Roll+1"],"picked":"Acrobatics+1","floor":35.0},{"not_picked":["Sucker Punch","Concentrate","Outmaneuver"],"picked":"SKIP","floor":37.0},{"not_picked":["Slice","Deadly Poison"],"picked":"Prepared","floor":38.0},{"not_picked":["Slice+1","Bane","Outmaneuver"],"picked":"SKIP","floor":39.0},{"not_picked":["Masterful Stab+1","Quick Slash","All Out Attack+1"],"picked":"SKIP","floor":41.0},{"not_picked":["Dodge and Roll","After Image"],"picked":"Catalyst+1","floor":44},{"not_picked":["Blade Dance","Blur","Reflex"],"picked":"SKIP","floor":47},{"not_picked":["Blade Dance","Reflex"],"picked":"Blur","floor":47},{"not_picked":["Quick Slash","Sucker Punch"],"picked":"Prepared","floor":48}],"player_experience":487273,"relics_obtained":[{"floor":6.0,"key":"Ninja Scroll"},{"floor":8.0,"key":"MealTicket"},{"floor":13.0,"key":"Juzu Bracelet"},{"floor":14.0,"key":"The Courier"},{"floor":23.0,"key":"Toy Ornithopter"},{"floor":26.0,"key":"Peace Pipe"},{"floor":41.0,"key":"Omamori"},{"floor":43.0,"key":"White Beast Statue"},{"floor":45,"key":"Dead Branch"},{"floor":47,"key":"Gremlin Horn"}],"event_choices":[{"damage_healed":0.0,"max_hp_gain":5.0,"max_hp_loss":0.0,"gold_gain":0.0,"event_name":"Big Fish","player_choice":"Donut","floor":2.0,"gold_loss":0.0,"damage_taken":0.0},{"damage_healed":0.0,"max_hp_gain":0.0,"max_hp_loss":0.0,"gold_gain":0.0,"event_name":"Shining Light","player_choice":"Entered Light","floor":3.0,"gold_loss":0.0,"damage_taken":21.0,"cards_upgraded":["Strike_G","Deadly Poison"]},{"cards_removed":["Strike_G"],"damage_healed":0.0,"max_hp_gain":0.0,"max_hp_loss":0.0,"gold_gain":0.0,"event_name":"Golden Wing","player_choice":"Card Removal","floor":4.0,"gold_loss":0.0,"damage_taken":7.0},{"damage_healed":0.0,"max_hp_gain":0.0,"max_hp_loss":7.0,"gold_gain":0.0,"event_name":"Golden Idol","player_choice":"Lose Max HP","floor":5.0,"gold_loss":0.0,"damage_taken":0.0,"relics_obtained":["Golden Idol"]},{"damage_healed":0.0,"max_hp_gain":0.0,"max_hp_loss":0.0,"gold_gain":0.0,"event_name":"Ghosts","player_choice":"Ignored","floor":20.0,"gold_loss":0.0,"damage_taken":0.0},{"damage_healed":0.0,"max_hp_gain":0.0,"max_hp_loss":0.0,"gold_gain":0.0,"event_name":"Duplicator","player_choice":"Copied","floor":24.0,"gold_loss":0.0,"damage_taken":0.0,"cards_obtained":["Catalyst"]},{"cards_removed":["Strike_G"],"damage_healed":0.0,"max_hp_gain":0.0,"max_hp_loss":0.0,"gold_gain":0.0,"event_name":"Designer","player_choice":"Upgrade and Remove","floor":28.0,"gold_loss":110.0,"damage_taken":0.0,"cards_upgraded":["Catalyst"]},{"damage_healed":0,"gold_gain":0,"player_choice":"Fight","damage_taken":0,"max_hp_gain":0,"max_hp_loss":0,"event_name":"MindBloom","floor":45,"gold_loss":0}],"is_beta":false,"boss_relics":[{"not_picked":["Velvet Choker","Tiny House"],"picked":"HoveringKite"},{"not_picked":["Snecko Eye","Ring of the Serpent"],"picked":"Astrolabe"}],"items_purged_floors":[21,36],"is_endless":false,"potions_floor_spawned":[6,8,16,22,29,30,33,35,41,44,45,47,48],"killed_by":"Donu and Deca","ascension_level":20}}