{"host":"0z6l31g9ps0v9zzp","time":1608092487,"event":{"mods":["Act Like it!","BaseMod","CapriCore","Minty Spire (QoL Compilation)","MostiFishMod","StSLib","Waifu the Spire"],"gold_per_floor":[114,129,139,150,75,104,104,104,104,120,135,166,179,179,179,252,252,270,280,290,290,3,3,15,44,44,44,72,522,557,568,568,643,643,660,580,580,597,617,648,648,682,734,762,984,460,460,471,471,474,474,474,129,160,166],"floor_reached":56,"playtime":1573,"items_purged":["Strike_G","Defend_G","Survivor","Defend_G"],"score":2995,"play_id":"090666e5-358c-42c0-90f7-55dcec480403","local_time":"20201216122127","is_ascension_mode":true,"campfire_choices":[{"data":"MostiFishMod:WinterMarkForm","floor":7,"key":"SMITH"},{"data":"MostiFishMod:Volcan","floor":15,"key":"SMITH"},{"data":"Blade Dance","floor":23,"key":"SMITH"},{"data":"MostiFishMod:Opportunism","floor":27,"key":"SMITH"},{"data":"Cloak And Dagger","floor":32,"key":"SMITH"},{"data":"MostiFishMod:Listen","floor":41,"key":"SMITH"},{"data":"MostiFishMod:HiddenBlade","floor":47,"key":"SMITH"},{"floor":49,"key":"RECALL"},{"data":"Night Terror","floor":52,"key":"SMITH"}],"circlet_count":0,"master_deck":["AscendersBane","Defend_G","Defend_G","Neutralize","MostiFishMod:WinterMarkForm+1","MostiFishMod:PerfectParry","Blade Dance+1","MostiFishMod:Volcan+1","Cloak And Dagger+1","Accuracy+1","MostiFishMod:Confrontation","Endless Agony","Night Terror+1","Flechettes+1","MostiFishMod:Opportunism+1","After Image+1","MostiFishMod:Listen+1","Wraith Form v2+1","MostiFishMod:HiddenBlade+1","MostiFishMod:KingOfFree+1"],"relics":["DaveBox","FrostBlade","HaiYi:Twilight","Question Card","Centennial Puzzle","Frozen Egg 2","Du-Vu Doll","Sundial","ImportantClient","BirthdayGift-Icosahedron","Molten Egg 2","Red Mask","Thread and Needle","Regal Pillow","Empty Cage","Bottled Tornado","Bottled Flame","Anchor","Gremlin Horn","Oddly Smooth Stone","Medical Kit","Membership Card","Lantern","Boot","Nunchaku"],"acts_visited":["Exordium","TheCity","TheBeyond","TheEnding"],"potions_floor_usage":[4,6,12,16],"damage_taken":[{"damage":0,"enemies":"Cultist","floor":1,"turns":2},{"damage":0,"enemies":"Jaw Worm","floor":2,"turns":4},{"damage":1,"enemies":"2 Louse","floor":3,"turns":2},{"damage":3,"enemies":"Lots of Slimes","floor":4,"turns":2},{"damage":0,"enemies":"Lagavulin","floor":6,"turns":3},{"damage":10,"enemies":"Large Slime","floor":10,"turns":4},{"damage":12,"enemies":"3 Louse","floor":11,"turns":2},{"damage":0,"enemies":"3 Sentries","floor":12,"turns":3},{"damage":1,"enemies":"Looter","floor":13,"turns":3},{"damage":9,"enemies":"The Guardian","floor":16,"turns":4},{"damage":0,"enemies":"Chosen","floor":18,"turns":2},{"damage":0,"enemies":"Shell Parasite","floor":19,"turns":2},{"damage":0,"enemies":"Shelled Parasite and Fungi","floor":20,"turns":3},{"damage":0,"enemies":"Snake Plant","floor":24,"turns":2},{"damage":0,"enemies":"Masked Bandits","floor":25,"turns":2},{"damage":0,"enemies":"Gremlin Leader","floor":28,"turns":2},{"damage":10,"enemies":"Slavers","floor":30,"turns":2},{"damage":0,"enemies":"Cultist and Chosen","floor":31,"turns":2},{"damage":0,"enemies":"Automaton","floor":33,"turns":5},{"damage":0,"enemies":"Orb Walker","floor":35,"turns":2},{"damage":0,"enemies":"3 Darklings","floor":38,"turns":2},{"damage":0,"enemies":"4 Shapes","floor":39,"turns":1},{"damage":0,"enemies":"Giant Head","floor":40,"turns":3},{"damage":0,"enemies":"Nemesis","floor":42,"turns":2},{"damage":0,"enemies":"Giant Head","floor":44,"turns":2},{"damage":0,"enemies":"Sphere and 2 Shapes","floor":48,"turns":1},{"damage":0,"enemies":"Awakened One","floor":50,"turns":3},{"damage":0,"enemies":"Shield and Spear","floor":54,"turns":2},{"damage":0,"enemies":"The Heart","floor":55,"turns":3}],"seed_played":"-3760922263529685182","potions_obtained":[{"floor":1,"key":"FearPotion"},{"floor":2,"key":"EssenceOfSteel"},{"floor":10,"key":"GamblersBrew"},{"floor":11,"key":"PowerPotion"},{"floor":13,"key":"Fire Potion"},{"floor":16,"key":"GamblersBrew"}],"is_trial":false,"path_per_floor":["M","M","M","M","?","E","R","?","T","M","M","E","M","?","R","B",null,"M","M","M","?","$","R","M","?","T","R","E","?","E","M","R","B",null,"M","$","?","M","M","E","R","E","T","E","?","$","R","M","R","B",null,"R","$","E","B",null],"character_chosen":"THE_SILENT","items_purchased":["Molten Egg 2","Oddly Smooth Stone","Medical Kit","MostiFishMod:KingOfFree+1","Membership Card","Lantern","Boot"],"campfire_rested":0,"item_purchase_floors":[22,46,46,46,53,53,53],"current_hp_per_floor":[59,59,58,55,55,55,55,66,66,56,44,44,43,32,32,23,55,66,66,66,66,66,66,66,66,66,66,66,20,66,66,66,66,66,66,66,63,63,63,63,63,63,63,63,63,63,63,63,63,63,63,63,63,63,63],"gold":166,"neow_bonus":"BOSS_RELIC","is_daily":false,"chose_seed":false,"campfire_upgraded":8,"win_rate":0.0,"timestamp":1608092487,"path_taken":["M","?","M","M","?","E","R","?","T","M","M","E","?","?","R","BOSS","M","M","M","?","$","R","M","?","T","R","E","?","E","?","R","BOSS","M","$","?","M","M","E","R","E","T","E","?","$","R","M","R","BOSS","R","$","E","BOSS"],"items_purchased_type":["Relic","Relic","Relic","Card","Relic","Relic","Relic"],"build_version":"2020-12-13","purchased_purges":4,"victory":true,"max_hp_per_floor":[66,66,66,66,66,66,66,66,66,66,66,66,66,66,66,66,66,66,66,66,66,66,66,66,66,66,66,66,66,66,66,66,66,66,66,66,63,63,63,63,63,63,63,63,63,63,63,63,63,63,63,63,63,63,63],"card_choices":[{"not_picked":["Masterful Stab","Dagger Spray"],"picked":"MostiFishMod:PerfectParry","floor":1},{"not_picked":["Footwork","Quick Slash","Slice"],"picked":"Blade Dance","floor":2},{"not_picked":["Prepared","Setup","Flechettes"],"picked":"MostiFishMod:Volcan","floor":3},{"not_picked":["Dagger Throw","Quick Slash","Well Laid Plans","Dodge and Roll"],"picked":"SKIP","floor":4},{"not_picked":["Prepared","Tactician","Endless Agony","Eviscerate"],"picked":"SKIP","floor":6},{"not_picked":["Prepared","Flying Knee","Sucker Punch"],"picked":"Cloak And Dagger","floor":10},{"not_picked":["Infinite Blades+1","Outmaneuver","Endless Agony"],"picked":"Accuracy+1","floor":11},{"not_picked":["Expertise","Dodge and Roll","MostiFishMod:Confrontation","Catalyst"],"picked":"SKIP","floor":12},{"not_picked":["Dagger Spray","Bane","Leg Sweep","Dodge and Roll"],"picked":"SKIP","floor":13},{"not_picked":["Venomology","MostiFishMod:Opportunism","MostiFishMod:WinterMarkForm+1"],"picked":"MostiFishMod:Confrontation","floor":16},{"not_picked":["Dagger Throw","Cloak And Dagger","Deflect","MostiFishMod:PerfectParry"],"picked":"SKIP","floor":18},{"not_picked":["Poisoned Stab","Caltrops+1","Dodge and Roll","Slice"],"picked":"SKIP","floor":19},{"not_picked":["Acrobatics","Dagger Throw","Riddle With Holes","Finisher"],"picked":"SKIP","floor":20},{"not_picked":["Blur","Noxious Fumes+1","MostiFishMod:InvigoratingSolution"],"picked":"Flechettes+1","floor":24},{"not_picked":["Dagger Spray+1","Noxious Fumes+1","Escape Plan"],"picked":"MostiFishMod:Opportunism","floor":25},{"not_picked":["Deadly Poison","MostiFishMod:PerfectParry+1","Sucker Punch+1","Skewer+1"],"picked":"SKIP","floor":28},{"not_picked":["Slice+1","Accuracy+1","MostiFishMod:PerfectParry"],"picked":"After Image+1","floor":30},{"not_picked":["Blade Dance","Slice+1","Deadly Poison","PiercingWail+1"],"picked":"SKIP","floor":31},{"not_picked":["Die Die Die+1","MostiFishMod:Dislodge","MostiFishMod:Confrontation"],"picked":"MostiFishMod:Listen","floor":33},{"not_picked":["Heel Hook+1","Deflect+1","PiercingWail","Dodge and Roll"],"picked":"SKIP","floor":35},{"not_picked":["Expertise","Noxious Fumes+1","Masterful Stab+1","Underhanded Strike+1"],"picked":"SKIP","floor":38},{"not_picked":["Outmaneuver","Leg Sweep","Dagger Throw+1","Poisoned Stab+1"],"picked":"SKIP","floor":39},{"not_picked":["PiercingWail","Concentrate","Reflex","Skewer+1"],"picked":"SKIP","floor":40},{"not_picked":["Riddle With Holes+1","Well Laid Plans+1","MostiFishMod:PerfectParry"],"picked":"Wraith Form v2+1","floor":42},{"not_picked":["Terror+1","Masterful Stab+1","Poisoned Stab+1"],"picked":"MostiFishMod:HiddenBlade","floor":44},{"not_picked":["Deadly Poison","MostiFishMod:InvigoratingSolution","Underhanded Strike+1","Dagger Spray+1"],"picked":"SKIP","floor":48},{"not_picked":["Well Laid Plans+1","Poisoned Stab+1","Dagger Throw+1","Prepared"],"picked":"SKIP","floor":54}],"player_experience":268832,"relics_obtained":[{"floor":1,"key":"Question Card"},{"floor":6,"key":"Centennial Puzzle"},{"floor":9,"key":"Frozen Egg 2"},{"floor":12,"key":"Du-Vu Doll"},{"floor":16,"key":"ImportantClient"},{"floor":25,"key":"Red Mask"},{"floor":28,"key":"Thread and Needle"},{"floor":30,"key":"Regal Pillow"},{"floor":40,"key":"Bottled Tornado"},{"floor":42,"key":"Bottled Flame"},{"floor":43,"key":"Anchor"},{"floor":44,"key":"Gremlin Horn"},{"floor":54,"key":"Nunchaku"}],"event_choices":[{"cards_removed":["Strike_G"],"damage_healed":0,"gold_gain":0,"player_choice":"Card Removal","damage_taken":0,"max_hp_gain":0,"max_hp_loss":0,"event_name":"The Cleric","floor":5,"gold_loss":75},{"cards_removed":["MostiFishMod:FrostNova"],"damage_healed":11,"gold_gain":0,"player_choice":"Offered Uncommon","damage_taken":0,"max_hp_gain":0,"max_hp_loss":0,"event_name":"Bonfire Elementals","floor":8,"gold_loss":0},{"damage_healed":0,"gold_gain":0,"player_choice":"Success","damage_taken":11,"relics_obtained":["Sundial"],"max_hp_gain":0,"max_hp_loss":0,"event_name":"Scrap Ooze","floor":14,"gold_loss":0},{"damage_healed":0,"gold_gain":0,"cards_transformed":["Strike_G","Strike_G"],"player_choice":"Became Test Subject","damage_taken":0,"max_hp_gain":0,"max_hp_loss":0,"event_name":"Drug Dealer","floor":21,"gold_loss":0,"cards_obtained":["Endless Agony","Night Terror"]},{"damage_healed":0,"gold_gain":0,"player_choice":"Fought Bandits","damage_taken":0,"max_hp_gain":0,"max_hp_loss":0,"event_name":"Masked Bandits","floor":25,"gold_loss":0},{"damage_healed":0,"gold_gain":450,"player_choice":"GOLD GOLD GOLD GOLD GOLD ","damage_taken":46,"max_hp_gain":0,"max_hp_loss":0,"event_name":"Knowing Skull","floor":29,"potions_obtained":[],"gold_loss":0,"cards_obtained":[]},{"damage_healed":0,"gold_gain":0,"player_choice":"Max HP","damage_taken":0,"max_hp_gain":0,"max_hp_loss":3,"event_name":"Winding Halls","floor":37,"gold_loss":0},{"damage_healed":0,"gold_gain":222,"player_choice":"Wore Mask","damage_taken":0,"max_hp_gain":0,"max_hp_loss":0,"event_name":"Tomb of Lord Red Mask","floor":45,"gold_loss":0}],"is_beta":false,"boss_relics":[{"not_picked":["Fusion Hammer","Philosopher\u0027s Stone"],"picked":"BirthdayGift-Icosahedron"},{"not_picked":["JellyFishMachine","Snecko Eye"],"picked":"Empty Cage"}],"items_purged_floors":[22,36,46,53],"is_endless":false,"potions_floor_spawned":[1,2,10,11,13,16,19,24,33,35,39,44,48],"ascension_level":17}}