{"host":"pvf7uj918he10jir","time":1608094987,"event":{"mods":["AchievementEnabler","BaseMod","Colored Map","Colored Powertips","Highlight Path","Minty Spire (QoL Compilation)","Relic Stats","Slay the Relics Exporter","everything is the same but u backflip on backflip"],"gold_per_floor":[16,16,16,31,54,85,85,125,149,149,4,48,48,68,68,192,192,205,230,230,230,243,243,253,288,364,377,46,46,46,78,78,173,173,190,490,77,97,97,127,127,142,166,166,166,166,266,266,266,266,266,266,113,139,139,139],"floor_reached":55,"playtime":3248,"items_purged":["Bash","Strike_R","Strike_R"],"score":858,"play_id":"1de81ff4-225c-4e36-a494-09f1bc235296","local_time":"20201216000307","is_ascension_mode":true,"campfire_choices":[{"floor":7,"key":"REST"},{"floor":10,"key":"REST"},{"floor":15,"key":"REST"},{"data":"Whirlwind","floor":23,"key":"SMITH"},{"data":"Bludgeon","floor":32,"key":"SMITH"},{"data":"Demon Form","floor":41,"key":"SMITH"},{"floor":44,"key":"RECALL"},{"data":"Madness","floor":49,"key":"SMITH"},{"data":"Madness","floor":52,"key":"SMITH"}],"circlet_count":0,"master_deck":["Strike_R","Strike_R+1","Defend_R","Defend_R","Defend_R+1","Defend_R+1","Bludgeon+1","Cleave","Battle Trance","Whirlwind+1","Demon Form+1","Power Through+1","Iron Wave+1","Double Tap","Dramatic Entrance+1","Flame Barrier+1","Madness+1","Madness+1"],"relics":["Burning Blood","Bloody Idol","Bronze Scales","Nunchaku","Red Skull","Juzu Bracelet","Sozu","Orichalcum","Matryoshka","PreservedInsect","Happy Flower","Bag of Marbles","Blue Candle","Velvet Choker","Whetstone","Vajra","HornCleat","Toy Ornithopter","War Paint","Pantograph"],"acts_visited":["Exordium","TheCity","TheBeyond","TheEnding"],"potions_floor_usage":[54,55,55],"damage_taken":[{"damage":0.0,"enemies":"Small Slimes","floor":1.0,"turns":2.0},{"damage":0.0,"enemies":"Cultist","floor":4.0,"turns":2.0},{"damage":2.0,"enemies":"Jaw Worm","floor":5.0,"turns":3.0},{"damage":55.0,"enemies":"3 Sentries","floor":6.0,"turns":9.0},{"damage":16,"enemies":"Gremlin Nob","floor":8,"turns":3},{"damage":20,"enemies":"3 Sentries","floor":12,"turns":6},{"damage":21,"enemies":"Exordium Thugs","floor":14,"turns":3},{"damage":49,"enemies":"The Guardian","floor":16,"turns":11},{"damage":17,"enemies":"Chosen","floor":18,"turns":5},{"damage":15,"enemies":"Spheric Guardian","floor":19,"turns":4},{"damage":5,"enemies":"Snecko","floor":22,"turns":5},{"damage":18,"enemies":"Snake Plant","floor":24,"turns":4},{"damage":34,"enemies":"Slavers","floor":25,"turns":4},{"damage":6,"enemies":"Chosen and Byrds","floor":27,"turns":2},{"damage":0,"enemies":"Gremlin Leader","floor":31,"turns":3},{"damage":55,"enemies":"Automaton","floor":33,"turns":8},{"damage":11,"enemies":"Orb Walker","floor":35,"turns":2},{"damage":12,"enemies":"3 Shapes","floor":38,"turns":1},{"damage":43,"enemies":"Nemesis","floor":40,"turns":7},{"damage":0,"enemies":"3 Darklings","floor":42,"turns":1},{"damage":32,"enemies":"Donu and Deca","floor":50,"turns":6},{"damage":24,"enemies":"Shield and Spear","floor":54,"turns":5},{"damage":126,"enemies":"The Heart","floor":55,"turns":6}],"seed_played":"1178970925403807623","potions_obtained":[{"floor":1.0,"key":"Regen Potion"},{"floor":5.0,"key":"FearPotion"},{"floor":6.0,"key":"BloodPotion"}],"is_trial":false,"path_per_floor":["M","?","?","M","M","E","R","E","T","R","$","E","?","M","R","B",null,"M","M","?","?","M","R","M","E","T","M","$","?","T","E","R","B",null,"M","?","$","M","?","E","R","M","T","R","?","?","?","?","R","B",null,"R","$","E","B"],"character_chosen":"IRONCLAD","items_purchased":["Battle Trance","PreservedInsect","Dramatic Entrance","Whetstone","Vajra","War Paint"],"campfire_rested":3,"item_purchase_floors":[11,28,28,37,37,53],"current_hp_per_floor":[80,60,60,66,70,21,45,35,35,59,59,45,45,30,54,11,80,69,60,60,60,66,66,59,36,41,46,46,46,46,57,57,13,80,80,80,80,79,79,47,47,58,63,63,63,53,58,58,58,32,80,80,80,72,0,0],"gold":139,"neow_bonus":"THREE_RARE_CARDS","is_daily":false,"chose_seed":false,"campfire_upgraded":5,"win_rate":0.0,"timestamp":1608094987,"path_taken":["M","?","?","M","?","E","R","E","T","R","$","E","?","M","R","BOSS","M","M","?","?","M","R","M","E","T","M","$","?","?","E","R","BOSS","M","?","$","M","?","E","R","M","T","R","?","?","?","?","R","BOSS","R","$","E","BOSS"],"items_purchased_type":["Card","Relic","Card","Relic","Relic","Relic"],"build_version":"2020-12-13","purchased_purges":3,"victory":false,"max_hp_per_floor":[80,80,80,80,80,80,80,80,80,80,80,80,80,80,80,80,80,80,80,80,80,80,80,80,80,80,80,80,80,80,80,80,80,80,80,80,80,80,80,80,80,80,80,80,80,80,80,80,80,80,80,80,80,80,80,80],"relic_stats":{"Happy Flower":[13],"counters":[23,102],"Blue Candle":[0],"PreservedInsect":171,"Juzu Bracelet":4,"Whetstone":["Strike_R","Dramatic Entrance"],"Orichalcum":[54],"War Paint":["Defend_R","Defend_R"],"Burning Blood":126,"Sozu":9,"Nunchaku":[13],"Bloody Idol":70,"Bronze Scales":[269],"Pantograph":8,"obtain_stats":[{"Happy Flower":30,"Golden Idol":2,"Blue Candle":31,"Velvet Choker":34,"Vajra":37,"PreservedInsect":28,"Juzu Bracelet":12,"Whetstone":37,"Orichalcum":25,"War Paint":53,"Burning Blood":0,"Sozu":17,"Nunchaku":8,"Matryoshka":26,"HornCleat":40,"Bronze Scales":6,"Bloody Idol":21,"Pantograph":54,"Bag of Marbles":30,"Red Skull":9,"Toy Ornithopter":43},{"Happy Flower":14,"Golden Idol":1,"Blue Candle":15,"Velvet Choker":16,"Vajra":17,"PreservedInsect":14,"Juzu Bracelet":6,"Whetstone":17,"Orichalcum":13,"War Paint":21,"Burning Blood":0,"Sozu":8,"Nunchaku":5,"Matryoshka":13,"HornCleat":19,"Bronze Scales":4,"Bloody Idol":10,"Pantograph":22,"Bag of Marbles":14,"Red Skull":5,"Toy Ornithopter":20},{"Happy Flower":63,"Golden Idol":2,"Blue Candle":66,"Velvet Choker":74,"Vajra":76,"PreservedInsect":63,"Juzu Bracelet":25,"Whetstone":76,"Orichalcum":61,"War Paint":91,"Burning Blood":0,"Sozu":39,"Nunchaku":19,"Matryoshka":61,"HornCleat":84,"Bronze Scales":16,"Bloody Idol":48,"Pantograph":96,"Bag of Marbles":63,"Red Skull":19,"Toy Ornithopter":85}],"Toy Ornithopter":15},"card_choices":[{"not_picked":["Corruption","Berserk"],"picked":"Bludgeon","floor":0.0},{"not_picked":["Rampage","Sword Boomerang","Ghostly Armor"],"picked":"SKIP","floor":1.0},{"not_picked":["Pommel Strike","Metallicize"],"picked":"Cleave","floor":4.0},{"not_picked":["Rupture","Headbutt","Rage"],"picked":"SKIP","floor":5.0},{"not_picked":["Heavy Blade","Rampage","Intimidate"],"picked":"SKIP","floor":6.0},{"not_picked":["Burning Pact","Evolve","Armaments"],"picked":"SKIP","floor":8},{"not_picked":["Body Slam","Havoc"],"picked":"Whirlwind","floor":12},{"not_picked":["Twin Strike","Thunderclap","Anger"],"picked":"SKIP","floor":14},{"not_picked":["Juggernaut","Fiend Fire"],"picked":"Demon Form","floor":16},{"not_picked":["Shrug It Off","Pommel Strike"],"picked":"Power Through+1","floor":18},{"not_picked":["Twin Strike+1","Anger+1"],"picked":"Iron Wave+1","floor":19},{"not_picked":["Metallicize","Cleave","Twin Strike+1"],"picked":"SKIP","floor":22},{"not_picked":["Cleave+1","Headbutt+1","Anger"],"picked":"SKIP","floor":24},{"not_picked":["Sever Soul","Disarm"],"picked":"Double Tap","floor":25},{"not_picked":["Armaments","Wild Strike+1","Twin Strike"],"picked":"SKIP","floor":27},{"not_picked":["Ghostly Armor","Sword Boomerang","Spot Weakness"],"picked":"SKIP","floor":31},{"not_picked":["Ghostly Armor+1","Cleave+1"],"picked":"Flame Barrier+1","floor":35},{"not_picked":["Flex+1","Fire Breathing+1","Heavy Blade"],"picked":"SKIP","floor":38},{"not_picked":["Evolve+1","Headbutt+1","Thunderclap"],"picked":"SKIP","floor":40},{"not_picked":["Wild Strike","Barricade","Armaments"],"picked":"SKIP","floor":42},{"not_picked":["Ghostly Armor","Iron Wave","Sentinel+1"],"picked":"SKIP","floor":54}],"player_experience":95559,"relics_obtained":[{"floor":6.0,"key":"Bronze Scales"},{"floor":8,"key":"Nunchaku"},{"floor":9,"key":"Red Skull"},{"floor":12,"key":"Juzu Bracelet"},{"floor":25,"key":"Orichalcum"},{"floor":26,"key":"Matryoshka"},{"floor":30,"key":"Happy Flower"},{"floor":30,"key":"Bag of Marbles"},{"floor":31,"key":"Blue Candle"},{"floor":40,"key":"HornCleat"},{"floor":43,"key":"Toy Ornithopter"},{"floor":54,"key":"Pantograph"}],"event_choices":[{"damage_healed":0.0,"max_hp_gain":0.0,"max_hp_loss":0.0,"gold_gain":0.0,"event_name":"Golden Idol","player_choice":"Take Damage","floor":2.0,"gold_loss":0.0,"damage_taken":20.0,"relics_obtained":["Golden Idol"]},{"damage_healed":0.0,"max_hp_gain":0.0,"max_hp_loss":0.0,"gold_gain":0.0,"event_name":"Match and Keep!","player_choice":"1 cards matched","floor":3.0,"gold_loss":0.0,"damage_taken":0.0,"cards_obtained":["Bash"]},{"damage_healed":0,"gold_gain":0,"player_choice":"Ignored","damage_taken":0,"max_hp_gain":0,"max_hp_loss":0,"event_name":"Liars Game","floor":13,"gold_loss":0},{"cards_removed":["Strike_R"],"damage_healed":0,"gold_gain":0,"player_choice":"Purged","damage_taken":0,"max_hp_gain":0,"max_hp_loss":0,"event_name":"Purifier","floor":20,"gold_loss":0},{"damage_healed":0,"gold_gain":0,"player_choice":"Gave Idol","damage_taken":0,"relics_obtained":["Bloody Idol"],"max_hp_gain":0,"max_hp_loss":0,"event_name":"Forgotten Altar","floor":21,"relics_lost":["Golden Idol"],"gold_loss":0},{"damage_healed":0,"gold_gain":0,"player_choice":"Ignored","damage_taken":0,"max_hp_gain":0,"max_hp_loss":0,"event_name":"Vampires","floor":29,"gold_loss":0},{"damage_healed":0,"gold_gain":300,"player_choice":"Gold","damage_taken":0,"max_hp_gain":0,"max_hp_loss":0,"event_name":"Wheel of Change","floor":36,"gold_loss":0},{"damage_healed":0,"gold_gain":0,"player_choice":"Bought 0 Potions","damage_taken":0,"max_hp_gain":0,"max_hp_loss":0,"event_name":"The Woman in Blue","floor":39,"gold_loss":0},{"cards_removed":["Bash"],"damage_healed":0,"gold_gain":0,"player_choice":"Removed Attack","damage_taken":0,"max_hp_gain":0,"max_hp_loss":0,"event_name":"Falling","floor":45,"gold_loss":0},{"damage_healed":0,"gold_gain":0,"player_choice":"Embrace Madness","damage_taken":10,"max_hp_gain":0,"max_hp_loss":0,"event_name":"Winding Halls","floor":46,"gold_loss":0,"cards_obtained":["Madness","Madness"]},{"damage_healed":0,"gold_gain":100,"player_choice":"Pray","damage_taken":0,"max_hp_gain":0,"max_hp_loss":0,"event_name":"Golden Shrine","floor":47,"gold_loss":0},{"damage_healed":0,"gold_gain":0,"player_choice":"Got Potions","damage_taken":0,"max_hp_gain":0,"max_hp_loss":0,"event_name":"Lab","floor":48,"gold_loss":0}],"is_beta":false,"boss_relics":[{"not_picked":["Black Star","Fusion Hammer"],"picked":"Sozu"},{"not_picked":["SlaversCollar","Empty Cage"],"picked":"Velvet Choker"}],"items_purged_floors":[11,28,37],"is_endless":false,"potions_floor_spawned":[1,5,6,16,18,22,25,31,38,42],"killed_by":"The Heart","ascension_level":3}}