{"host":"lctcqud4f9t1q6q5","time":1608123439,"event":{"mods":["BaseMod","Better Vampires","Block Reminder","Colored Map","Colored Powertips","Downfall","Highlight Path","KinomotoSakuraMod(木之本樱)","Lobotomy","LobotomyExtend","Marisa（F雨　魔理沙）","Minty Spire (QoL Compilation)","Quick Restart","Reimu（博丽灵梦）","Relic Stats","Replay The Spire","RumiaBox-露米娅的神秘盒子","Shop Mod","Spicy Shops","StSLib","TestMod","The Bug Knight","Thieving Mod","WarShipGirlsR/战舰少女R mod","vexMod","【功能Mod】混沌之环修复补丁","篝火指南"],"gold_per_floor":[114,74,74,91,108,120,120,153,153,171,183,183,201,226,226,326,326,368,368,408,444,126,184,184,223,249,249,249,307,356,367,90,90,90],"floor_reached":33,"playtime":2447,"items_purged":["Replay:Sluggish","Defend_P"],"score":400,"play_id":"ef5a54d1-df75-4bdf-bc3b-5db24644aa3d","local_time":"20201216205719","is_ascension_mode":true,"campfire_choices":[{"data":"PathToVictory","floor":7,"key":"SMITH"},{"data":"TalkToTheHand","floor":15,"key":"SMITH"},{"floor":24,"key":"RECALL"},{"data":"Wish","floor":28,"key":"SMITH"}],"circlet_count":0,"master_deck":["Strike_P","Defend_P","Defend_P","Defend_P","Eruption","Vigilance","PathToVictory+1","TalkToTheHand+1","Protect","Replay:ManipulateFuture","Wish+1","SpiritShield","LikeWater","Ghostly","Ghostly","Ghostly","Ghostly","Fasting2","FlurryOfBlows","Consecrate","Pot Of Greed","Pot Of Greed","Replay:ManipulateFuture"],"relics":["PureWater","testmod-TestBox","ReplayTheSpireMod:Lightbulb","testmod-CyclicPeriapt","LetterFromLob","PaintedHorse:ReiMu","testmod-ObsoleteBoomerang","White Beast Statue","Replay:Drink Me","ReplayTheSpireMod:CursedCoin","ReplayTheSpireMod:Ninjato","testmod-Antiphasic","ReplayTheSpireMod:TigerMarble","Orichalcum","MerchantsRug","vexMod:BarristanHead"],"acts_visited":["Exordium","TheCity"],"potions_floor_usage":[8,10,14,14,16,16,21,23,31,31],"damage_taken":[{"damage":0,"enemies":"2 Louse","floor":1,"turns":2},{"damage":4,"enemies":"Small Slimes","floor":4,"turns":4},{"damage":1,"enemies":"Cultist","floor":5,"turns":3},{"damage":4,"enemies":"Looter","floor":6,"turns":3},{"damage":10,"enemies":"Gremlin Nob","floor":8,"turns":3},{"damage":2,"enemies":"Gremlin Gang","floor":10,"turns":3},{"damage":0,"enemies":"Blue Slaver","floor":11,"turns":3},{"damage":2,"enemies":"Looter","floor":13,"turns":2},{"damage":7,"enemies":"Lagavulin","floor":14,"turns":3},{"damage":31,"enemies":"Fading Forest","floor":16,"turns":11},{"damage":4,"enemies":"Spheric Guardian","floor":18,"turns":5},{"damage":5,"enemies":"Shell Parasite","floor":20,"turns":7},{"damage":3,"enemies":"Centurion and Healer","floor":21,"turns":8},{"damage":3,"enemies":"Slavers","floor":23,"turns":10},{"damage":0,"enemies":"3 Cultists","floor":25,"turns":7},{"damage":0,"enemies":"Book of Stabbing","floor":29,"turns":7},{"damage":2,"enemies":"Chosen and Byrds","floor":30,"turns":3},{"damage":0,"enemies":"Snake Plant","floor":31,"turns":2},{"damage":20,"enemies":"Champ","floor":33,"turns":8}],"seed_played":"6789927198941653125","potions_obtained":[{"floor":5,"key":"Toxic Potion"},{"floor":6,"key":"champ:CounterPotion"},{"floor":10,"key":"Fire Potion"},{"floor":11,"key":"ZuzhouPotion:ReiMu"},{"floor":13,"key":"champ:CounterPotion"},{"floor":16,"key":"testmod-SpacePotion"},{"floor":18,"key":"Death Potion"},{"floor":20,"key":"testmod-EscapePotion"},{"floor":21,"key":"SpeedPotion"},{"floor":23,"key":"GrandPatriotsElixir:ReiMu"},{"floor":25,"key":"Swift Potion"},{"floor":29,"key":"Explosive Potion"},{"floor":30,"key":"Fire Potion"},{"floor":31,"key":"testmod-EscapePotion"}],"is_trial":false,"path_per_floor":["M","?","?","M","M","M","R","E","T","M","M","?","M","E","R","B",null,"M","?","M","M","$","E","R","M","T","?","R","E","M","M","R","B"],"character_chosen":"WATCHER","items_purchased":["ReplayTheSpireMod:CursedCoin","ReplayTheSpireMod:Ninjato","testmod-Antiphasic","MerchantsRug","vexMod:BarristanHead"],"campfire_rested":0,"item_purchase_floors":[22,22,22,32,32],"current_hp_per_floor":[72,72,72,68,67,63,63,53,53,51,51,51,49,42,42,23,54,50,27,22,19,19,16,16,16,16,16,16,16,14,14,14,0,0],"gold":90,"neow_bonus":"RANDOM_COMMON_RELIC","is_daily":false,"chose_seed":false,"campfire_upgraded":3,"win_rate":0.0,"timestamp":1608123439,"path_taken":["M","?","?","?","M","M","R","E","T","M","M","?","?","E","R","BOSS","M","?","M","M","$","E","R","M","T","?","R","E","?","M","R","BOSS"],"items_purchased_type":["Relic","Relic","Relic","Relic","Relic"],"build_version":"2020-12-13","purchased_purges":2,"victory":false,"max_hp_per_floor":[72,72,72,72,72,72,72,72,72,72,72,72,72,72,72,72,54,54,27,27,27,27,27,27,27,27,27,27,27,27,27,27,32,32],"relic_stats":{"counters":[19,94],"Orichalcum":[18],"obtain_stats":[{"MerchantsRug":32,"testmod-TestBox":0,"ReplayTheSpireMod:Ninjato":22,"ReplayTheSpireMod:CursedCoin":22,"testmod-CyclicPeriapt":0,"Orichalcum":27,"White Beast Statue":14,"testmod-Antiphasic":22,"vexMod:BarristanHead":32,"PaintedHorse:ReiMu":2,"testmod-ObsoleteBoomerang":8,"LetterFromLob":1,"ReplayTheSpireMod:TigerMarble":23,"PureWater":0,"Grinning Jar":29,"ReplayTheSpireMod:Lightbulb":0,"Replay:Drink Me":17,"testmod-OneHitWonder":26},{"MerchantsRug":18,"testmod-TestBox":0,"ReplayTheSpireMod:Ninjato":13,"ReplayTheSpireMod:CursedCoin":13,"testmod-CyclicPeriapt":0,"Orichalcum":15,"White Beast Statue":9,"testmod-Antiphasic":13,"vexMod:BarristanHead":18,"PaintedHorse:ReiMu":1,"testmod-ObsoleteBoomerang":5,"LetterFromLob":1,"ReplayTheSpireMod:TigerMarble":14,"PureWater":0,"Grinning Jar":16,"ReplayTheSpireMod:Lightbulb":0,"Replay:Drink Me":10,"testmod-OneHitWonder":15},{"MerchantsRug":86,"testmod-TestBox":0,"ReplayTheSpireMod:Ninjato":57,"ReplayTheSpireMod:CursedCoin":57,"testmod-CyclicPeriapt":0,"Orichalcum":74,"White Beast Statue":26,"testmod-Antiphasic":57,"vexMod:BarristanHead":86,"PaintedHorse:ReiMu":2,"testmod-ObsoleteBoomerang":15,"LetterFromLob":2,"ReplayTheSpireMod:TigerMarble":67,"PureWater":0,"Grinning Jar":81,"ReplayTheSpireMod:Lightbulb":0,"Replay:Drink Me":37,"testmod-OneHitWonder":74}]},"card_choices":[{"not_picked":["EmptyBody","Nirvana"],"picked":"PathToVictory","floor":1},{"not_picked":["BowlingBash","Halt","FollowUp"],"picked":"SKIP","floor":4},{"not_picked":["Tantrum","FlurryOfBlows","Vengeance"],"picked":"SKIP","floor":5},{"not_picked":["ThirdEye","Sanctity"],"picked":"TalkToTheHand","floor":6},{"not_picked":["Replay:BluntJabs","Judgement","Evaluate"],"picked":"SKIP","floor":8},{"not_picked":["Replay:ManipulateFuture","ThirdEye"],"picked":"Protect","floor":10},{"not_picked":["WheelKick","BowlingBash"],"picked":"Replay:ManipulateFuture","floor":11},{"not_picked":["Weave","Crescendo","Replay:Vibes"],"picked":"SKIP","floor":13},{"not_picked":["Crescendo","Halt"],"picked":"Wish","floor":14},{"not_picked":["Brilliance","Replay:LoomingThreat"],"picked":"SpiritShield","floor":16},{"not_picked":["Prostrate","Vengeance"],"picked":"LikeWater","floor":18},{"not_picked":["Replay:AtTheReady+1","Pray"],"picked":"Fasting2","floor":20},{"not_picked":["Replay:Hum","Consecrate"],"picked":"FlurryOfBlows","floor":21},{"not_picked":["Halt","Evaluate"],"picked":"Consecrate","floor":23},{"not_picked":["ThirdEye+1","ClearTheMind","Indignation"],"picked":"SKIP","floor":25},{"not_picked":["Replay:Cycle","Evaluate+1","Wish"],"picked":"SKIP","floor":29},{"not_picked":["Indignation","WheelKick"],"picked":"Replay:ManipulateFuture","floor":30},{"not_picked":["Crescendo+1","CarveReality","InnerPeace+1"],"picked":"SKIP","floor":31}],"player_experience":332140,"relics_obtained":[{"floor":1,"key":"LetterFromLob"},{"floor":8,"key":"testmod-ObsoleteBoomerang"},{"floor":14,"key":"White Beast Statue"},{"floor":23,"key":"ReplayTheSpireMod:TigerMarble"},{"floor":26,"key":"testmod-OneHitWonder"},{"floor":29,"key":"Grinning Jar"}],"event_choices":[{"damage_healed":0,"gold_gain":0,"player_choice":"塞钱","damage_taken":0,"relics_obtained":["PaintedHorse:ReiMu"],"max_hp_gain":0,"max_hp_loss":0,"event_name":"yidonshenshe","floor":2,"gold_loss":40},{"cards_removed":["Strike_P"],"damage_healed":0,"gold_gain":0,"player_choice":"Offered Basic","damage_taken":0,"max_hp_gain":0,"max_hp_loss":0,"event_name":"Bonfire Elementals","floor":3,"gold_loss":0},{"damage_healed":0,"gold_gain":0,"player_choice":"Cursed","damage_taken":0,"max_hp_gain":0,"max_hp_loss":0,"event_name":"Wheel of Change","floor":12,"gold_loss":0,"cards_obtained":["Decay"]},{"damage_healed":0,"gold_gain":0,"player_choice":"Became a Ghost","damage_taken":0,"max_hp_gain":0,"max_hp_loss":27,"event_name":"Ghosts","floor":19,"gold_loss":0,"cards_obtained":["Ghostly","Ghostly","Ghostly","Ghostly","Ghostly"]},{"cards_removed":["Ghostly"],"damage_healed":0,"gold_gain":0,"player_choice":"Gave Card","damage_taken":0,"relics_obtained":["Orichalcum"],"max_hp_gain":0,"max_hp_loss":0,"event_name":"WeMeetAgain","floor":27,"gold_loss":0}],"is_beta":false,"boss_relics":[{"not_picked":["testmod-KeyOfTheVoid","vexMod:MysteryBossChallenge"],"picked":"Replay:Drink Me"}],"items_purged_floors":[22,32],"is_endless":false,"potions_floor_spawned":[5,6,10,11,13,16,18,20,21,23,25,29,30,31],"killed_by":"Champ","ascension_level":3}}