{"host":"8e68pzgs4bln6t6e","time":1608155978,"event":{"mods":["AchievementEnabler","Act Like it!","BaseMod","Better Note","BetterRewards","Colored Powertips","Googly Eyes","Hallownest","Hubris","Jorbs\u0027s Wanderer Trilogy","Marisa????????","Minty Spire (QoL Compilation)","Quick Restart","Rare Cards Sparkle","Replay The Spire","Shop Mod","StSLib","The Animator","The Cursed","The Disciple","The Hierophant","The Servant 0.9.4"],"gold_per_floor":[117,135,175,175,175,210,221,6,51,80,80,80,103,113,113,113,113],"floor_reached":16,"playtime":1706,"items_purged":[],"score":139,"play_id":"de141416-55fb-4434-a24e-9241319b6c72","local_time":"20201216225938","is_ascension_mode":true,"campfire_choices":[{"floor":15,"key":"DIG"}],"circlet_count":0,"master_deck":["TheCursedMod:Strike_TheCursed","TheCursedMod:Strike_TheCursed","TheCursedMod:Strike_TheCursed","TheCursedMod:Defend_TheCursed","TheCursedMod:Defend_TheCursed","TheCursedMod:Defend_TheCursed","TheCursedMod:Defend_TheCursed","TheCursedMod:CursedWand","TheCursedMod:CleanUpWorkshop","TheCursedMod:Dregs","stsjorbsmod:Withering","TheCursedMod:CircleOfAbyss+1","TheCursedMod:SpitefulPlan","TheCursedMod:RapidMovement","TheCursedMod:SpreadPlague+1","TheCursedMod:CursedMace","TheCursedMod:ManaBullet","TheCursedMod:LuckyCharm","TheCursedMod:CircleOfFlame","TheCursedMod:CollectTribute"],"relics":["TheCursedMod:BlackMagic101","hubris:SlimyHat","PreservedInsect","Pen Nib","hubris:FruitBowl","Lantern","Nunchaku"],"acts_visited":["Exordium"],"potions_floor_usage":[6,14],"damage_taken":[{"damage":7,"enemies":"2_ Uuma","floor":1,"turns":9},{"damage":4,"enemies":"Hallownest:2_MossCreeps","floor":2,"turns":8},{"damage":22,"enemies":"Hallownest:eliteVengeflyKing","floor":6,"turns":11},{"damage":0,"enemies":"Hallownest:monsterHuskGuard","floor":7,"turns":5},{"damage":0,"enemies":"Hallownest:eliteMossKnight","floor":10,"turns":4},{"damage":0,"enemies":"Hallownest:monsterFoolEater","floor":14,"turns":4},{"damage":59,"enemies":"Hallownest:BossHornet","floor":16,"turns":8}],"seed_played":"6664718269728754077","potions_obtained":[{"floor":2,"key":"SpeedPotion"},{"floor":7,"key":"Block Potion"}],"is_trial":false,"path_per_floor":["M","M","?","?","?","E","M","$","T","E","$","?","T","M","R","B"],"character_chosen":"THE_CURSED","items_purchased":["PreservedInsect","TheCursedMod:LuckyCharm","hubris:FruitBowl"],"campfire_rested":0,"item_purchase_floors":[8,8,11],"current_hp_per_floor":[68,64,64,64,64,42,42,42,42,42,23,23,23,23,23,0,0],"gold":113,"neow_bonus":"THREE_RARE_CARDS","is_daily":false,"chose_seed":false,"campfire_upgraded":0,"win_rate":0.0,"timestamp":1608155978,"path_taken":["M","M","?","?","?","E","M","?","T","E","?","?","?","M","R","BOSS"],"items_purchased_type":["Relic","Card","Relic"],"build_version":"2020-12-13","purchased_purges":0,"victory":false,"max_hp_per_floor":[75,75,75,75,75,75,75,75,75,75,75,75,75,75,75,75,75],"card_choices":[{"not_picked":["TheCursedMod:DemonicPact","TheCursedMod:NeowsMight"],"picked":"TheCursedMod:CircleOfAbyss","floor":0},{"not_picked":["TheCursedMod:CircleOfWindfury","TheCursedMod:CursedStaff"],"picked":"TheCursedMod:SpitefulPlan","floor":1},{"not_picked":["TheCursedMod:TacticalStrike","TheCursedMod:CursedBoomerang"],"picked":"TheCursedMod:RapidMovement","floor":2},{"not_picked":["TheCursedMod:Obscuration","TheCursedMod:Wield"],"picked":"TheCursedMod:CursedMace","floor":6},{"not_picked":["TheCursedMod:TacticalStrike","TheCursedMod:SpreadPlague"],"picked":"TheCursedMod:ManaBullet","floor":7},{"not_picked":["TheCursedMod:SpreadPlague","TheCursedMod:CircleOfCorruption"],"picked":"TheCursedMod:CircleOfFlame","floor":10},{"not_picked":["TheCursedMod:CursedBoomerang","TheCursedMod:SpreadPlague"],"picked":"TheCursedMod:CollectTribute","floor":14}],"player_experience":173004,"relics_obtained":[{"floor":6,"key":"hubris:SlimyHat"},{"floor":10,"key":"Pen Nib"},{"floor":13,"key":"Lantern"},{"floor":15,"key":"Nunchaku"}],"event_choices":[],"is_beta":false,"boss_relics":[],"items_purged_floors":[],"is_endless":false,"potions_floor_spawned":[2,7],"killed_by":"Hallownest:BossHornet","ascension_level":1}}