{"host":"bnl7o5cb2omwu7ka","time":1608104507,"event":{"mods":["AchievementEnabler","BaseMod","BetterRewards","Block Reminder","Colored Map","Colored Powertips","Conspire","Defective Defect","Downfall","Energized Spire","Googly Eyes","Highlight Path","Infinite Spire","Ironclad Rager","Jedi Mod","Mimic Mod","Minty Spire (QoL Compilation)","Permanent Neow","Quick Restart","Rare Cards Sparkle","Replay The Spire","Spikes Relics","StSLib","The IronCluck","egg","everything is the same but u backflip on backflip","slay the spire mod where everything is the same but ironclad has a cowboy hat"],"gold_per_floor":[99,128,128,154,170,183,183,183,217,217,231,250,263,48,63,166,166,166,176,276,307,307,307,307,307,307,342,366,25,25,42,56,160,160,160,160,160,171,171,188,188,199,199,229,246,151,90,103,120,120],"floor_reached":51,"playtime":7850,"items_purged":["Guardian:Strike_Guardian","Guardian:Strike_Guardian","Guardian:BronzeOrb+1"],"score":762,"play_id":"76455910-be4e-46d1-a68d-c7c406f68a6c","local_time":"20201216024147","is_ascension_mode":false,"campfire_choices":[{"data":"Guardian:TwinSlam","floor":1,"key":"SMITH"},{"data":"Guardian:CurlUp","floor":3,"key":"SMITH"},{"floor":8,"key":"REST"},{"floor":10,"key":"REST"},{"data":"Guardian:SentryBeam","floor":18,"key":"SMITH"},{"floor":23,"key":"REST"},{"floor":25,"key":"REST"},{"floor":35,"key":"DIG"},{"floor":37,"key":"REST"},{"floor":43,"key":"REST"}],"circlet_count":0,"master_deck":["Guardian:Defend_Guardian","Guardian:Defend_Guardian","Guardian:Defend_Guardian","Guardian:Defend_Guardian","Guardian:CurlUp+1","Guardian:TwinSlam+1","Guardian:TemporalStrike","Guardian:MultiBeam","Guardian:Planning","Guardian:PrimingBeam","Guardian:Reroute","Guardian:RollAttack","Guardian:TemporalShield","Guardian:SentryBeam+1","Guardian:AncientConstruct+1","Guardian:ShieldCharger","Guardian:Preprogram","Guardian:Incinerate+1","Guardian:Suspension","Guardian:ChargeUp+1","Guardian:Harden+1","Guardian:PiercingHide","Guardian:PiercingHide","Guardian:ChargeUp","Guardian:CrystalBeam+1","Guardian:WalkerClaw+1","Guardian:TemporalShield+1","Guardian:FastForward+1","Guardian:Recover+1","Guardian:MultiBeam+1","Guardian:ArmoredProtocol","Guardian:FloatingOrbs+1","Guardian:PrimingBeam+1"],"relics":["Guardian:ModeShifter","Darkstone Periapt","Dream Catcher","Nunchaku","Rawhide","energizedSpire:SpiderWeb","Ice Cream","Mercury Hourglass","jedi:kaleidoscope","conspire:Flyswatter","MawBank","Blood Vial","BicycleWheel","Fusion Hammer","jedi:crownofsimplicity","Simple Rune","ReplayTheSpireMod:Lightbulb","Guide Book","Whetstone"],"acts_visited":["Exordium","TheCity","TheBeyond"],"potions_floor_usage":[],"damage_taken":[{"damage":23,"enemies":"3 Sentries","floor":2,"turns":13},{"damage":18,"enemies":"Lagavulin","floor":4,"turns":8},{"damage":4,"enemies":"Cultist","floor":5,"turns":4},{"damage":9,"enemies":"Jaw Worm","floor":6,"turns":4},{"damage":14,"enemies":"3 Sentries","floor":9,"turns":6},{"damage":0,"enemies":"2 Louse","floor":11,"turns":1},{"damage":8,"enemies":"Exordium Thugs","floor":12,"turns":3},{"damage":1,"enemies":"Large Slime","floor":13,"turns":3},{"damage":1,"enemies":"downfall:FleeingMerchant","floor":14,"turns":4},{"damage":0,"enemies":"Exordium Wildlife","floor":15,"turns":2},{"damage":32,"enemies":"downfall:Defect","floor":16,"turns":8},{"damage":12,"enemies":"3 Byrds","floor":19,"turns":4},{"damage":27,"enemies":"Colosseum Nobs","floor":20,"turns":5},{"damage":16,"enemies":"Book of Stabbing","floor":21,"turns":5},{"damage":8,"enemies":"Gremlin Leader","floor":27,"turns":4},{"damage":6,"enemies":"Chosen","floor":28,"turns":3},{"damage":4,"enemies":"downfall:FleeingMerchant","floor":29,"turns":4},{"damage":6,"enemies":"Snake Plant","floor":31,"turns":3},{"damage":18,"enemies":"Sentry and Sphere","floor":32,"turns":4},{"damage":3,"enemies":"downfall:Watcher","floor":33,"turns":6},{"damage":0,"enemies":"Orb Walker","floor":38,"turns":3},{"damage":0,"enemies":"3 Darklings","floor":40,"turns":4},{"damage":14,"enemies":"Sphere and 2 Shapes","floor":42,"turns":3},{"damage":9,"enemies":"R_Hoarder","floor":44,"turns":8},{"damage":0,"enemies":"Transient","floor":45,"turns":5},{"damage":0,"enemies":"downfall:FleeingMerchant","floor":46,"turns":4},{"damage":33,"enemies":"4 Shapes","floor":48,"turns":4},{"damage":1,"enemies":"Writhing Mass","floor":49,"turns":3},{"damage":0,"enemies":"downfall:Ironclad","floor":50,"turns":5}],"seed_played":"5744126029853821023","potions_obtained":[{"floor":4,"key":"Weak Potion"},{"floor":5,"key":"LiquidMemories"},{"floor":9,"key":"Energy Potion"}],"is_trial":false,"path_per_floor":["R","E","R","E","M","M","T","R","E","R","M","M","M","$","M","B",null,"R","M","?","E","?","R","T","R","?","E","M","$","AVR","M","M","B",null,"R_BF","?","R","M","?","M","T","M","R","E","M","$","$","M","M","B",null],"character_chosen":"GUARDIAN","items_purchased":["Guardian:SentryBeam","Guardian:ChargeCore","Guardian:PiercingHide","Blood Vial","Guardian:ChargeUp","Guide Book","Whetstone","Guardian:ArmoredProtocol"],"campfire_rested":6,"item_purchase_floors":[14,14,29,29,29,46,46,47],"current_hp_per_floor":[80,57,57,39,35,26,26,50,36,60,60,52,51,50,50,18,80,80,68,41,25,25,49,49,73,73,65,59,55,55,51,35,34,80,80,80,80,80,80,80,80,66,80,71,73,75,75,44,45,47],"gold":120,"neow_bonus":"REMOVE_CARD","is_daily":false,"chose_seed":false,"campfire_upgraded":3,"win_rate":0.0,"timestamp":1608104507,"path_taken":["R","E","R","E","M","?","T","R","E","R","M","M","M","$","M","BOSS","R","M","?","E","?","R","T","R","?","E","M","$","AVR","M","M","BOSS","R_BF","?","R","M","?","M","T","M","R","E","?","?","$","?","M","BOSS"],"items_purchased_type":["Card","Card","Card","Relic","Card","Relic","Relic","Card"],"build_version":"2020-12-13","purchased_purges":3,"victory":true,"max_hp_per_floor":[80,80,80,80,80,80,80,80,80,80,80,80,80,80,80,80,80,80,80,80,80,80,80,80,80,80,80,80,80,80,80,80,80,80,80,80,80,80,80,80,80,80,80,80,80,80,80,80,80,80],"card_choices":[{"not_picked":["Guardian:PolyBeam","Guardian:Planning"],"picked":"Guardian:Gem_Cyan","floor":2},{"not_picked":["Guardian:ChargeCore","Guardian:WalkerClaw"],"picked":"Guardian:TemporalStrike","floor":4},{"not_picked":["Guardian:DonusPower","Guardian:ShieldCharger"],"picked":"Guardian:Gem_Fragmented","floor":5},{"not_picked":["Guardian:BaubleBeam","Guardian:Gem_Lightblue"],"picked":"Guardian:MultiBeam","floor":6},{"not_picked":["Guardian:Recover","Guardian:VentSteam"],"picked":"Guardian:Planning","floor":8},{"not_picked":["Guardian:Planning","Guardian:TemporalShield"],"picked":"Guardian:PrimingBeam","floor":9},{"not_picked":["Guardian:FloatingOrbs","Guardian:StasisStrike"],"picked":"Guardian:Gem_White","floor":10},{"not_picked":["Guardian:RollAttack","Guardian:Gem_Lightblue"],"picked":"Guardian:Reroute","floor":11},{"not_picked":["Guardian:VentSteam","Guardian:PrismaticBeam"],"picked":"Guardian:RollAttack","floor":12},{"not_picked":["Guardian:Gem_Green","Guardian:VentSteam"],"picked":"Guardian:TemporalShield","floor":13},{"not_picked":["Guardian:TemporalStrike","Guardian:ChargeCore"],"picked":"Guardian:Gem_Purple","floor":14},{"not_picked":["Guardian:WalkerClaw","Guardian:Gem_Lightblue","Guardian:GuardianWhirl"],"picked":"SKIP","floor":15},{"not_picked":["Guardian:SphericShield","Guardian:BaubleBeam"],"picked":"Guardian:AncientConstruct","floor":16},{"not_picked":["Guardian:TemporalStrike+1","Guardian:FloatingOrbs+1"],"picked":"Guardian:ShieldCharger","floor":19},{"not_picked":["Guardian:PrimingBeam","Guardian:Recover"],"picked":"Guardian:Preprogram","floor":20},{"not_picked":["Guardian:Gem_White","Guardian:Gem_Crimson"],"picked":"Guardian:Incinerate+1","floor":21},{"not_picked":["Guardian:Gem_Red","Guardian:SentryBeam+1"],"picked":"Guardian:Suspension","floor":23},{"not_picked":["Guardian:ShieldCharger+1","Guardian:CrystalBeam"],"picked":"Guardian:ChargeUp+1","floor":25},{"not_picked":["Guardian:ChargeCore+1","Guardian:SentryBeam+1"],"picked":"Guardian:Harden+1","floor":27},{"not_picked":["Guardian:ShieldCharger","Guardian:PolyBeam"],"picked":"Guardian:Planning","floor":28},{"not_picked":["Guardian:Gem_Fragmented","Guardian:ConstructionForm"],"picked":"Guardian:PiercingHide","floor":29},{"not_picked":["Guardian:DecasProtection","Guardian:Planning","Guardian:ShieldSpikes"],"picked":"SKIP","floor":31},{"not_picked":["Guardian:Reroute","Guardian:BronzeArmor+1"],"picked":"Guardian:Gem_Red","floor":32},{"not_picked":["Guardian:AncientConstruct","Guardian:FastForward"],"picked":"Guardian:Gem_Synthetic","floor":33},{"not_picked":["Guardian:Repulse","Guardian:BronzeArmor"],"picked":"Guardian:CrystalBeam","floor":37},{"not_picked":["Guardian:Incinerate+1","Guardian:Recover+1"],"picked":"Guardian:Gem_Purple","floor":38},{"not_picked":["Guardian:TemporalStrike","Guardian:ShieldCharger+1"],"picked":"Guardian:WalkerClaw","floor":40},{"not_picked":["Guardian:DonusPower+1","Guardian:SpikerProtocol"],"picked":"Guardian:BronzeOrb+1","floor":42},{"not_picked":["Guardian:Gem_Green","Guardian:TemporalStrike+1"],"picked":"Guardian:TemporalShield+1","floor":43},{"not_picked":["Guardian:PiercingHide+1","Guardian:Incinerate+1"],"picked":"Guardian:FastForward","floor":44},{"not_picked":["Guardian:SentryBeam+1","Guardian:PrismaticBarrier"],"picked":"Guardian:Recover+1","floor":45},{"not_picked":["Guardian:Gem_Lightblue","Guardian:DonusPower+1"],"picked":"Guardian:MultiBeam+1","floor":46},{"not_picked":["Guardian:Recover","Guardian:TemporalShield"],"picked":"Guardian:FloatingOrbs+1","floor":48},{"not_picked":["Guardian:Reroute+1","Guardian:PrismaticBeam"],"picked":"Guardian:PrimingBeam+1","floor":49}],"player_experience":128952,"relics_obtained":[{"floor":2,"key":"Darkstone Periapt"},{"floor":4,"key":"Dream Catcher"},{"floor":7,"key":"Nunchaku"},{"floor":9,"key":"Rawhide"},{"floor":20,"key":"Ice Cream"},{"floor":20,"key":"Mercury Hourglass"},{"floor":21,"key":"jedi:kaleidoscope"},{"floor":24,"key":"conspire:Flyswatter"},{"floor":27,"key":"MawBank"},{"floor":35,"key":"jedi:crownofsimplicity"},{"floor":41,"key":"Simple Rune"},{"floor":44,"key":"ReplayTheSpireMod:Lightbulb"}],"event_choices":[{"damage_healed":0,"gold_gain":0,"player_choice":"Leave","damage_taken":0,"max_hp_gain":0,"max_hp_loss":0,"event_name":"conspire:Investor","floor":22,"gold_loss":0},{"cards_removed":["Guardian:Strike_Guardian"],"damage_healed":0,"gold_gain":0,"player_choice":"Offered Basic","damage_taken":0,"max_hp_gain":0,"max_hp_loss":0,"event_name":"Bonfire Elementals","floor":26,"gold_loss":0},{"cards_removed":["Guardian:ChargeCore"],"damage_healed":0,"gold_gain":0,"player_choice":"Removed Attack","damage_taken":0,"max_hp_gain":0,"max_hp_loss":0,"event_name":"Falling","floor":39,"gold_loss":0}],"is_beta":false,"boss_relics":[{"not_picked":["Pandora\u0027s Box","conspire:SpecialSausage"],"picked":"energizedSpire:SpiderWeb"},{"not_picked":["jedi:battlestandard","Busted Crown"],"picked":"Fusion Hammer"}],"items_purged_floors":[14,29,46],"is_endless":false,"potions_floor_spawned":[4,5,9,11,12,19,27,28,33,38,42,44,45],"ascension_level":0}}