{"host":"63yhhrjweyj22b0v","time":1608160783,"event":{"mods":["BaseMod","Minty Spire (QoL Compilation)","Quick Restart"],"gold_per_floor":[118,72,38,49,60,60,92,110,156,169,169,169,184,184,184,281,281,291,251,271,12,30,30,30,48,118,118,118,118,118],"floor_reached":29,"playtime":957,"items_purged":[],"score":236,"play_id":"26c849b4-5367-42fb-acc2-b0e5b3c6ab57","local_time":"20201216171943","is_ascension_mode":true,"campfire_choices":[{"floor":11,"key":"REST"},{"floor":15,"key":"REST"},{"data":"Noxious Fumes","floor":23,"key":"SMITH"},{"floor":27,"key":"REST"}],"circlet_count":0,"master_deck":["Strike_G","Strike_G","Strike_G","Strike_G","Strike_G","Defend_G","Defend_G","Defend_G","Defend_G","Defend_G","Survivor","Neutralize","Noxious Fumes+1","Dagger Spray","Riddle With Holes","Poisoned Stab","Dagger Spray","Phantasmal Killer","Slice","Backstab","Infinite Blades","Glass Knife","Bane","Poisoned Stab+1","Slice","Caltrops"],"relics":["Ring of the Snake","NeowsBlessing","Darkstone Periapt","Pen Nib","Eternal Feather","White Beast Statue"],"acts_visited":["Exordium","TheCity"],"potions_floor_usage":[7,7,16,22,25],"damage_taken":[{"damage":0,"enemies":"Cultist","floor":1,"turns":1},{"damage":0,"enemies":"2 Louse","floor":4,"turns":1},{"damage":0,"enemies":"Small Slimes","floor":5,"turns":1},{"damage":34,"enemies":"Lagavulin","floor":7,"turns":6},{"damage":12,"enemies":"Looter","floor":8,"turns":3},{"damage":8,"enemies":"Red Slaver","floor":10,"turns":4},{"damage":8,"enemies":"Lots of Slimes","floor":13,"turns":2},{"damage":37,"enemies":"Hexaghost","floor":16,"turns":8},{"damage":2,"enemies":"Chosen","floor":18,"turns":4},{"damage":1,"enemies":"3 Byrds","floor":20,"turns":3},{"damage":21,"enemies":"Snake Plant","floor":22,"turns":5},{"damage":59,"enemies":"Shelled Parasite and Fungi","floor":25,"turns":5},{"damage":61,"enemies":"Gremlin Leader","floor":29,"turns":4}],"seed_played":"5592327097322609461","potions_obtained":[{"floor":4,"key":"SteroidPotion"},{"floor":5,"key":"BlessingOfTheForge"},{"floor":10,"key":"SteroidPotion"},{"floor":19,"key":"Block Potion"},{"floor":19,"key":"Swift Potion"},{"floor":19,"key":"SkillPotion"},{"floor":22,"key":"Ancient Potion"}],"is_trial":false,"path_per_floor":["M","$","$","M","M","?","E","M","T","M","R","?","M","?","R","B",null,"M","?","M","$","M","R","?","M","T","R","?","E"],"character_chosen":"THE_SILENT","items_purchased":["Dagger Spray","Riddle With Holes","Eternal Feather"],"campfire_rested":3,"item_purchase_floors":[2,3,21],"current_hp_per_floor":[70,70,70,70,70,70,36,24,24,16,37,37,29,29,50,13,70,68,68,67,67,46,61,61,2,2,38,61,0,0],"gold":118,"neow_bonus":"THREE_ENEMY_KILL","is_daily":false,"chose_seed":false,"campfire_upgraded":1,"win_rate":0.0,"timestamp":1608160783,"path_taken":["M","?","$","?","M","?","E","M","T","M","R","?","M","?","R","BOSS","M","?","?","$","?","R","?","M","T","R","?","E"],"items_purchased_type":["Card","Card","Relic"],"build_version":"2020-12-13","purchased_purges":0,"victory":false,"max_hp_per_floor":[70,70,70,70,70,70,70,70,70,70,70,70,70,70,70,70,70,70,70,70,70,70,70,70,70,70,70,70,70,70],"card_choices":[{"not_picked":["Quick Slash","Backstab"],"picked":"Noxious Fumes","floor":1},{"not_picked":["Underhanded Strike","Bane"],"picked":"Poisoned Stab","floor":4},{"not_picked":["PiercingWail","Blade Dance"],"picked":"Dagger Spray","floor":5},{"not_picked":["Deflect","Acrobatics"],"picked":"Phantasmal Killer","floor":7},{"not_picked":["Setup","Sucker Punch"],"picked":"Slice","floor":8},{"not_picked":["Poisoned Stab","Calculated Gamble"],"picked":"Backstab","floor":10},{"not_picked":["Cloak And Dagger","Prepared"],"picked":"Infinite Blades","floor":13},{"not_picked":["Venomology","Die Die Die"],"picked":"Glass Knife","floor":16},{"not_picked":["Underhanded Strike","Dagger Spray"],"picked":"Bane","floor":18},{"not_picked":["PiercingWail","Deadly Poison"],"picked":"Poisoned Stab+1","floor":20},{"not_picked":["Dodge and Roll+1","Deflect"],"picked":"Slice","floor":22},{"not_picked":["Deflect+1","Well Laid Plans+1"],"picked":"Caltrops","floor":25}],"player_experience":610793,"relics_obtained":[{"floor":7,"key":"Darkstone Periapt"},{"floor":9,"key":"Pen Nib"},{"floor":26,"key":"White Beast Statue"}],"event_choices":[{"damage_healed":0,"gold_gain":0,"player_choice":"Ignored","damage_taken":0,"max_hp_gain":0,"max_hp_loss":0,"event_name":"Liars Game","floor":6,"gold_loss":0},{"damage_healed":0,"gold_gain":0,"player_choice":"Ignored","damage_taken":0,"max_hp_gain":0,"max_hp_loss":0,"event_name":"Golden Idol","floor":12,"gold_loss":0},{"damage_healed":0,"gold_gain":0,"player_choice":"Ignored","damage_taken":0,"max_hp_gain":0,"max_hp_loss":0,"event_name":"Shining Light","floor":14,"gold_loss":0},{"damage_healed":0,"gold_gain":0,"player_choice":"Bought 3 Potions","damage_taken":0,"max_hp_gain":0,"max_hp_loss":0,"event_name":"The Woman in Blue","floor":19,"gold_loss":0},{"damage_healed":23,"gold_gain":0,"player_choice":"Heal","damage_taken":0,"max_hp_gain":0,"max_hp_loss":0,"event_name":"The Library","floor":28,"gold_loss":0}],"is_beta":false,"boss_relics":[{"not_picked":["Coffee Dripper","Runic Pyramid","Sozu"]}],"items_purged_floors":[],"is_endless":false,"potions_floor_spawned":[4,5,10,22],"killed_by":"Gremlin Leader","ascension_level":1}}