{"host":"7bu9q13m6bmpbxjk","time":1608106322,"event":{"mods":["BaseMod","Colored Powertips","Googly Eyes","Highlight Path","Minty Spire (QoL Compilation)","Random Character Button","Relic Stats","StSLib"],"gold_per_floor":[13,13,33,51,1,34,34,34,57,57,18,36,51,92,92,222,222,147,168,47,47,22,65,65,65,65],"floor_reached":25,"playtime":1279,"items_purged":[],"score":277,"play_id":"b6646764-b864-4fd5-8fb4-a0151628799b","local_time":"20201216091202","is_ascension_mode":false,"campfire_choices":[{"data":"Glacier","floor":7,"key":"SMITH"},{"data":"Blizzard","floor":15,"key":"SMITH"}],"circlet_count":0,"master_deck":["Strike_B","Strike_B","Strike_B","Defend_B","Defend_B","Defend_B","Defend_B","Zap+1","Dualcast","Glacier+1","Cold Snap","Loop","Amplify","Capacitor","Blizzard+1","Go for the Eyes","Cold Snap","Echo Form","Consume","Cold Snap","Blizzard","Loop","Cold Snap","Coolheaded","Static Discharge"],"relics":["Cracked Core","Golden Idol","Ancient Tea Set","Prayer Wheel","Black Star","Blue Candle","Centennial Puzzle"],"acts_visited":["Exordium","TheCity"],"potions_floor_usage":[6,14,16,17,25],"damage_taken":[{"damage":2,"enemies":"Small Slimes","floor":1,"turns":4},{"damage":1,"enemies":"2 Louse","floor":3,"turns":3},{"damage":0,"enemies":"Cultist","floor":4,"turns":3},{"damage":5,"enemies":"Gremlin Nob","floor":6,"turns":3},{"damage":14,"enemies":"Large Slime","floor":12,"turns":6},{"damage":3,"enemies":"Looter","floor":13,"turns":4},{"damage":28,"enemies":"3 Sentries","floor":14,"turns":11},{"damage":29,"enemies":"The Guardian","floor":16,"turns":11},{"damage":24,"enemies":"2 Thieves","floor":18,"turns":5},{"damage":8,"enemies":"Spheric Guardian","floor":19,"turns":8},{"damage":61,"enemies":"Slavers","floor":23,"turns":8},{"damage":3,"enemies":"Centurion and Healer","floor":25,"turns":1}],"seed_played":"1525377236540392783","potions_obtained":[{"floor":3,"key":"ColorlessPotion"},{"floor":13,"key":"Regen Potion"},{"floor":14,"key":"SkillPotion"},{"floor":16,"key":"Fruit Juice"},{"floor":19,"key":"Swift Potion"}],"is_trial":false,"path_per_floor":["M","?","M","M","?","E","R","$","T","?","$","M","M","E","R","B",null,"M","M","$","?","$","E","?","M"],"character_chosen":"DEFECT","items_purchased":["Capacitor","Blizzard","Loop","Cold Snap"],"campfire_rested":0,"item_purchase_floors":[11,20,20,22],"current_hp_per_floor":[87,87,86,86,86,81,81,81,81,81,81,67,64,51,51,22,94,70,62,62,62,62,1,1,0,0],"gold":65,"neow_bonus":"TWENTY_PERCENT_HP_BONUS","is_daily":false,"chose_seed":false,"campfire_upgraded":2,"win_rate":0.0,"timestamp":1608106322,"path_taken":["M","?","M","M","?","E","R","$","T","?","$","?","M","E","R","BOSS","M","M","$","?","$","E","?","M"],"items_purchased_type":["Card","Card","Card","Card"],"build_version":"2020-12-13","purchased_purges":0,"victory":false,"max_hp_per_floor":[89,89,89,89,89,89,89,89,89,89,89,89,89,89,89,89,94,94,94,94,94,94,94,94,94,94],"relic_stats":{"Centennial Puzzle":[0],"counters":[12,67],"Golden Idol":69,"Blue Candle":[0],"Prayer Wheel":2,"Black Star":1,"obtain_stats":[{"Centennial Puzzle":23,"Golden Idol":2,"Blue Candle":23,"Prayer Wheel":14,"Black Star":17,"Cracked Core":0,"Ancient Tea Set":6},{"Centennial Puzzle":11,"Golden Idol":1,"Blue Candle":11,"Prayer Wheel":7,"Black Star":8,"Cracked Core":0,"Ancient Tea Set":4},{"Centennial Puzzle":66,"Golden Idol":4,"Blue Candle":66,"Prayer Wheel":34,"Black Star":45,"Cracked Core":0,"Ancient Tea Set":13}]},"card_choices":[{"not_picked":["Turbo","Double Energy"],"picked":"Glacier","floor":1},{"not_picked":["Sunder","Chaos"],"picked":"Cold Snap","floor":3},{"not_picked":["Darkness","Doom and Gloom"],"picked":"Loop","floor":4},{"not_picked":["Steam","Hologram"],"picked":"Amplify","floor":6},{"not_picked":["Coolheaded","Compile Driver"],"picked":"Blizzard","floor":12},{"not_picked":["Gash","Ball Lightning"],"picked":"Go for the Eyes","floor":13},{"not_picked":["Barrage","Double Energy"],"picked":"Cold Snap","floor":14},{"not_picked":["Biased Cognition","Core Surge"],"picked":"Echo Form","floor":16},{"not_picked":["Storm","Go for the Eyes"],"picked":"Consume","floor":18},{"not_picked":["Defragment","Static Discharge","Fusion"],"picked":"SKIP","floor":18},{"not_picked":["Sunder","Steam"],"picked":"Cold Snap","floor":19},{"not_picked":["Sweeping Beam","Lockon+1","Steam+1"],"picked":"SKIP","floor":19},{"not_picked":["Rebound","Compile Driver"],"picked":"Coolheaded","floor":23}],"player_experience":515618,"relics_obtained":[{"floor":6,"key":"Ancient Tea Set"},{"floor":14,"key":"Prayer Wheel"},{"floor":23,"key":"Blue Candle"},{"floor":23,"key":"Centennial Puzzle"}],"event_choices":[{"damage_healed":0,"gold_gain":0,"player_choice":"Take Wound","damage_taken":0,"relics_obtained":["Golden Idol"],"max_hp_gain":0,"max_hp_loss":0,"event_name":"Golden Idol","floor":2,"gold_loss":0,"cards_obtained":["Injury"]},{"cards_removed":["Injury"],"damage_healed":0,"gold_gain":0,"player_choice":"Card Removal","damage_taken":0,"max_hp_gain":0,"max_hp_loss":0,"event_name":"The Cleric","floor":5,"gold_loss":50},{"damage_healed":0,"gold_gain":0,"player_choice":"Upgraded","damage_taken":0,"max_hp_gain":0,"max_hp_loss":0,"event_name":"Upgrade Shrine","floor":10,"gold_loss":0,"cards_upgraded":["Zap"]},{"damage_healed":0,"gold_gain":0,"player_choice":"Ignored","damage_taken":0,"max_hp_gain":0,"max_hp_loss":0,"event_name":"Vampires","floor":21,"gold_loss":0},{"damage_healed":0,"gold_gain":0,"cards_transformed":["Strike_B"],"player_choice":"Transformed","damage_taken":0,"max_hp_gain":0,"max_hp_loss":0,"event_name":"Transmorgrifier","floor":24,"gold_loss":0,"cards_obtained":["Static Discharge"]}],"is_beta":false,"boss_relics":[{"not_picked":["Velvet Choker","Fusion Hammer"],"picked":"Black Star"}],"items_purged_floors":[],"is_endless":false,"potions_floor_spawned":[3,13,14,16,19],"killed_by":"Centurion and Healer","ascension_level":0}}