{"host":"2hea6pl5vmah38iy","time":1608113127,"event":{"mods":["AchievementEnabler","BaseMod","Colored Map","DeckTracker","Keyboard Shortcuts","Minty Spire (QoL Compilation)","Rare Cards Sparkle","StSLib","SuperFastMode","everything is the same but u backflip on backflip"],"gold_per_floor":[110,110,130,130,143,143,182,457,481,481,502,502,502],"floor_reached":12,"playtime":361,"items_purged":[],"score":129,"play_id":"e8ec2461-c1e0-4529-9408-d912d939f671","local_time":"20201216190527","is_ascension_mode":true,"campfire_choices":[{"data":"WaveOfTheHand","floor":6,"key":"SMITH"},{"floor":10,"key":"REST"}],"circlet_count":0,"master_deck":["AscendersBane","Strike_P","Strike_P","Strike_P","Defend_P","Defend_P","Defend_P","Eruption","Vigilance","Prostrate","TalkToTheHand","Weave","WaveOfTheHand+1","Pray","Regret"],"relics":["PureWater","Golden Idol","Lantern","Smiling Mask"],"acts_visited":["Exordium"],"potions_floor_usage":[7,11],"damage_taken":[{"damage":0,"enemies":"Cultist","floor":1,"turns":2},{"damage":0,"enemies":"Jaw Worm","floor":3,"turns":4},{"damage":5,"enemies":"2 Louse","floor":5,"turns":3},{"damage":37,"enemies":"Gremlin Nob","floor":7,"turns":5},{"damage":17,"enemies":"Lots of Slimes","floor":11,"turns":4},{"damage":8,"enemies":"3 Sentries","floor":12,"turns":2}],"seed_played":"-7505183520000659156","potions_obtained":[{"floor":3,"key":"LiquidBronze"},{"floor":5,"key":"Swift Potion"}],"is_trial":false,"path_per_floor":["M","?","M","?","M","R","E","?","T","R","M","E"],"character_chosen":"WATCHER","items_purchased":[],"campfire_rested":1,"item_purchase_floors":[],"current_hp_per_floor":[65,65,65,47,42,42,5,5,5,26,9,1,1],"gold":502,"neow_bonus":"REMOVE_CARD","is_daily":false,"chose_seed":false,"campfire_upgraded":1,"win_rate":0.0,"timestamp":1608113127,"path_taken":["M","?","M","?","M","R","E","?","T","R","?","E"],"items_purchased_type":[],"build_version":"2020-12-13","purchased_purges":0,"victory":false,"max_hp_per_floor":[72,72,72,72,72,72,72,72,72,72,72,72,72],"card_choices":[{"not_picked":["Evaluate","Pray"],"picked":"Prostrate","floor":1},{"not_picked":["Protect","Crescendo"],"picked":"Weave","floor":3},{"not_picked":["SashWhip","BowlingBash","WaveOfTheHand"],"picked":"SKIP","floor":5},{"not_picked":["SashWhip","BowlingBash"],"picked":"WaveOfTheHand","floor":5},{"not_picked":["LikeWater","WreathOfFlame"],"picked":"Pray","floor":7},{"not_picked":["PathToVictory","FlyingSleeves","SignatureMove"],"picked":"SKIP","floor":11}],"player_experience":419266,"relics_obtained":[{"floor":7,"key":"Lantern"},{"floor":9,"key":"Smiling Mask"}],"event_choices":[{"damage_healed":0,"gold_gain":0,"cards_transformed":["Strike_P"],"player_choice":"Change","damage_taken":0,"max_hp_gain":0,"max_hp_loss":0,"event_name":"Living Wall","floor":2,"gold_loss":0,"cards_obtained":["TalkToTheHand"]},{"damage_healed":0,"gold_gain":0,"player_choice":"Take Damage","damage_taken":18,"relics_obtained":["Golden Idol"],"max_hp_gain":0,"max_hp_loss":0,"event_name":"Golden Idol","floor":4,"gold_loss":0},{"damage_healed":0,"gold_gain":275,"player_choice":"Desecrate","damage_taken":0,"max_hp_gain":0,"max_hp_loss":0,"event_name":"Golden Shrine","floor":8,"gold_loss":0,"cards_obtained":["Regret"]}],"is_beta":false,"boss_relics":[],"items_purged_floors":[],"is_endless":false,"potions_floor_spawned":[3,5],"killed_by":"3 Sentries","ascension_level":13}}