{"host":"p7j7o00jacnw7qzt","time":1608095323,"event":{"mods":["BaseMod","Colored Map","Colored Powertips","DeckTracker","Highlight Path","Minty Spire (QoL Compilation)","Relic Stats"],"gold_per_floor":[116,41,41,41,41,79,4,43,70,90,126,126,167,191,191,191,191],"floor_reached":16,"playtime":507,"items_purged":["Defend_G"],"score":352,"play_id":"916df525-6e42-4341-aa9b-daa2ae139179","local_time":"20201216000843","is_ascension_mode":true,"campfire_choices":[{"data":"Acrobatics","floor":12,"key":"SMITH"},{"data":"Caltrops","floor":15,"key":"SMITH"}],"circlet_count":0,"master_deck":["AscendersBane","Strike_G","Strike_G","Strike_G","Defend_G","Defend_G","Defend_G","Defend_G","Survivor","Neutralize","Acrobatics+1","Backstab","Venomology","Grand Finale","Caltrops+1"],"relics":["Ring of the Snake","NeowsBlessing","Golden Idol","Happy Flower","Boot","Tiny Chest","Kunai"],"acts_visited":["Exordium"],"potions_floor_usage":[10,11,11,11,11,13,13,14,16,16,16],"damage_taken":[{"damage":0,"enemies":"Jaw Worm","floor":1,"turns":1},{"damage":0,"enemies":"3 Sentries","floor":6,"turns":1},{"damage":0,"enemies":"Lagavulin","floor":8,"turns":1},{"damage":4,"enemies":"Small Slimes","floor":10,"turns":3},{"damage":1,"enemies":"Gremlin Nob","floor":11,"turns":4},{"damage":42,"enemies":"Lagavulin","floor":13,"turns":8},{"damage":0,"enemies":"2 Louse","floor":14,"turns":1},{"damage":2,"enemies":"The Guardian","floor":16,"turns":8}],"seed_played":"-4984178135726365923","potions_obtained":[{"floor":6,"key":"EntropicBrew"},{"floor":8,"key":"LiquidBronze"},{"floor":11,"key":"Weak Potion"},{"floor":13,"key":"Swift Potion"}],"is_trial":false,"path_per_floor":["M","?","$","?","?","E","$","E","T","M","E","R","E","M","R","B"],"character_chosen":"THE_SILENT","items_purchased":[],"campfire_rested":0,"item_purchase_floors":[],"current_hp_per_floor":[59,59,59,59,59,59,59,59,59,55,54,54,12,12,12,10,10],"gold":191,"neow_bonus":"THREE_ENEMY_KILL","is_daily":false,"chose_seed":false,"campfire_upgraded":2,"win_rate":0.0,"timestamp":1608095323,"path_taken":["M","?","$","?","?","E","?","E","T","?","E","R","E","M","R","BOSS"],"items_purchased_type":[],"build_version":"2020-12-13","purchased_purges":1,"victory":false,"max_hp_per_floor":[66,66,66,60,60,60,60,60,60,60,60,60,60,60,60,60,60],"relic_stats":{"Happy Flower":[8],"counters":[8,27],"Golden Idol":40,"Tiny Chest":0,"Kunai":[3],"Boot":[34],"obtain_stats":[{"NeowsBlessing":0,"Happy Flower":6,"Golden Idol":4,"Tiny Chest":11,"Kunai":13,"Boot":8,"Ring of the Snake":0},{"NeowsBlessing":0,"Happy Flower":2,"Golden Idol":1,"Tiny Chest":5,"Kunai":6,"Boot":3,"Ring of the Snake":0},{"NeowsBlessing":0,"Happy Flower":2,"Golden Idol":1,"Tiny Chest":10,"Kunai":18,"Boot":3,"Ring of the Snake":0}],"Ring of the Snake":[16]},"card_choices":[{"not_picked":["PiercingWail","Underhanded Strike"],"picked":"Acrobatics","floor":1},{"not_picked":["Dash","Cloak And Dagger"],"picked":"Venomology","floor":6},{"not_picked":["Dagger Throw","Quick Slash","Finisher"],"picked":"SKIP","floor":8},{"not_picked":["Outmaneuver","Dagger Spray","Dodge and Roll"],"picked":"SKIP","floor":10},{"not_picked":["PiercingWail","Leg Sweep","Sucker Punch"],"picked":"SKIP","floor":11},{"not_picked":["Blur","Accuracy"],"picked":"Grand Finale","floor":13},{"not_picked":["Sucker Punch","Dash"],"picked":"Caltrops","floor":14}],"player_experience":877599,"relics_obtained":[{"floor":6,"key":"Happy Flower"},{"floor":8,"key":"Boot"},{"floor":11,"key":"Tiny Chest"},{"floor":13,"key":"Kunai"}],"event_choices":[{"cards_removed":["Strike_G"],"damage_healed":0,"gold_gain":0,"player_choice":"Card Removal","damage_taken":0,"max_hp_gain":0,"max_hp_loss":0,"event_name":"The Cleric","floor":2,"gold_loss":75},{"damage_healed":0,"gold_gain":0,"player_choice":"Lose Max HP","damage_taken":0,"relics_obtained":["Golden Idol"],"max_hp_gain":0,"max_hp_loss":6,"event_name":"Golden Idol","floor":4,"gold_loss":0},{"damage_healed":0,"gold_gain":0,"cards_transformed":["Strike_G"],"player_choice":"Change","damage_taken":0,"max_hp_gain":0,"max_hp_loss":0,"event_name":"Living Wall","floor":5,"gold_loss":0,"cards_obtained":["Backstab"]}],"is_beta":false,"boss_relics":[],"items_purged_floors":[7],"is_endless":false,"potions_floor_spawned":[6,8,11,13],"killed_by":"The Guardian","ascension_level":20}}