{"host":"6bsan6hkua32tfq7","time":1608103976,"event":{"mods":["BaseMod","Better Third Choice","Colored Map","Highlight Path","Minty Spire (QoL Compilation)","StSLib"],"gold_per_floor":[115,115,115,115,134,167,167,202,202,240,240,259,259,283,283,382,382,403,403,419,294,333,371,371,385,409,429,101,101,120,136,136,232,232,246,262,36,36,36],"floor_reached":38,"playtime":1337,"items_purged":["Strike_G","Strike_G"],"score":858,"play_id":"6d1a8e36-da22-4c1b-848f-3ea96bf717af","local_time":"20201216083256","is_ascension_mode":true,"campfire_choices":[{"data":"Dagger Spray","floor":7.0,"key":"SMITH"},{"data":"Footwork","floor":11.0,"key":"SMITH"},{"data":"Blade Dance","floor":13.0,"key":"SMITH"},{"data":"Dagger Spray","floor":15.0,"key":"SMITH"},{"floor":24.0,"key":"REST"},{"floor":32.0,"key":"REST"}],"circlet_count":0,"master_deck":["AscendersBane","Strike_G","Strike_G","Defend_G","Defend_G","Defend_G","Defend_G","Survivor","Neutralize","Blade Dance+1","Dagger Spray+1","Flying Knee","Footwork+1","Infinite Blades","Terror","Dagger Spray+1","Phantasmal Killer","Cloak And Dagger","PiercingWail","Riddle With Holes","All Out Attack","Skewer","Backflip+1","Crippling Poison","Well Laid Plans","Footwork","Footwork+1","Venomology","Adrenaline"],"relics":["Ring of the Snake","NeowsBlessing","Golden Idol","The Courier","Ninja Scroll","Shuriken","Odd Mushroom","SlaversCollar","Red Mask","Ice Cream","Oddly Smooth Stone","Medical Kit","SacredBark","Pantograph"],"acts_visited":["Exordium","TheCity","TheBeyond"],"potions_floor_usage":[38,38,38],"damage_taken":[{"damage":0.0,"enemies":"Small Slimes","floor":1.0,"turns":1.0},{"damage":0.0,"enemies":"Jaw Worm","floor":5.0,"turns":1.0},{"damage":0.0,"enemies":"Gremlin Nob","floor":6.0,"turns":1.0},{"damage":34.0,"enemies":"Lagavulin","floor":8.0,"turns":6.0},{"damage":1.0,"enemies":"The Mushroom Lair","floor":10.0,"turns":3.0},{"damage":0.0,"enemies":"2 Louse","floor":12.0,"turns":1.0},{"damage":0.0,"enemies":"Exordium Wildlife","floor":14.0,"turns":1.0},{"damage":22.0,"enemies":"Hexaghost","floor":16.0,"turns":6.0},{"damage":0.0,"enemies":"3 Byrds","floor":18.0,"turns":3.0},{"damage":6.0,"enemies":"Spheric Guardian","floor":20.0,"turns":3.0},{"damage":0.0,"enemies":"Masked Bandits","floor":22.0,"turns":2.0},{"damage":12.0,"enemies":"Gremlin Leader","floor":23.0,"turns":4.0},{"damage":20.0,"enemies":"Snake Plant","floor":25.0,"turns":5.0},{"damage":0.0,"enemies":"3 Cultists","floor":27.0,"turns":3.0},{"damage":12.0,"enemies":"Chosen and Byrds","floor":30.0,"turns":5.0},{"damage":5.0,"enemies":"Snake Plant","floor":31.0,"turns":8.0},{"damage":24.0,"enemies":"Automaton","floor":33.0,"turns":7.0},{"damage":23.0,"enemies":"3 Shapes","floor":35.0,"turns":14.0},{"damage":0.0,"enemies":"Orb Walker","floor":36.0,"turns":3.0},{"damage":31,"enemies":"2 Orb Walkers","floor":38,"turns":3}],"seed_played":"-1611623695578131014","potions_obtained":[{"floor":1.0,"key":"DistilledChaos"},{"floor":12.0,"key":"SteroidPotion"},{"floor":14.0,"key":"SteroidPotion"},{"floor":22.0,"key":"AttackPotion"},{"floor":31.0,"key":"AttackPotion"},{"floor":35.0,"key":"Poison Potion"},{"floor":36.0,"key":"Weak Potion"}],"is_trial":false,"path_per_floor":["M","?","?","?","M","E","R","E","T","?","R","M","R","M","R","B",null,"M","?","M","$","?","E","R","M","T","M","$","?","M","M","R","B",null,"M","M","$","?"],"character_chosen":"THE_SILENT","items_purchased":["Riddle With Holes","Medical Kit","Well Laid Plans","Footwork","Pantograph"],"campfire_rested":2,"item_purchase_floors":[21,28,28,28,37],"current_hp_per_floor":[59,59,59,64,64,64,64,30,30,29,29,29,29,29,29,7,51,51,51,45,45,45,33,52,32,32,32,32,32,20,15,34,10,51,28,28,28,0,0],"gold":36,"neow_bonus":"THREE_ENEMY_KILL","is_daily":false,"chose_seed":false,"campfire_upgraded":4,"win_rate":0.0,"timestamp":1608103976,"path_taken":["M","?","?","?","?","E","R","E","T","?","R","M","R","M","R","BOSS","M","?","?","$","?","E","R","M","T","M","$","?","?","M","R","BOSS","M","M","$","?"],"items_purchased_type":["Card","Relic","Card","Card","Relic"],"build_version":"2020-12-13","purchased_purges":2,"victory":false,"max_hp_per_floor":[66,66,60,65,65,65,65,65,65,65,65,65,65,65,65,65,65,65,65,65,65,65,65,65,65,65,65,65,65,65,65,65,65,65,65,65,65,65,65],"card_choices":[{"not_picked":["Choke","Deflect"],"picked":"Blade Dance","floor":1.0},{"not_picked":["Outmaneuver","Setup"],"picked":"Dagger Spray","floor":5.0},{"not_picked":["Doppelganger","Outmaneuver"],"picked":"Flying Knee","floor":6.0},{"not_picked":["Tactician","Distraction"],"picked":"Footwork","floor":8.0},{"not_picked":["Underhanded Strike","Catalyst"],"picked":"Infinite Blades","floor":10.0},{"not_picked":["Acrobatics","Setup"],"picked":"Terror","floor":12.0},{"not_picked":["Endless Agony","Bouncing Flask"],"picked":"Dagger Spray","floor":14.0},{"not_picked":["Night Terror","A Thousand Cuts"],"picked":"Phantasmal Killer","floor":16.0},{"not_picked":["Poisoned Stab","Sucker Punch"],"picked":"Cloak And Dagger","floor":18.0},{"not_picked":["Cloak And Dagger","Backflip"],"picked":"PiercingWail","floor":20.0},{"not_picked":["Grand Finale","Poisoned Stab"],"picked":"All Out Attack","floor":22.0},{"not_picked":["Expertise+1","Slice"],"picked":"Skewer","floor":23.0},{"not_picked":["Dodge and Roll","Flechettes"],"picked":"Backflip+1","floor":25.0},{"not_picked":["Poisoned Stab","Flying Knee"],"picked":"Crippling Poison","floor":27.0},{"not_picked":["Bane","Expertise+1","Dagger Spray"],"picked":"SKIP","floor":30.0},{"not_picked":["Flying Knee","Prepared"],"picked":"Venomology","floor":31.0},{"not_picked":["Die Die Die","Storm of Steel"],"picked":"Adrenaline","floor":33.0},{"not_picked":["Riddle With Holes","Bane","Backflip"],"picked":"SKIP","floor":35.0},{"not_picked":["Deadly Poison","Distraction+1","Poisoned Stab+1"],"picked":"SKIP","floor":36.0}],"player_experience":5171751,"relics_obtained":[{"floor":6.0,"key":"The Courier"},{"floor":8.0,"key":"Ninja Scroll"},{"floor":9.0,"key":"Shuriken"},{"floor":10.0,"key":"Odd Mushroom"},{"floor":22.0,"key":"Red Mask"},{"floor":23.0,"key":"Ice Cream"},{"floor":26.0,"key":"Oddly Smooth Stone"}],"event_choices":[{"cards_removed":["Defend_G"],"damage_healed":0.0,"max_hp_gain":0.0,"max_hp_loss":0.0,"gold_gain":0.0,"event_name":"Living Wall","player_choice":"Forget","floor":2.0,"gold_loss":0.0,"damage_taken":0.0},{"damage_healed":0.0,"max_hp_gain":0.0,"max_hp_loss":6.0,"gold_gain":0.0,"event_name":"Golden Idol","player_choice":"Lose Max HP","floor":3.0,"gold_loss":0.0,"damage_taken":0.0,"relics_obtained":["Golden Idol"]},{"damage_healed":0.0,"max_hp_gain":5.0,"max_hp_loss":0.0,"gold_gain":0.0,"event_name":"Big Fish","player_choice":"Donut","floor":4.0,"gold_loss":0.0,"damage_taken":0.0},{"damage_healed":0.0,"max_hp_gain":0.0,"max_hp_loss":0.0,"gold_gain":0.0,"event_name":"Mushrooms","player_choice":"Fought Mushrooms","floor":10.0,"gold_loss":0.0,"damage_taken":0.0},{"cards_removed":["Strike_G"],"damage_healed":0.0,"max_hp_gain":0.0,"max_hp_loss":0.0,"gold_gain":0.0,"event_name":"Bonfire Elementals","player_choice":"Offered Basic","floor":19.0,"gold_loss":0.0,"damage_taken":0.0},{"damage_healed":0.0,"max_hp_gain":0.0,"max_hp_loss":0.0,"gold_gain":0.0,"event_name":"Masked Bandits","player_choice":"Fought Bandits","floor":22.0,"gold_loss":0.0,"damage_taken":0.0},{"damage_healed":0.0,"max_hp_gain":0.0,"max_hp_loss":0.0,"gold_gain":0.0,"event_name":"Duplicator","player_choice":"Copied","floor":29.0,"gold_loss":0.0,"damage_taken":0.0,"cards_obtained":["Footwork"]},{"damage_healed":0,"gold_gain":0,"player_choice":"Fight","damage_taken":0,"max_hp_gain":0,"max_hp_loss":0,"event_name":"Mysterious Sphere","floor":38,"gold_loss":0}],"is_beta":false,"boss_relics":[{"not_picked":["Coffee Dripper","Velvet Choker"],"picked":"SlaversCollar"},{"not_picked":["Runic Dome","Pandora\u0027s Box"],"picked":"SacredBark"}],"items_purged_floors":[21,28],"is_endless":false,"potions_floor_spawned":[1,12,14,20,22,31,33,35,36],"killed_by":"2 Orb Walkers","ascension_level":20}}