{"host":"b6iqmq74l2bwzb3l","time":1608142987,"event":{"mods":["Astrologer","BaseMod","Colored Map","Colored Powertips","Googly Eyes","MarisaÅiñ∂âJÅ@ñÇóùçπÅj","Minty Spire (QoL Compilation)","Quick Restart","StSLib","The Cursed"],"gold_per_floor":[117,117,82,32,42,42,77,77,77,77,91,91,109,144,144,248,248,264,264,139,154,79,79,124,124,147,161,178,193,193,213,213,316,316,327,354,364,2,2,2,12,12,12,12,12,12],"floor_reached":45,"playtime":913,"items_purged":["Strike_G","Strike_G"],"score":495,"play_id":"bb0295f8-c0ef-4dff-8028-42e835669c05","local_time":"20201217032307","is_ascension_mode":true,"campfire_choices":[{"data":"Noxious Fumes","floor":6,"key":"SMITH"},{"data":"Catalyst","floor":8,"key":"SMITH"},{"data":"Neutralize","floor":10,"key":"SMITH"},{"data":"Poisoned Stab","floor":15,"key":"SMITH"},{"data":"Tools of the Trade","floor":23,"key":"SMITH"},{"data":"Poisoned Stab","floor":25,"key":"SMITH"},{"floor":30,"key":"REST"},{"floor":32,"key":"REST"},{"floor":40,"key":"REST"},{"floor":42,"key":"REST"},{"floor":44,"key":"REST"}],"circlet_count":0,"master_deck":["Defend_G","Defend_G","Defend_G","Defend_G","Defend_G","Survivor","Neutralize+1","Noxious Fumes+1","Catalyst+1","Poisoned Stab+1","Tools of the Trade+1","Poisoned Stab+1","Bouncing Flask"],"relics":["Ring of the Serpent","NeowsBlessing","Tiny Chest","Letter Opener","Art of War","Centennial Puzzle","Bronze Scales","Omamori","SacredBark","PreservedInsect","White Beast Statue","Pantograph"],"acts_visited":["Exordium","TheCity","TheBeyond"],"potions_floor_usage":[14,16,33,33,33],"damage_taken":[{"damage":0,"enemies":"Small Slimes","floor":1,"turns":1},{"damage":0,"enemies":"2 Louse","floor":5,"turns":1},{"damage":0,"enemies":"Gremlin Nob","floor":7,"turns":1},{"damage":3,"enemies":"Jaw Worm","floor":11,"turns":5},{"damage":7,"enemies":"Exordium Thugs","floor":13,"turns":5},{"damage":14,"enemies":"3 Sentries","floor":14,"turns":6},{"damage":17,"enemies":"Slime Boss","floor":16,"turns":7},{"damage":0,"enemies":"Chosen","floor":18,"turns":6},{"damage":10,"enemies":"3 Byrds","floor":21,"turns":5},{"damage":4,"enemies":"Cultist and Chosen","floor":27,"turns":4},{"damage":5,"enemies":"Snecko","floor":28,"turns":4},{"damage":12,"enemies":"Snake Plant","floor":29,"turns":4},{"damage":15,"enemies":"Shelled Parasite and Fungi","floor":31,"turns":4},{"damage":34,"enemies":"Champ","floor":33,"turns":6},{"damage":9,"enemies":"Orb Walker","floor":35,"turns":3},{"damage":42,"enemies":"3 Shapes","floor":37,"turns":4},{"damage":19,"enemies":"Writhing Mass","floor":41,"turns":5},{"damage":6,"enemies":"Jaw Worm Horde","floor":45,"turns":2}],"seed_played":"7499525917971922938","potions_obtained":[{"floor":1,"key":"Dexterity Potion"},{"floor":5,"key":"Energy Potion"},{"floor":7,"key":"Dexterity Potion"},{"floor":13,"key":"PowerPotion"},{"floor":16,"key":"AttackPotion"},{"floor":21,"key":"SmokeBomb"},{"floor":27,"key":"AttackPotion"},{"floor":33,"key":"Ancient Potion"},{"floor":41,"key":"Weak Potion"}],"is_trial":false,"path_per_floor":["M","?","$","?","M","R","E","R","T","R","M","T","M","E","R","B",null,"M","?","$","M","$","R","T","R","T","M","M","M","R","M","R","B",null,"M","T","M","$","?","R","M","R","T","R","M"],"character_chosen":"THE_SILENT","items_purchased":["Noxious Fumes","Poisoned Stab","Bouncing Flask","White Beast Statue"],"campfire_rested":5,"item_purchase_floors":[3,20,20,38],"current_hp_per_floor":[70,63,63,63,63,63,63,63,63,63,60,60,53,39,39,22,70,70,70,70,60,60,60,60,60,60,56,51,39,60,45,66,32,70,61,61,19,19,19,38,19,38,38,57,51,51],"gold":12,"neow_bonus":"THREE_ENEMY_KILL","is_daily":false,"chose_seed":false,"campfire_upgraded":6,"win_rate":0.0,"timestamp":1608142987,"path_taken":["M","?","$","?","M","R","E","R","T","R","M","?","M","E","R","BOSS","M","?","$","M","$","R","?","R","T","M","M","M","R","M","R","BOSS","M","?","M","$","?","R","M","R","T","R","M"],"items_purchased_type":["Card","Card","Card","Relic"],"build_version":"2020-12-13","purchased_purges":2,"victory":false,"max_hp_per_floor":[70,70,70,70,70,70,70,70,70,70,70,70,70,70,70,70,70,70,70,70,70,70,70,70,70,70,70,70,70,70,70,70,70,70,70,70,70,70,66,66,66,66,66,66,66,66],"card_choices":[{"not_picked":["Calculated Gamble","Dagger Throw","Quick Slash"],"picked":"SKIP","floor":1},{"not_picked":["Predator","Flying Knee","Bullet Time"],"picked":"SKIP","floor":5},{"not_picked":["Flying Knee","Skewer"],"picked":"Catalyst","floor":7},{"not_picked":["Deflect","Acrobatics"],"picked":"Poisoned Stab","floor":11},{"not_picked":["Sucker Punch","Well Laid Plans","Backstab"],"picked":"SKIP","floor":13},{"not_picked":["Backflip","Blade Dance","Quick Slash"],"picked":"SKIP","floor":14},{"not_picked":["Venomology","Night Terror"],"picked":"Tools of the Trade","floor":16},{"not_picked":["Slice+1","PiercingWail+1","Setup"],"picked":"SKIP","floor":18},{"not_picked":["Deflect","Backflip","PiercingWail+1"],"picked":"SKIP","floor":21},{"not_picked":["All Out Attack","Concentrate","Predator"],"picked":"SKIP","floor":27},{"not_picked":["Endless Agony+1","Outmaneuver","Accuracy"],"picked":"SKIP","floor":28},{"not_picked":["Prepared","Deflect","Escape Plan"],"picked":"SKIP","floor":29},{"not_picked":["Sucker Punch+1","Blade Dance+1","Outmaneuver"],"picked":"SKIP","floor":31},{"not_picked":["Expertise","Choke","Deflect+1"],"picked":"SKIP","floor":35},{"not_picked":["Dash","Cloak And Dagger+1","Catalyst"],"picked":"SKIP","floor":37},{"not_picked":["Underhanded Strike+1","Dodge and Roll+1","Unload"],"picked":"SKIP","floor":41}],"player_experience":314070,"relics_obtained":[{"floor":7,"key":"Tiny Chest"},{"floor":9,"key":"Letter Opener"},{"floor":12,"key":"Art of War"},{"floor":14,"key":"Centennial Puzzle"},{"floor":24,"key":"Bronze Scales"},{"floor":26,"key":"Omamori"},{"floor":36,"key":"PreservedInsect"},{"floor":43,"key":"Pantograph"}],"event_choices":[{"cards_removed":["Strike_G"],"damage_healed":0,"gold_gain":0,"player_choice":"Card Removal","damage_taken":7,"max_hp_gain":0,"max_hp_loss":0,"event_name":"Golden Wing","floor":2,"gold_loss":0},{"cards_removed":["Strike_G"],"damage_healed":0,"gold_gain":0,"player_choice":"Card Removal","damage_taken":0,"max_hp_gain":0,"max_hp_loss":0,"event_name":"The Cleric","floor":4,"gold_loss":50},{"cards_removed":["Strike_G"],"damage_healed":0,"gold_gain":0,"player_choice":"Elegance","damage_taken":0,"max_hp_gain":0,"max_hp_loss":0,"event_name":"Back to Basics","floor":19,"gold_loss":0},{"damage_healed":0,"gold_gain":0,"player_choice":"Max HP","damage_taken":0,"max_hp_gain":0,"max_hp_loss":4,"event_name":"Winding Halls","floor":39,"gold_loss":0}],"is_beta":false,"boss_relics":[{"not_picked":["Pandora\u0027s Box","Calling Bell"],"picked":"Ring of the Serpent"},{"not_picked":["Black Star","Snecko Eye"],"picked":"SacredBark"}],"items_purged_floors":[22,38],"is_endless":false,"potions_floor_spawned":[1,5,7,13,16,21,27,33,41],"killed_by":"Jaw Worm Horde","ascension_level":1}}