{"host":"hjw1ay65n7jm40lc","time":1608081750,"event":{"mods":["AchievementEnabler","BaseMod","Colored Map","Colored Powertips","Googly Eyes","Highlight Path","Minty Spire (QoL Compilation)","Quick Restart","Relic Stats"],"gold_per_floor":[118,134,30,105,122,147,147,177,230,230,31,57,89,89,89,193,193,205,220,220,237,237,237,269,269,269,269,301,301,321,22,22,126,126,139,157,210,227,227,227,240,240,266,278,310,324,335,364,364,364,364,364,10,36,36],"floor_reached":56,"playtime":6731,"items_purged":[],"score":1845,"play_id":"1f38b9d8-e818-46d8-b2e4-b2ec64921f97","local_time":"20201215202230","is_ascension_mode":true,"campfire_choices":[{"data":"Eviscerate","floor":7,"key":"SMITH"},{"data":"Footwork","floor":10,"key":"SMITH"},{"data":"Noxious Fumes","floor":15,"key":"SMITH"},{"data":"Ghostly","floor":23,"key":"SMITH"},{"data":"Ghostly","floor":25,"key":"SMITH"},{"data":"Wraith Form v2","floor":27,"key":"SMITH"},{"data":"Burst","floor":32,"key":"SMITH"},{"floor":40,"key":"RECALL"}],"circlet_count":0,"master_deck":["Survivor+1","Neutralize+1","Backflip+1","Footwork+1","Dagger Spray+1","Eviscerate+1","Skewer+1","Corpse Explosion+1","Caltrops+1","Noxious Fumes+1","Wraith Form v2+1","Wraith Form v2+1","Endless Agony+1","Backstab+1","Backflip+1","Escape Plan+1","Outmaneuver+1","Malaise+1","Tools of the Trade+1","Leg Sweep+1","Prepared+1","Dodge and Roll+1","Dagger Throw+1","Tactician+1","Ghostly+1","Ghostly+1","Ghostly+1","Ghostly+1","Ghostly+1","Burst+1","Envenom+1","Terror+1","Eviscerate+1","Backflip+1"],"relics":["Coffee Dripper","Mummified Hand","Blood Vial","Odd Mushroom","Turnip","NlothsMask","Pandora\u0027s Box","Pen Nib","Snake Skull","OrangePellets","Toy Ornithopter","SacredBark","TungstenRod","Mark of the Bloom","Strawberry","PreservedInsect","Oddly Smooth Stone","TwistedFunnel","Bag of Preparation","Kunai"],"acts_visited":["Exordium","TheCity","TheBeyond","TheEnding"],"potions_floor_usage":[6,8,8,13,24,33,37,50,55,55],"damage_taken":[{"damage":0.0,"enemies":"2 Louse","floor":1.0,"turns":3.0},{"damage":0.0,"enemies":"Small Slimes","floor":2.0,"turns":4.0},{"damage":0.0,"enemies":"Cultist","floor":5.0,"turns":4.0},{"damage":14,"enemies":"Gremlin Nob","floor":6,"turns":4},{"damage":0,"enemies":"Lagavulin","floor":8,"turns":7},{"damage":0,"enemies":"The Mushroom Lair","floor":12,"turns":2},{"damage":10,"enemies":"3 Sentries","floor":13,"turns":4},{"damage":12,"enemies":"The Guardian","floor":16,"turns":11},{"damage":7,"enemies":"3 Byrds","floor":18,"turns":3},{"damage":5,"enemies":"Chosen","floor":19,"turns":5},{"damage":0,"enemies":"3 Cultists","floor":21,"turns":3},{"damage":1,"enemies":"Book of Stabbing","floor":24,"turns":5},{"damage":3,"enemies":"Gremlin Leader","floor":28,"turns":7},{"damage":9,"enemies":"Centurion and Healer","floor":30,"turns":5},{"damage":2,"enemies":"Champ","floor":33,"turns":12},{"damage":1,"enemies":"3 Shapes","floor":35,"turns":6},{"damage":4,"enemies":"Orb Walker","floor":36,"turns":6},{"damage":2,"enemies":"2 Orb Walkers","floor":37,"turns":5},{"damage":0,"enemies":"Jaw Worm Horde","floor":38,"turns":5},{"damage":0,"enemies":"Maw","floor":41,"turns":6},{"damage":0,"enemies":"3 Darklings","floor":44,"turns":1},{"damage":0,"enemies":"Giant Head","floor":45,"turns":7},{"damage":0,"enemies":"4 Shapes","floor":46,"turns":4},{"damage":0,"enemies":"Sphere and 2 Shapes","floor":47,"turns":4},{"damage":0,"enemies":"Reptomancer","floor":48,"turns":3},{"damage":0,"enemies":"Time Eater","floor":50,"turns":7},{"damage":0,"enemies":"Shield and Spear","floor":54,"turns":5},{"damage":0,"enemies":"The Heart","floor":55,"turns":7}],"seed_played":"-3606415136730969919","potions_obtained":[{"floor":2.0,"key":"SmokeBomb"},{"floor":5.0,"key":"BlessingOfTheForge"},{"floor":8,"key":"AttackPotion"},{"floor":24,"key":"SpeedPotion"},{"floor":28,"key":"Energy Potion"},{"floor":33,"key":"EssenceOfSteel"},{"floor":35,"key":"Explosive Potion"},{"floor":41,"key":"Poison Potion"}],"is_trial":false,"path_per_floor":["M","M","$","?","M","E","R","E","T","R","$","?","E","?","R","B",null,"M","M","?","M","?","R","E","R","T","R","E","?","M","$","R","B",null,"M","M","?","M","?","R","M","$","T","M","E","M","M","E","R","B",null,"R","$","E","B",null],"character_chosen":"THE_SILENT","items_purchased":["BlessingOfTheForge","Swift Potion","Corpse Explosion","SteroidPotion","LiquidMemories","OrangePellets","Toy Ornithopter","TwistedFunnel","Bag of Preparation","PowerPotion"],"campfire_rested":0,"item_purchase_floors":[3,3,11,11,11,31,31,53,53,53],"current_hp_per_floor":[63,63,63,52,52,38,38,38,38,38,38,40,32,32,32,22,58,53,50,50,52,35,35,34,34,34,34,32,32,25,25,25,30,34,34,31,35,35,35,35,35,35,35,35,35,35,35,35,35,35,35,35,35,35,35],"gold":36,"neow_bonus":"BOSS_RELIC","is_daily":false,"chose_seed":false,"campfire_upgraded":7,"win_rate":0.0,"timestamp":1608081750,"path_taken":["M","M","$","?","M","E","R","E","T","R","$","?","E","?","R","BOSS","M","?","?","?","?","R","E","R","T","R","E","?","M","?","R","BOSS","M","?","?","M","?","R","M","?","T","?","E","M","M","E","R","BOSS","R","$","E","BOSS"],"items_purchased_type":["Potion","Potion","Card","Potion","Potion","Relic","Relic","Relic","Relic","Potion"],"build_version":"2020-12-13","purchased_purges":0,"victory":true,"max_hp_per_floor":[70,70,70,70,70,70,70,70,70,70,70,70,70,70,70,70,70,70,70,70,70,35,35,35,35,35,35,35,35,35,35,35,35,35,35,35,35,35,35,35,35,35,42,42,42,42,42,42,42,42,42,42,42,42,42],"relic_stats":{"Mark of the Bloom":45,"counters":[28,145],"Pen Nib":[14],"Snake Skull":[163],"PreservedInsect":128,"Bag of Preparation":[4],"Blood Vial":21,"OrangePellets":[27],"Mummified Hand":[124],"Pandora\u0027s Box":["Wraith Form v2","Endless Agony","Setup","Backstab","Backflip","Escape Plan","Outmaneuver","Malaise","Tools of the Trade","Leg Sweep"],"Turnip":[11],"Kunai":[2],"obtain_stats":[{"TwistedFunnel":53,"Mark of the Bloom":39,"SacredBark":34,"Oddly Smooth Stone":48,"Pen Nib":24,"Snake Skull":28,"PreservedInsect":45,"Bag of Preparation":53,"Odd Mushroom":12,"Blood Vial":8,"OrangePellets":31,"Mummified Hand":6,"Strawberry":43,"Pandora\u0027s Box":17,"Turnip":13,"Coffee Dripper":0,"Kunai":54,"Toy Ornithopter":31,"TungstenRod":37,"Ring of the Snake":0,"NlothsMask":14},{"TwistedFunnel":26,"Mark of the Bloom":19,"SacredBark":15,"Oddly Smooth Stone":25,"Pen Nib":12,"Snake Skull":13,"PreservedInsect":22,"Bag of Preparation":26,"Odd Mushroom":6,"Blood Vial":5,"OrangePellets":14,"Mummified Hand":4,"Strawberry":20,"Pandora\u0027s Box":8,"Turnip":7,"Coffee Dripper":0,"Kunai":27,"Toy Ornithopter":14,"TungstenRod":18,"Ring of the Snake":0,"NlothsMask":7},{"TwistedFunnel":133,"Mark of the Bloom":101,"SacredBark":79,"Oddly Smooth Stone":126,"Pen Nib":55,"Snake Skull":62,"PreservedInsect":115,"Bag of Preparation":133,"Odd Mushroom":24,"Blood Vial":22,"OrangePellets":67,"Mummified Hand":15,"Strawberry":107,"Pandora\u0027s Box":39,"Turnip":28,"Coffee Dripper":0,"Kunai":138,"Toy Ornithopter":67,"TungstenRod":96,"Ring of the Snake":0,"NlothsMask":28}],"Toy Ornithopter":9,"TungstenRod":38},"card_choices":[{"not_picked":["Deflect","Endless Agony"],"picked":"Backflip","floor":1.0},{"not_picked":["Choke","Flying Knee"],"picked":"Footwork","floor":2.0},{"not_picked":["Distraction","Deadly Poison"],"picked":"Dagger Spray","floor":5.0},{"not_picked":["Well Laid Plans","Tactician"],"picked":"Eviscerate","floor":6},{"not_picked":["Deflect","Heel Hook"],"picked":"Skewer","floor":8},{"not_picked":["Escape Plan","Blur"],"picked":"Caltrops","floor":12},{"not_picked":["Backflip","Deadly Poison"],"picked":"Noxious Fumes","floor":13},{"not_picked":["Night Terror","Venomology"],"picked":"Wraith Form v2","floor":16},{"not_picked":["Footwork","Sucker Punch"],"picked":"Prepared+1","floor":18},{"not_picked":["Deflect","Accuracy"],"picked":"Dodge and Roll","floor":19},{"not_picked":["Quick Slash","Riddle With Holes"],"picked":"Tactician","floor":21},{"not_picked":["Sucker Punch+1","Finisher","Dagger Spray+1"],"picked":"SKIP","floor":24},{"not_picked":["Crippling Poison+1","Catalyst+1"],"picked":"Burst","floor":28},{"not_picked":["Acrobatics","Dagger Spray","Finisher+1"],"picked":"SKIP","floor":30},{"not_picked":["Doppelganger","Wraith Form v2"],"picked":"Envenom","floor":33},{"not_picked":["Prepared","Bane"],"picked":"Terror+1","floor":35},{"not_picked":["Bane+1","Deadly Poison"],"picked":"Eviscerate","floor":36},{"not_picked":["Well Laid Plans","Bane+1","Flying Knee"],"picked":"SKIP","floor":38},{"not_picked":["Corpse Explosion","Slice+1","Outmaneuver+1"],"picked":"SKIP","floor":41},{"not_picked":["Outmaneuver+1","Poisoned Stab"],"picked":"Backflip+1","floor":44},{"not_picked":["Endless Agony","Leg Sweep+1","Escape Plan+1"],"picked":"SKIP","floor":45},{"not_picked":["Heel Hook","Accuracy+1","Slice"],"picked":"SKIP","floor":46},{"not_picked":["Choke+1","PiercingWail+1","Sucker Punch"],"picked":"SKIP","floor":47},{"not_picked":["Deflect","Choke","Escape Plan+1"],"picked":"SKIP","floor":48},{"not_picked":["Prepared","Malaise","Blur+1"],"picked":"SKIP","floor":54}],"player_experience":248455,"relics_obtained":[{"floor":6,"key":"Mummified Hand"},{"floor":8,"key":"Blood Vial"},{"floor":12,"key":"Odd Mushroom"},{"floor":13,"key":"Turnip"},{"floor":24,"key":"Pen Nib"},{"floor":28,"key":"Snake Skull"},{"floor":37,"key":"TungstenRod"},{"floor":43,"key":"Strawberry"},{"floor":45,"key":"PreservedInsect"},{"floor":48,"key":"Oddly Smooth Stone"},{"floor":54,"key":"Kunai"}],"event_choices":[{"damage_healed":0.0,"max_hp_gain":0.0,"max_hp_loss":0.0,"gold_gain":75.0,"event_name":"World of Goop","player_choice":"Gather Gold","floor":4.0,"gold_loss":0.0,"damage_taken":11.0},{"damage_healed":0,"gold_gain":0,"player_choice":"Fought Mushrooms","damage_taken":0,"max_hp_gain":0,"max_hp_loss":0,"event_name":"Mushrooms","floor":12,"gold_loss":0},{"damage_healed":0,"gold_gain":0,"player_choice":"Trade","damage_taken":0,"relics_obtained":["NlothsMask"],"max_hp_gain":0,"max_hp_loss":0,"event_name":"FaceTrader","floor":14,"gold_loss":0},{"damage_healed":0,"gold_gain":0,"cards_transformed":["Setup"],"player_choice":"Transformed","damage_taken":0,"max_hp_gain":0,"max_hp_loss":0,"event_name":"Transmorgrifier","floor":20,"gold_loss":0,"cards_obtained":["Dagger Throw"]},{"damage_healed":0,"gold_gain":0,"player_choice":"Became a Ghost","damage_taken":0,"max_hp_gain":0,"max_hp_loss":35,"event_name":"Ghosts","floor":22,"gold_loss":0,"cards_obtained":["Ghostly","Ghostly","Ghostly","Ghostly","Ghostly"]},{"damage_healed":0,"gold_gain":0,"player_choice":"Ignored","damage_taken":0,"max_hp_gain":0,"max_hp_loss":0,"event_name":"Vampires","floor":29,"gold_loss":0},{"damage_healed":0,"gold_gain":0,"player_choice":"Fight","damage_taken":0,"max_hp_gain":0,"max_hp_loss":0,"event_name":"Mysterious Sphere","floor":37,"gold_loss":0},{"damage_healed":0,"gold_gain":0,"player_choice":"Upgrade","damage_taken":0,"relics_obtained":["Mark of the Bloom"],"max_hp_gain":0,"max_hp_loss":0,"event_name":"MindBloom","floor":39,"gold_loss":0,"cards_upgraded":["Survivor","Neutralize","Backflip","Dagger Spray","Skewer","Corpse Explosion","Caltrops","Wraith Form v2","Endless Agony","Backstab","Backflip","Escape Plan","Outmaneuver","Malaise","Tools of the Trade","Leg Sweep","Dodge and Roll","Dagger Throw","Tactician","Ghostly","Ghostly","Ghostly","Envenom","Eviscerate"]}],"is_beta":false,"boss_relics":[{"not_picked":["Empty Cage","Tiny House"],"picked":"Pandora\u0027s Box"},{"not_picked":["Runic Pyramid","SlaversCollar"],"picked":"SacredBark"}],"items_purged_floors":[],"is_endless":false,"potions_floor_spawned":[2,5,8,24,28,33,35,41,44,46,47],"ascension_level":7}}