{"host":"cr9rpoy6dx9riis3","time":1608079097,"event":{"mods":["AchievementEnabler","BaseMod","Better Altar","Better Note","Better Sensory Stone","Better Skull","Better Third Choice","Better-Laid Plans","BetterRewards","Block Reminder","Curses Come First","Displayed Cursed Tome","Emptier Cage","Marked Mod","Minty Spire (QoL Compilation)","Permanent Neow","Relic Sorter","StSLib","The Blue Laboratory","Transform Curses"],"gold_per_floor":[117,132,142,152,163,163,179,179,179,39,58,58,58,68,68,172,172,192,192,206,206,231,231,231,231],"floor_reached":24,"playtime":819,"items_purged":["Bash","Strike_R"],"score":334,"play_id":"76e6ca99-7f48-414b-ba58-22e88ae2b28a","local_time":"20201216013817","is_ascension_mode":true,"campfire_choices":[{"data":"Ghostly Armor","floor":6,"key":"SMITH"},{"data":"Bludgeon","floor":8,"key":"SMITH"},{"data":"Rampage","floor":15,"key":"SMITH"},{"floor":23,"key":"REST"}],"circlet_count":0,"master_deck":["Strike_R","Strike_R","Strike_R","Strike_R","Defend_R","Defend_R","Defend_R","Defend_R","Bludgeon+1","Ghostly Armor+1","Reckless Charge","Brutality","Carnage","Rampage+1","Demon Form","Rupture","Rampage+1","Rampage","Uppercut"],"relics":["Burning Blood","Philosopher\u0027s Stone","ClockworkSouvenir"],"acts_visited":["Exordium","TheCity"],"potions_floor_usage":[14,16,16,22],"damage_taken":[{"damage":4,"enemies":"2 Louse","floor":1,"turns":3},{"damage":7,"enemies":"Jaw Worm","floor":2,"turns":3},{"damage":0,"enemies":"Small Slimes","floor":3,"turns":2},{"damage":2,"enemies":"2 Fungi Beasts","floor":4,"turns":4},{"damage":0,"enemies":"Exordium Wildlife","floor":5,"turns":3},{"damage":10,"enemies":"3 Louse","floor":7,"turns":4},{"damage":1,"enemies":"2 Fungi Beasts","floor":11,"turns":2},{"damage":13,"enemies":"Lots of Slimes","floor":14,"turns":5},{"damage":44,"enemies":"Hexaghost","floor":16,"turns":11},{"damage":36,"enemies":"Shell Parasite","floor":18,"turns":6},{"damage":28,"enemies":"Spheric Guardian","floor":20,"turns":4},{"damage":32,"enemies":"Masked Bandits","floor":22,"turns":4},{"damage":34,"enemies":"Snecko","floor":24,"turns":3}],"seed_played":"-4257622261498820723","potions_obtained":[{"floor":2,"key":"blueLaboratory:BottleOfVodka"},{"floor":4,"key":"EssenceOfSteel"},{"floor":18,"key":"SkillPotion"}],"is_trial":false,"path_per_floor":["M","M","M","M","M","R","M","R","T","$","M","?","?","M","R","B",null,"M","?","M","?","?","R","M"],"character_chosen":"IRONCLAD","items_purchased":["ClockworkSouvenir","Bludgeon","blueLaboratory:FrostheartPotion","Carnage"],"campfire_rested":1,"item_purchase_floors":[0,0,0,10],"current_hp_per_floor":[65,64,70,74,80,80,76,76,76,76,80,60,65,58,58,20,85,55,55,33,33,7,32,0,0],"gold":231,"neow_bonus":"","is_daily":false,"chose_seed":false,"campfire_upgraded":3,"win_rate":0.0,"timestamp":1608079097,"path_taken":["M","M","M","M","M","R","M","R","T","$","M","?","?","M","R","BOSS","M","?","M","?","?","R","M"],"items_purchased_type":["Relic","Card","Potion","Card"],"build_version":"2020-12-13","purchased_purges":2,"victory":false,"max_hp_per_floor":[80,80,80,80,80,80,80,80,80,80,80,80,85,85,85,85,85,85,85,85,85,85,85,85,85],"card_choices":[{"not_picked":["Cleave","Headbutt","Bloodletting"],"picked":"SKIP","floor":1},{"not_picked":["Reckless Charge","Havoc"],"picked":"Ghostly Armor","floor":2},{"not_picked":["Warcry","Rage","Havoc"],"picked":"SKIP","floor":3},{"not_picked":["Headbutt","Clash","Armaments"],"picked":"SKIP","floor":4},{"not_picked":["Wild Strike","Warcry"],"picked":"Reckless Charge","floor":5},{"not_picked":["Havoc","Sword Boomerang"],"picked":"Brutality","floor":7},{"not_picked":["Sword Boomerang","Pommel Strike","Heavy Blade"],"picked":"SKIP","floor":11},{"not_picked":["Warcry","Metallicize"],"picked":"Rampage","floor":14},{"not_picked":["Juggernaut","Exhume"],"picked":"Demon Form","floor":16},{"not_picked":["True Grit","Flex"],"picked":"Rupture","floor":18},{"not_picked":["Whirlwind","Havoc"],"picked":"Rampage","floor":20},{"not_picked":["Clothesline","Heavy Blade"],"picked":"Uppercut","floor":22}],"player_experience":712689,"relics_obtained":[],"event_choices":[{"damage_healed":0,"gold_gain":1,"player_choice":"Card ","damage_taken":20,"max_hp_gain":0,"max_hp_loss":0,"event_name":"betterThird:BetterScrap","floor":12,"gold_loss":0,"cards_obtained":["ForeignInfluence","Doppelganger"]},{"damage_healed":0,"gold_gain":0,"player_choice":"Donut","damage_taken":0,"max_hp_gain":5,"max_hp_loss":0,"event_name":"Big Fish","floor":13,"gold_loss":0},{"cards_removed":["Bludgeon"],"damage_healed":0,"gold_gain":0,"player_choice":"Take \u0026 Give","damage_taken":0,"max_hp_gain":0,"max_hp_loss":0,"event_name":"betterNote:BetterNote","floor":19,"gold_loss":0,"cards_obtained":["Rampage"]},{"damage_healed":0,"gold_gain":0,"player_choice":"Ignored","damage_taken":0,"max_hp_gain":0,"max_hp_loss":0,"event_name":"The Mausoleum","floor":21,"gold_loss":0},{"damage_healed":0,"gold_gain":0,"player_choice":"Fought Bandits","damage_taken":0,"max_hp_gain":0,"max_hp_loss":0,"event_name":"Masked Bandits","floor":22,"gold_loss":0}],"is_beta":false,"boss_relics":[{"not_picked":["Snecko Eye","Runic Pyramid"],"picked":"Philosopher\u0027s Stone"}],"items_purged_floors":[0,10],"is_endless":false,"potions_floor_spawned":[2,4,7,18],"killed_by":"Snecko","ascension_level":3}}