{"host":"b6iqmq74l2bwzb3l","time":1608105761,"event":{"mods":["Astrologer","BaseMod","Colored Map","Colored Powertips","Googly Eyes","HololiveMod","MarisaÅiñ∂âJÅ@ñÇóùçπÅj","Minty Spire (QoL Compilation)","Quick Restart","StSLib","The Cursed"],"gold_per_floor":[214,224,224,299,299,299,224,235,261,272,282,282,296,313,313,417,417,417,417],"floor_reached":18,"playtime":410,"items_purged":["astrologer:Defend"],"score":154,"play_id":"c538e673-f691-4f3f-8c35-a488af95397c","local_time":"20201216170241","is_ascension_mode":false,"campfire_choices":[{"data":"astrologer:ShootingStar","floor":6.0,"key":"SMITH"},{"data":"astrologer:Fireball","floor":12.0,"key":"SMITH"},{"data":"astrologer:Radiance","floor":15.0,"key":"SMITH"}],"circlet_count":0,"master_deck":["astrologer:Strike","astrologer:Strike","astrologer:Defend","astrologer:Defend","astrologer:Defend","astrologer:NorthStar","astrologer:TheFool","astrologer:Radiance+1","astrologer:ShootingStar+1","astrologer:Fireball+1"],"relics":["astrologer:SkyMirror","Lantern","Hololive_ChaosS"],"acts_visited":["Exordium","TheCity"],"potions_floor_usage":[],"damage_taken":[{"damage":0.0,"enemies":"2 Louse","floor":1.0,"turns":2.0},{"damage":1.0,"enemies":"Cultist","floor":2.0,"turns":3.0},{"damage":0.0,"enemies":"Small Slimes","floor":8.0,"turns":3.0},{"damage":0.0,"enemies":"Looter","floor":10.0,"turns":2.0},{"damage":0.0,"enemies":"Blue Slaver","floor":11.0,"turns":2.0},{"damage":3.0,"enemies":"2 Fungi Beasts","floor":13.0,"turns":3.0},{"damage":6.0,"enemies":"Exordium Thugs","floor":14.0,"turns":3.0},{"damage":44.0,"enemies":"Hexaghost","floor":16.0,"turns":6.0},{"damage":0,"enemies":"Spheric Guardian","floor":18,"turns":1}],"seed_played":"3203426630115514403","potions_obtained":[{"floor":2.0,"key":"LiquidBronze"},{"floor":8.0,"key":"FearPotion"},{"floor":13.0,"key":"FearPotion"},{"floor":16.0,"key":"Strength Potion"}],"is_trial":false,"path_per_floor":["M","M","?","?","?","R","$","M","T","M","M","R","M","M","R","B",null,"M"],"character_chosen":"ASTROLOGER","items_purchased":[],"campfire_rested":0,"item_purchase_floors":[],"current_hp_per_floor":[70,69,69,58,58,58,58,58,58,58,58,58,55,49,49,5,70,70,70],"gold":417,"neow_bonus":"HUNDRED_GOLD","is_daily":false,"chose_seed":false,"campfire_upgraded":3,"win_rate":0.0,"timestamp":1608105761,"path_taken":["M","M","?","?","?","R","$","M","T","?","M","R","M","M","R","BOSS","M"],"items_purchased_type":[],"build_version":"2020-12-13","purchased_purges":1,"victory":false,"max_hp_per_floor":[70,70,70,70,70,70,70,70,70,70,70,70,70,70,70,70,70,70,70],"card_choices":[{"not_picked":["astrologer:Eclipse","astrologer:SolarFlare"],"picked":"astrologer:Radiance","floor":1.0},{"not_picked":["astrologer:Shine","astrologer:Eclipse","astrologer:TheTower"],"picked":"SKIP","floor":2.0},{"not_picked":["astrologer:StarOfCourage","astrologer:ReadTheStars"],"picked":"astrologer:Fireball","floor":8.0},{"not_picked":["astrologer:SolarFlare","astrologer:CometStrike","astrologer:ReadTheStars"],"picked":"SKIP","floor":10.0},{"not_picked":["astrologer:TheHermit","astrologer:Conjunction","astrologer:SolarFlare"],"picked":"SKIP","floor":11.0},{"not_picked":["astrologer:Conjunction","astrologer:TheMoon","astrologer:Opposition"],"picked":"SKIP","floor":13.0},{"not_picked":["astrologer:TheDevil","astrologer:Moonlight","astrologer:Still"],"picked":"SKIP","floor":14.0}],"player_experience":310738,"relics_obtained":[{"floor":9.0,"key":"Lantern"}],"event_choices":[{"cards_removed":["astrologer:Strike"],"damage_healed":0.0,"max_hp_gain":0.0,"max_hp_loss":0.0,"gold_gain":0.0,"event_name":"Living Wall","player_choice":"Forget","floor":3.0,"gold_loss":0.0,"damage_taken":0.0},{"damage_healed":0.0,"max_hp_gain":0.0,"max_hp_loss":0.0,"gold_gain":75.0,"event_name":"World of Goop","player_choice":"Gather Gold","floor":4.0,"gold_loss":0.0,"damage_taken":11.0},{"damage_healed":0.0,"max_hp_gain":0.0,"max_hp_loss":0.0,"gold_gain":0.0,"cards_transformed":["astrologer:Strike"],"event_name":"Transmorgrifier","player_choice":"Transformed","floor":5.0,"gold_loss":0.0,"damage_taken":0.0,"cards_obtained":["astrologer:ShootingStar"]}],"is_beta":false,"boss_relics":[{"not_picked":["Ectoplasm","Pandora\u0027s Box"],"picked":"Hololive_ChaosS"}],"items_purged_floors":[7],"is_endless":false,"potions_floor_spawned":[2,8,13,16],"killed_by":"Spheric Guardian","ascension_level":0}}