{"host":"nukjzc0ca34w6eem","time":1608159529,"event":{"mods":["2.2 Compatiblity","AchievementEnabler","BaseMod","Colored Powertips","Downfall","Minty Spire (QoL Compilation)","StSLib"],"gold_per_floor":[99,119,135,135,60,45,45,72,12,12,25,25,25,45,57,161,161,161,176,191,191,126,51,101,101,101,127,140,74,94,109,123,123,123],"floor_reached":33,"playtime":4894,"items_purged":["Guardian:Strike_Guardian","Guardian:Defend_Guardian"],"score":347,"play_id":"902b31b4-0b28-4a9e-8395-85725b329cce","local_time":"20201216145849","is_ascension_mode":true,"campfire_choices":[{"floor":1.0,"key":"RECALL"},{"data":"Guardian:ChargeCore","floor":5.0,"key":"SMITH"},{"data":"Guardian:PiercingHide","floor":10.0,"key":"SMITH"}],"circlet_count":0,"master_deck":["Guardian:Strike_Guardian","Guardian:Strike_Guardian","Guardian:Defend_Guardian","Guardian:CurlUp","Guardian:TwinSlam","Guardian:TemporalShield","Guardian:ChargeCore+1","Guardian:PrismaticBeam","Guardian:PiercingHide+1","Guardian:PrismaticBarrier","Guardian:Clone","Guardian:GemFire","Guardian:Gem_Fragmented","Guardian:MultiBeam","Guardian:Gem_Cyan","Guardian:Gem_White","Guardian:PrismaticBarrier","Guardian:BaubleBeam","Guardian:Gem_Cyan","Guardian:Gem_Blue","Guardian:Gem_Red","Guardian:WalkerClaw+1"],"relics":["Guardian:ModeShifter","downfall:HeartBlessingRed","Smiling Mask","Guardian:PickAxe","Runic Dome","downfall:HeartBlessingGreen","Vajra","Mummified Hand","CaptainsWheel","Question Card"],"acts_visited":["Exordium","TheCity"],"potions_floor_usage":[16,16,16,27,27,33,33],"damage_taken":[{"damage":2.0,"enemies":"Small Slimes","floor":2.0,"turns":3.0},{"damage":0.0,"enemies":"Cultist","floor":3.0,"turns":3.0},{"damage":4.0,"enemies":"downfall:FleeingMerchant","floor":6.0,"turns":4.0},{"damage":20.0,"enemies":"Lagavulin","floor":8.0,"turns":6.0},{"damage":8.0,"enemies":"downfall:FleeingMerchant","floor":9.0,"turns":4.0},{"damage":0.0,"enemies":"2 Louse","floor":11.0,"turns":2.0},{"damage":6.0,"enemies":"Large Slime","floor":14.0,"turns":6.0},{"damage":0.0,"enemies":"2 Fungi Beasts","floor":15.0,"turns":3.0},{"damage":23,"enemies":"downfall:Defect","floor":16,"turns":8},{"damage":4,"enemies":"Chosen","floor":19,"turns":3},{"damage":0,"enemies":"Shell Parasite","floor":20,"turns":3},{"damage":10,"enemies":"downfall:FleeingMerchant","floor":22,"turns":4},{"damage":13,"enemies":"Slavers","floor":27,"turns":3},{"damage":0,"enemies":"Cultist and Chosen","floor":28,"turns":2},{"damage":0,"enemies":"downfall:FleeingMerchant","floor":29,"turns":1},{"damage":0,"enemies":"Sentry and Sphere","floor":30,"turns":4},{"damage":7,"enemies":"Centurion and Healer","floor":31,"turns":4},{"damage":0,"enemies":"Snecko","floor":32,"turns":2},{"damage":36,"enemies":"downfall:Watcher","floor":33,"turns":4}],"seed_played":"-2325369840393953335","potions_obtained":[{"floor":4.0,"key":"champ:CounterPotion"},{"floor":4.0,"key":"Regen Potion"},{"floor":4.0,"key":"CultistPotion"},{"floor":8.0,"key":"GamblersBrew"},{"floor":11.0,"key":"PowerPotion"},{"floor":15.0,"key":"SpeedPotion"},{"floor":16,"key":"AttackPotion"},{"floor":20,"key":"SkillPotion"},{"floor":27,"key":"Weak Potion"},{"floor":30,"key":"Dexterity Potion"}],"is_trial":false,"path_per_floor":["R","M","M","?","R","$","T","E","$","R","M","?","?","M","M","B",null,"R","M","M","?","$","R","T","?","?","E","M","$","M","M","M","B"],"character_chosen":"GUARDIAN","items_purchased":["Guardian:Gem_Red","Guardian:Gem_Blue","Question Card","AttackPotion"],"campfire_rested":0,"item_purchase_floors":[9,29,29,29],"current_hp_per_floor":[72,70,70,70,70,66,66,46,38,38,38,20,20,28,28,5,61,61,57,57,57,47,47,47,47,47,34,34,34,34,27,27,0,0],"gold":123,"neow_bonus":"TRANSFORM_CARD","is_daily":false,"chose_seed":false,"campfire_upgraded":2,"win_rate":0.0,"timestamp":1608159529,"path_taken":["R","M","M","?","R","$","T","E","?","R","M","?","?","M","M","BOSS","R","M","M","?","$","R","T","?","?","E","M","$","M","?","M","BOSS"],"items_purchased_type":["Card","Card","Relic","Potion"],"build_version":"2020-12-13","purchased_purges":2,"victory":false,"max_hp_per_floor":[80,80,80,80,80,80,80,80,80,80,80,80,80,80,80,80,80,80,80,80,80,80,80,80,80,80,80,80,80,80,80,80,80,80],"card_choices":[{"not_picked":["Guardian:PiercingHide","Guardian:Gem_Red"],"picked":"Guardian:ChargeCore","floor":2.0},{"not_picked":["Guardian:TemporalShield","Guardian:ShieldSpikes"],"picked":"Guardian:PrismaticBeam","floor":3.0},{"not_picked":["Guardian:CrystalBeam","Guardian:Repulse"],"picked":"Guardian:PiercingHide","floor":6.0},{"not_picked":["Guardian:TemporalStrike","Guardian:ConstructionForm"],"picked":"Guardian:Gem_Cyan","floor":8.0},{"not_picked":["Guardian:TemporalShield","Guardian:Preprogram"],"picked":"Guardian:Gem_White","floor":9.0},{"not_picked":["Guardian:Gem_Green","Guardian:Suspension"],"picked":"Guardian:Gem_Lightblue","floor":11.0},{"not_picked":["Guardian:RefractedBeam","Guardian:Reroute"],"picked":"Guardian:PrismaticBarrier","floor":14.0},{"not_picked":["Guardian:TemporalShield","Guardian:TimeBomb"],"picked":"Guardian:Clone","floor":15.0},{"not_picked":["Guardian:GemFinder","Guardian:StasisEngine"],"picked":"Guardian:GemFire","floor":16},{"not_picked":["Guardian:PrimingBeam","Guardian:Gem_Lightblue"],"picked":"Guardian:MultiBeam","floor":19},{"not_picked":["Guardian:PolyBeam+1","Guardian:CrystalBeam"],"picked":"Guardian:Gem_Blue","floor":20},{"not_picked":["Guardian:SpikerProtocol+1","Guardian:Gem_Purple","Guardian:ShieldCharger"],"picked":"SKIP","floor":22},{"not_picked":["Guardian:VentSteam","Guardian:Gem_Red"],"picked":"Guardian:BaubleBeam","floor":27},{"not_picked":["Guardian:VentSteam","Guardian:TimeBomb+1"],"picked":"Guardian:Gem_Cyan","floor":28},{"not_picked":["Guardian:Gem_Yellow","Guardian:ShieldSpikes+1","Guardian:Suspension"],"picked":"SKIP","floor":29},{"not_picked":["Guardian:PolyBeam","Guardian:Gem_Cyan","Guardian:RevengeProtocol"],"picked":"Guardian:Gem_Red","floor":30},{"not_picked":["Guardian:ArmoredProtocol","Guardian:Recover","Guardian:ShieldCharger","Guardian:TimeBomb+1"],"picked":"SKIP","floor":31},{"not_picked":["Guardian:RollAttack","Guardian:ArmoredProtocol","Guardian:Gem_Lightblue"],"picked":"Guardian:WalkerClaw+1","floor":32}],"player_experience":422770,"relics_obtained":[{"floor":8.0,"key":"Smiling Mask"},{"floor":24,"key":"Vajra"},{"floor":27,"key":"CaptainsWheel"}],"event_choices":[{"damage_healed":0.0,"max_hp_gain":0.0,"max_hp_loss":0.0,"gold_gain":0.0,"event_name":"Lab","player_choice":"Got Potions","floor":4.0,"gold_loss":0.0,"damage_taken":0.0},{"cards_removed":["Guardian:Strike_Guardian"],"damage_healed":0.0,"max_hp_gain":0.0,"max_hp_loss":0.0,"gold_gain":0.0,"event_name":"The Cleric","player_choice":"Card Removal","floor":13.0,"gold_loss":0.0,"damage_taken":0.0},{"damage_healed":0,"gold_gain":0,"player_choice":"Ignored","damage_taken":0,"max_hp_gain":0,"max_hp_loss":0,"event_name":"Ghosts","floor":21,"gold_loss":0},{"damage_healed":0,"gold_gain":0,"cards_transformed":["Guardian:Defend_Guardian"],"player_choice":"Transformed","damage_taken":0,"max_hp_gain":0,"max_hp_loss":0,"event_name":"Transmorgrifier","floor":26,"gold_loss":0,"cards_obtained":["Guardian:PrismaticBarrier"]}],"is_beta":false,"boss_relics":[{"not_picked":["Runic Pyramid","Ectoplasm"],"picked":"Runic Dome"}],"items_purged_floors":[22,29],"is_endless":false,"potions_floor_spawned":[8,11,15,16,20,27,30,32],"killed_by":"downfall:Watcher","ascension_level":6}}