{"host":"ly20tmf9be7b85hl","time":1608121349,"event":{"mods":["BaseMod","Colored Map","Keyboard Shortcuts","Minty Spire (QoL Compilation)","Permanent Neow","Quick Restart","SuperFastMode"],"gold_per_floor":[115,115,14,14,14,14,45,57,81,81,94,120,139,155,155,155,155],"floor_reached":16,"playtime":338,"items_purged":["Concentrate"],"score":274,"play_id":"77732d26-e0f2-4e84-a56c-81d37a724d1e","local_time":"20201216212229","is_ascension_mode":true,"campfire_choices":[{"data":"Masterful Stab","floor":6.0,"key":"SMITH"},{"data":"After Image","floor":15.0,"key":"SMITH"}],"circlet_count":0,"master_deck":["AscendersBane","Survivor","Neutralize","Poisoned Stab","After Image+1","Envenom","Masterful Stab+1","Blur","Dagger Throw","Sucker Punch","Concentrate","A Thousand Cuts","Escape Plan","Acrobatics","Backflip","PiercingWail","Catalyst"],"relics":["Pandora\u0027s Box","Oddly Smooth Stone","Akabeko","Juzu Bracelet"],"acts_visited":["Exordium"],"potions_floor_usage":[],"damage_taken":[{"damage":3.0,"enemies":"Cultist","floor":1.0,"turns":3.0},{"damage":2.0,"enemies":"2 Louse","floor":4.0,"turns":3.0},{"damage":39.0,"enemies":"Gremlin Nob","floor":7.0,"turns":5.0},{"damage":5.0,"enemies":"Jaw Worm","floor":8.0,"turns":4.0},{"damage":0.0,"enemies":"Large Slime","floor":11.0,"turns":4.0},{"damage":0.0,"enemies":"Lagavulin","floor":12.0,"turns":7.0},{"damage":4.0,"enemies":"3 Louse","floor":13.0,"turns":3.0},{"damage":0.0,"enemies":"Blue Slaver","floor":14.0,"turns":4.0},{"damage":0,"enemies":"Hexaghost","floor":16,"turns":1}],"seed_played":"2504122860582972494","potions_obtained":[{"floor":7.0,"key":"SpeedPotion"},{"floor":8.0,"key":"Explosive Potion"},{"floor":12.0,"key":"BlessingOfTheForge"}],"is_trial":false,"path_per_floor":["M","?","$","M","?","R","E","M","T","?","M","E","M","M","R","B"],"character_chosen":"THE_SILENT","items_purchased":["Acrobatics"],"campfire_rested":0,"item_purchase_floors":[3],"current_hp_per_floor":[56,47,47,45,50,50,11,6,6,6,6,6,2,2,2,2,2],"gold":155,"neow_bonus":"BOSS_RELIC","is_daily":false,"chose_seed":false,"campfire_upgraded":2,"win_rate":0.0,"timestamp":1608121349,"path_taken":["M","?","?","M","?","R","E","?","T","?","M","E","M","M","R","BOSS"],"items_purchased_type":["Card"],"build_version":"2020-12-13","purchased_purges":1,"victory":false,"max_hp_per_floor":[66,66,66,66,71,71,71,71,71,71,71,71,71,71,71,71,71],"card_choices":[{"not_picked":["Flying Knee","Leg Sweep"],"picked":"Escape Plan","floor":1.0},{"not_picked":["Prepared","Blade Dance","Backflip"],"picked":"SKIP","floor":4.0},{"not_picked":["Deflect","Catalyst"],"picked":"Backflip","floor":7.0},{"not_picked":["Noxious Fumes","Skewer"],"picked":"PiercingWail","floor":8.0},{"not_picked":["Acrobatics","Bane"],"picked":"Catalyst","floor":11.0},{"not_picked":["Phantasmal Killer","Unload","Noxious Fumes"],"picked":"SKIP","floor":12.0},{"not_picked":["Outmaneuver","Leg Sweep","Infinite Blades"],"picked":"SKIP","floor":13.0},{"not_picked":["Sucker Punch","Blade Dance","Infinite Blades"],"picked":"SKIP","floor":14.0}],"player_experience":839442,"relics_obtained":[{"floor":7.0,"key":"Oddly Smooth Stone"},{"floor":9.0,"key":"Akabeko"},{"floor":12.0,"key":"Juzu Bracelet"}],"event_choices":[{"damage_healed":0.0,"max_hp_gain":0.0,"max_hp_loss":0.0,"gold_gain":0.0,"event_name":"Wheel of Change","player_choice":"Damaged","floor":2.0,"gold_loss":0.0,"damage_taken":9.0},{"damage_healed":0.0,"max_hp_gain":5.0,"max_hp_loss":0.0,"gold_gain":0.0,"event_name":"Big Fish","player_choice":"Donut","floor":5.0,"gold_loss":0.0,"damage_taken":0.0},{"damage_healed":0.0,"max_hp_gain":0.0,"max_hp_loss":0.0,"gold_gain":0.0,"event_name":"Shining Light","player_choice":"Ignored","floor":10.0,"gold_loss":0.0,"damage_taken":0.0}],"is_beta":false,"boss_relics":[],"items_purged_floors":[3],"is_endless":false,"potions_floor_spawned":[7,8,12],"killed_by":"Hexaghost","ascension_level":20}}