{"host":"ab2s6ezjqdgtrlyf","time":1608120873,"event":{"mods":["BaseMod","Colored Map","Highlight Path","Marked Mod","Minty Spire (QoL Compilation)","Quick Restart","Relic Stats","Replay The Spire","StSLib","Waifu the Spire","vexMod"],"gold_per_floor":[116,28,103,103,103,133,146,146,173,218,218,259,259,275,275,275,275],"floor_reached":16,"playtime":388,"items_purged":[],"score":255,"play_id":"b0817c6c-3031-4a13-b133-7e27a11f496b","local_time":"20201216201433","is_ascension_mode":true,"campfire_choices":[{"floor":13,"key":"REST"},{"data":"Redo","floor":15,"key":"SMITH"}],"circlet_count":0,"master_deck":["AscendersBane","Strike_B","Strike_B+1","Strike_B","Strike_B+1","Defend_B","Defend_B","Defend_B","Defend_B","Zap","Dualcast+1","Darkness+1","Redo+1"],"relics":["Cracked Core","NeowsBlessing","Blue Candle","Golden Idol","Simple Rune","ReplayFunnel","Snack Pack"],"acts_visited":["Exordium"],"potions_floor_usage":[16],"damage_taken":[{"damage":0,"enemies":"2 Louse","floor":1,"turns":1},{"damage":0,"enemies":"Gremlin Nob","floor":6,"turns":1},{"damage":0,"enemies":"Small Slimes","floor":7,"turns":1},{"damage":35,"enemies":"Lagavulin","floor":12,"turns":6},{"damage":1,"enemies":"Cultist","floor":14,"turns":3},{"damage":43,"enemies":"Fading Forest","floor":16,"turns":13}],"seed_played":"5863326786108253465","potions_obtained":[{"floor":6,"key":"Energy Potion"},{"floor":12,"key":"Regen Potion"}],"is_trial":false,"path_per_floor":["M","$","?","$","?","E","M","?","T","T","?","E","R","M","R","B"],"character_chosen":"DEFECT","items_purchased":["Darkness"],"campfire_rested":1,"item_purchase_floors":[2],"current_hp_per_floor":[64,64,53,53,53,53,53,53,53,53,53,18,37,36,36,16,16],"gold":275,"neow_bonus":"THREE_ENEMY_KILL","is_daily":false,"chose_seed":false,"campfire_upgraded":1,"win_rate":0.0,"timestamp":1608120873,"path_taken":["M","$","?","$","?","E","?","?","T","?","?","E","R","M","R","BOSS"],"items_purchased_type":["Card"],"build_version":"2020-12-13","purchased_purges":0,"victory":false,"max_hp_per_floor":[71,71,71,71,71,71,71,64,64,64,64,64,64,64,64,64,64],"relic_stats":{"counters":[6,25],"Golden Idol":11,"Blue Candle":[0],"obtain_stats":[{"ReplayFunnel":10,"NeowsBlessing":0,"Golden Idol":8,"Blue Candle":6,"Simple Rune":9,"Snack Pack":12,"Cracked Core":0},{"ReplayFunnel":3,"NeowsBlessing":0,"Golden Idol":3,"Blue Candle":2,"Simple Rune":3,"Snack Pack":4,"Cracked Core":0},{"ReplayFunnel":3,"NeowsBlessing":0,"Golden Idol":3,"Blue Candle":2,"Simple Rune":3,"Snack Pack":9,"Cracked Core":0}]},"card_choices":[{"not_picked":["Panic Button","Beam Cell","Cold Snap"],"picked":"SKIP","floor":1},{"not_picked":["Multi-Cast","Compile Driver"],"picked":"Redo","floor":6},{"not_picked":["Redo","ReplayTheSpireMod:System Scan","Coolheaded"],"picked":"SKIP","floor":7},{"not_picked":["Scrape","Force Field","Rebound"],"picked":"SKIP","floor":12},{"not_picked":["Crystallizer","Go for the Eyes","Cold Snap"],"picked":"SKIP","floor":14}],"player_experience":783957,"relics_obtained":[{"floor":6,"key":"Blue Candle"},{"floor":9,"key":"Simple Rune"},{"floor":10,"key":"ReplayFunnel"},{"floor":12,"key":"Snack Pack"}],"event_choices":[{"damage_healed":0,"gold_gain":75,"player_choice":"Gather Gold","damage_taken":11,"max_hp_gain":0,"max_hp_loss":0,"event_name":"World of Goop","floor":3,"gold_loss":0},{"damage_healed":0,"gold_gain":0,"player_choice":"Forge","damage_taken":0,"max_hp_gain":0,"max_hp_loss":0,"event_name":"Accursed Blacksmith","floor":5,"gold_loss":0,"cards_upgraded":["Darkness"]},{"damage_healed":0,"gold_gain":0,"player_choice":"Lose Max HP","damage_taken":0,"relics_obtained":["Golden Idol"],"max_hp_gain":0,"max_hp_loss":7,"event_name":"Golden Idol","floor":8,"gold_loss":0}],"is_beta":false,"boss_relics":[],"items_purged_floors":[],"is_endless":false,"potions_floor_spawned":[6,12],"killed_by":"Fading Forest","ascension_level":19}}