{"host":"sum4dy402bbv9y4o","time":1608127458,"event":{"mods":["Aspiration","BaseMod","Conspire","Highlight Path","Minty Spire (QoL Compilation)","StSLib"],"gold_per_floor":[110,23,23,23,36,66,80,80,80,115,147,190,8,22,22,22,22],"floor_reached":16,"playtime":444,"items_purged":[],"score":290,"play_id":"5553f3ab-c823-4c69-88e3-7997f5092208","local_time":"20201216170418","is_ascension_mode":true,"campfire_choices":[{"data":"Eruption","floor":8,"key":"SMITH"},{"data":"Vigilance","floor":15,"key":"SMITH"}],"circlet_count":0,"master_deck":["AscendersBane","Strike_P","Strike_P","Strike_P","Strike_P","Defend_P","Defend_P","Defend_P","Defend_P","Eruption+1","Vigilance+1","BowlingBash","ReachHeaven","FlurryOfBlows","FlurryOfBlows","Tantrum","EmptyBody"],"relics":["PureWater","aspiration:Nostalgia","Burning Blood","Singing Bowl","conspire:DeflatedDodgeball","MawBank","Blood Vial","ClockworkSouvenir"],"acts_visited":["Exordium"],"potions_floor_usage":[10,12,14,16],"damage_taken":[{"damage":5,"enemies":"2 Louse","floor":1,"turns":3},{"damage":3,"enemies":"Small Slimes","floor":5,"turns":3},{"damage":35,"enemies":"Lagavulin","floor":6,"turns":4},{"damage":0,"enemies":"Jaw Worm","floor":7,"turns":3},{"damage":31,"enemies":"Gremlin Nob","floor":10,"turns":4},{"damage":0,"enemies":"3 Louse","floor":11,"turns":2},{"damage":0,"enemies":"Lagavulin","floor":12,"turns":4},{"damage":0,"enemies":"Large Slime","floor":14,"turns":3},{"damage":61,"enemies":"Hexaghost","floor":16,"turns":7}],"seed_played":"8157272494777222697","potions_obtained":[{"floor":6,"key":"Explosive Potion"},{"floor":10,"key":"Swift Potion"},{"floor":12,"key":"Fruit Juice"},{"floor":14,"key":"Swift Potion"}],"is_trial":false,"path_per_floor":["M","$","?","?","M","E","M","R","T","E","M","E","$","M","R","B"],"character_chosen":"WATCHER","items_purchased":["ReachHeaven","EmptyBody","ClockworkSouvenir"],"campfire_rested":0,"item_purchase_floors":[2,13,13],"current_hp_per_floor":[62,62,58,58,61,34,42,42,42,19,25,31,31,46,46,0,0],"gold":22,"neow_bonus":"NOSTALGIA","is_daily":false,"chose_seed":false,"campfire_upgraded":2,"win_rate":0.0,"timestamp":1608127458,"path_taken":["M","$","?","?","M","E","M","R","T","E","M","E","$","M","R","BOSS"],"items_purchased_type":["Card","Card","Relic"],"build_version":"2020-12-13","purchased_purges":0,"victory":false,"max_hp_per_floor":[68,68,68,68,68,70,72,72,72,74,74,74,74,81,81,81,81],"card_choices":[{"not_picked":["SashWhip","Evaluate"],"picked":"BowlingBash","floor":1},{"not_picked":["Prostrate","FlyingSleeves"],"picked":"FlurryOfBlows","floor":5},{"not_picked":["Crescendo","WaveOfTheHand","Fasting2"],"picked":"Singing Bowl","floor":6},{"not_picked":["FlyingSleeves","Prostrate","WaveOfTheHand"],"picked":"Singing Bowl","floor":7},{"not_picked":["CrushJoints","MasterReality","FlyingSleeves"],"picked":"Singing Bowl","floor":10},{"not_picked":["Study","ForeignInfluence"],"picked":"FlurryOfBlows","floor":11},{"not_picked":["Vault","SashWhip"],"picked":"Tantrum","floor":12},{"not_picked":["CarveReality","PathToVictory","Tantrum"],"picked":"Singing Bowl","floor":14}],"player_experience":2786935,"relics_obtained":[{"floor":6,"key":"Singing Bowl"},{"floor":9,"key":"conspire:DeflatedDodgeball"},{"floor":10,"key":"MawBank"},{"floor":12,"key":"Blood Vial"}],"event_choices":[{"damage_healed":0,"gold_gain":0,"player_choice":"Leave","damage_taken":0,"max_hp_gain":0,"max_hp_loss":0,"event_name":"conspire:Investor","floor":3,"gold_loss":0},{"damage_healed":0,"gold_gain":0,"player_choice":"Ignored","damage_taken":0,"max_hp_gain":0,"max_hp_loss":0,"event_name":"Liars Game","floor":4,"gold_loss":0}],"is_beta":false,"boss_relics":[],"items_purged_floors":[],"is_endless":false,"potions_floor_spawned":[6,10,12,14],"killed_by":"Hexaghost","ascension_level":20}}