{"host":"k8j7792qze136b7o","time":1608116378,"event":{"mods":["Act Like it!","BaseMod","Colored Powertips","Downfall","Gensokyo","Hallownest","HololiveMod","KomeijiMod","Marisa£®ÏF”Í°°ƒß¿Ì…≥£©","Minty Spire (QoL Compilation)","MostiFishMod","Pale of the Ancients","Rare Cards Sparkle","Reimu£®≤©¿ˆ¡È√Œ£©","Remilia£®¿Ÿ√◊¿Ú—«£©","StSLib","TestMod","The Animator","[IsaacMod]“‘»ˆº‚À˛"],"gold_per_floor":[80,80,80,95,108,108,151,171,241,241,260,298,298,323,323,424,424,446,446,466,534,534,556,587,587,664,368,386,386,433,482,482,589,589,611,631,385,412,485,519,519,546,569,569,608,621,415,315,315,419,419,419,186,219,221],"floor_reached":56,"playtime":2720,"items_purged":["EndlessAdversity"],"score":1680,"play_id":"c2ee8b59-4c21-4357-a38c-d3cc90cf75ec","local_time":"20201216185938","is_ascension_mode":false,"campfire_choices":[{"floor":6,"key":"RECALL"},{"data":"Hololive_OvertimeWork","floor":13,"key":"SMITH"},{"data":"Hololive_CallSpadeEcho","floor":15,"key":"SMITH"},{"data":"Hololive_FlyingPonyTail","floor":25,"key":"SMITH"},{"data":"Hololive_CallInugamiKorone","floor":29,"key":"SMITH"},{"data":"Cleave","floor":32,"key":"SMITH"},{"data":"Hololive_CallYozoraMel","floor":41,"key":"SMITH"},{"data":"Hololive_CallDoris","floor":44,"key":"SMITH"},{"data":"Hololive_Spy","floor":49,"key":"SMITH"},{"data":"Hololive_BeCareful","floor":52,"key":"SMITH"}],"circlet_count":0,"master_deck":["Hololive_CallNatsuiroMatsuri","Hololive_CallAkaiHaato","Hololive_CallNekomataOkayu","Hololive_CallSpadeEcho+1","Hololive_CallYogiri","Hololive_FlyingPonyTail+1","Hololive_Strike","Hololive_Strike","Hololive_Defend","Hololive_Defend","Hololive_CallInugamiKorone+1","expansioncontent:BronzeBeam+1","Cleave+1","CharismaGuard","Hololive_LuckPotion","Hololive_OvertimeWork+1","Hololive_CallRosalyn","Hololive_MaximGun","Hololive_AWSL","Hololive_CallMinatoAqua+1","Hololive_StrengthChampion","Hololive_HuntDinosaur+1","Hololive_CallShishiroBotan+1","Hololive_CallRoboco+1","Hololive_Rebound","Hololive_Nanodesu","Hololive_Rebound+1","Hololive_Spy+1","Hololive_CandyCastle+1","Hololive_OvertimeWork+1","Hololive_CallYozoraMel+1","Hololive_CallDoris+1","Hololive_Yoholoon+1","Hololive_CallSakuraMiko+1","Hololive_BeCareful+1","Hololive_Trident+1"],"relics":["Hololive_TheStar","HushsDoor","BionicSphere","Void","testmod-EqualTreatment","Question Card","Hallownest:SalubrasBlessingRelic","PureWhite:ReiMu","Hallownest:DreamNailRelic","testmod-AssaultLearning","StrikeDummy","Boot","Art of War","testmod-Fortitude","HowToJump","HornCleat","testmod-ThousandKnives","Mercury Hourglass","RuthlessExorcism:ReiMu","testmod-Charity","Dead Branch","Medical Kit","Blue Candle"],"acts_visited":["Hallownest:Greenpath","Hallownest:CityofTears","Hallownest:KingdomsEdge","TheEnding"],"potions_floor_usage":[33,50,55,55,55,55,55,55],"damage_taken":[{"damage":0,"enemies":"Hallownest:monsterHuskWarrior","floor":1,"turns":1},{"damage":0,"enemies":"Hallownest:2_Baldur","floor":4,"turns":2},{"damage":0,"enemies":"Hallownest:monsterHuskGuard","floor":5,"turns":1},{"damage":0,"enemies":"Hallownest:eliteMossKnight","floor":7,"turns":6},{"damage":0,"enemies":"Hallownest:2_Tiktiks_1_Baldur_1_Crawlid","floor":8,"turns":1},{"damage":0,"enemies":"Hallownest:1_Ooma_and_2_Uuma","floor":11,"turns":4},{"damage":0,"enemies":"Hallownest:eliteCrystalGuardian","floor":12,"turns":4},{"damage":0,"enemies":"Hallownest:Wandering_and_Horned","floor":14,"turns":3},{"damage":0,"enemies":"Hallownest:BossBrokenVessel","floor":16,"turns":6},{"damage":0,"enemies":"Hallownest:3_Youths","floor":18,"turns":2},{"damage":0,"enemies":"Hallownest:Guard_and_Sentry","floor":20,"turns":2},{"damage":0,"enemies":"Hallownest:monsterShrumalOgre","floor":23,"turns":2},{"damage":0,"enemies":"Hallownest:eliteSoulWarrior","floor":24,"turns":3},{"damage":0,"enemies":"Hallownest:Master_and_Novice","floor":28,"turns":3},{"damage":0,"enemies":"Hallownest:Nosk","floor":30,"turns":4},{"damage":0,"enemies":"Hallownest:BossGrimm","floor":33,"turns":6},{"damage":0,"enemies":"Hallownest:2_Littles","floor":35,"turns":5},{"damage":0,"enemies":"Hallownest:3_Siblings","floor":36,"turns":7},{"damage":0,"enemies":"Hallownest:Xero_Hu_Marmu","floor":38,"turns":7},{"damage":7,"enemies":"Hallownest:2_Primals","floor":39,"turns":6},{"damage":0,"enemies":"Hallownest:StalkingDevout","floor":40,"turns":5},{"damage":0,"enemies":"Hallownest:monsterPrimalAspid","floor":42,"turns":4},{"damage":0,"enemies":"Hallownest:eliteCollector","floor":45,"turns":5},{"damage":0,"enemies":"Hallownest:2_Soldiers_and_1_Guardian","floor":46,"turns":4},{"damage":0,"enemies":"Hallownest:BossGreyPrinceZote","floor":50,"turns":7},{"damage":0,"enemies":"Shield and Spear","floor":54,"turns":4},{"damage":0,"enemies":"The Heart","floor":55,"turns":6}],"seed_played":"-3857867540044327566","potions_obtained":[{"floor":8,"key":"GamblersBrew"},{"floor":11,"key":"FearPotion"},{"floor":12,"key":"FearPotion"},{"floor":16,"key":"SmokeBomb"},{"floor":33,"key":"GamblersBrew"},{"floor":42,"key":"SteroidPotion"},{"floor":50,"key":"EntropicBrew"},{"floor":54,"key":"AttackPotion"}],"is_trial":false,"path_per_floor":["M","?","?","M","M","R","E","M","T","?","M","E","R","M","R","B",null,"M","?","M","?","?","M","E","R","T","$","M","R","E","T","R","B",null,"M","M","$","M","?","E","R","M","T","R","E","M","$","?","R","B",null,"R","$","E","B",null],"character_chosen":"Hololive_HololiveCharacter","items_purchased":["Hololive_AWSL","Boot","Art of War","SteamSale","HornCleat","Hololive_Spy","testmod-Charity","Tea:ReiMu","Dead Branch","Medical Kit"],"campfire_rested":0,"item_purchase_floors":[17,27,27,37,37,37,47,47,53,53],"current_hp_per_floor":[35,35,35,35,35,35,35,35,35,35,35,35,35,35,35,35,31,32,32,33,18,18,20,22,22,22,22,23,23,24,24,24,25,38,39,40,40,41,35,36,36,37,37,37,45,46,46,46,46,57,57,57,57,62,96],"gold":221,"neow_bonus":"THREE_ENEMY_KILL","is_daily":false,"chose_seed":false,"campfire_upgraded":9,"win_rate":0.0,"timestamp":1608116378,"path_taken":["M","?","?","M","M","R","E","?","T","?","M","E","R","?","R","BOSS","M","?","?","?","?","?","E","R","T","$","M","R","E","?","R","BOSS","M","M","$","M","?","E","R","M","T","R","E","M","$","?","R","BOSS","R","$","E","BOSS"],"items_purchased_type":["Card","Relic","Relic","Relic","Relic","Card","Relic","Relic","Relic","Relic"],"build_version":"2020-12-13","purchased_purges":1,"victory":true,"max_hp_per_floor":[35,35,35,35,35,35,35,35,35,35,35,35,35,35,35,35,31,32,32,33,33,33,34,35,35,35,35,36,36,37,37,37,38,38,39,40,40,41,42,43,43,44,44,44,45,46,46,46,46,57,57,57,57,62,96],"card_choices":[{"not_picked":[],"picked":"Bomb","floor":0},{"not_picked":["Hololive_CallManoAloe","Hololive_CallAyundaRisu","Hololive_HuntDinosaur"],"picked":"Hololive_CallInugamiKorone","floor":1},{"not_picked":["Bomb","Purity","Dark Shackles","testmod-HandmadeProducts"],"picked":"expansioncontent:BronzeBeam","floor":2},{"not_picked":["BodyStrengthen","Cripple","Tactician","animator:Laby"],"picked":"Cleave","floor":4},{"not_picked":["hexamod:Rewind","Trip","UnstableMagic","Shockwave"],"picked":"CharismaGuard","floor":5},{"not_picked":["Guardian:GatlingBeam","VampireFantasy","Tools of the Trade","Aggregate"],"picked":"EndlessAdversity","floor":7},{"not_picked":["Slimebound:Equalize","Backflip","BloodPact","Steam Power","RocketKickup"],"picked":"SKIP","floor":8},{"not_picked":["Hololive_BringToTrial","Hololive_Sequa","Hololive_HuntDinosaur","Hololive_Trident"],"picked":"Hololive_LuckPotion","floor":11},{"not_picked":["Hololive_CallYozoraMel","Hololive_FlyingPonyTail","Hololive_Drill","Hololive_StrengthChampion"],"picked":"Hololive_OvertimeWork","floor":12},{"not_picked":["Hololive_CocoNews","Hololive_OvertimeWork","Hololive_HuntDinosaur","Hololive_CallUsadaPekora"],"picked":"Hololive_CallRosalyn","floor":14},{"not_picked":["Hololive_DurableLive","Hololive_WolfAndLamb","Hololive_ScarfAndHalo","Hololive_Nanodesu"],"picked":"Hololive_MaximGun","floor":16},{"not_picked":["Hololive_Breathe+1","Hololive_CallTokinoSora","Hololive_StrengthChampion","Hololive_Trident+1"],"picked":"Hololive_CallMinatoAqua+1","floor":18},{"not_picked":["Hololive_OvertimeWork","Hololive_CallSpadeEcho","Hololive_WolfAndLamb","Hololive_Psychosis"],"picked":"Hololive_StrengthChampion","floor":20},{"not_picked":["Hololive_CallAmaneKanata+1","Hololive_StrengthChampion","Hololive_Trident","Hololive_RevenueBasedLive"],"picked":"Hololive_HuntDinosaur+1","floor":23},{"not_picked":["Hololive_HuntDinosaur","Hololive_DDD","Hololive_CallHimemoriLuna","Hololive_Breathe"],"picked":"Hololive_CallShishiroBotan+1","floor":24},{"not_picked":["Hololive_CallAkaiHaato","Hololive_Drill","Hololive_ManjiGathering+1","Hololive_OvertimeWork"],"picked":"Hololive_CallRoboco+1","floor":28},{"not_picked":["Hololive_LuckPotion","Hololive_FlyingPonyTail+1","Hololive_Teleport","Hololive_Breathe"],"picked":"Hololive_Rebound","floor":30},{"not_picked":["Hololive_OpenUp","Hololive_DurableLive","Hololive_FlareMind","Hololive_ASMR"],"picked":"Hololive_Nanodesu","floor":33},{"not_picked":["Hololive_LuckPotion","Hololive_Psychosis+1","Hololive_ILoveYou","Hololive_CallNatsuiroMatsuri+1","Hololive_CallRosalyn"],"picked":"SKIP","floor":35},{"not_picked":["Hololive_Breathe","Hololive_Psychosis","Hololive_RevenueBasedLive","Hololive_Trident+1"],"picked":"Hololive_Rebound+1","floor":36},{"not_picked":["Hololive_RevenueBasedLive+1","Hololive_CallYogiri","Hololive_ScarfAndHalo","Hololive_StrengthChampion+1"],"picked":"Hololive_CandyCastle+1","floor":38},{"not_picked":["Hololive_LuckPotion","Hololive_Psychosis+1","Hololive_CallOkamiMio","Hololive_FlyingPonyTail+1"],"picked":"Hololive_OvertimeWork+1","floor":39},{"not_picked":["Hololive_ASMR","Hololive_CallShirakamiFubuki","Hololive_CandyCastle+1","Hololive_ILoveYou"],"picked":"Hololive_CallYozoraMel","floor":40},{"not_picked":["Hololive_CallUruhaRushia","Hololive_CallHimemoriLuna","Hololive_CocoNews+1","Hololive_CallFriendA"],"picked":"Hololive_CallDoris","floor":42},{"not_picked":["Hololive_ASMR","Hololive_CallAmaneKanata","Hololive_CallTokinoSora","Hololive_LuckPotion+1"],"picked":"Hololive_Yoholoon+1","floor":45},{"not_picked":["Hololive_RevenueBasedLive+1","Hololive_CallMinatoAqua+1","Hololive_HuntDinosaur","Hololive_OvertimeWork+1"],"picked":"Hololive_CallSakuraMiko+1","floor":46},{"not_picked":["Hololive_IdolExercise","Hololive_Recruit","Hololive_WolfAndLamb","Hololive_Rebirth","Hololive_FlareMind"],"picked":"Hololive_BeCareful","floor":50},{"not_picked":["Hololive_FlyingPonyTail+1","Hololive_HuntDinosaur+1","Hololive_CocoNews","Hololive_CallRosalyn","Hololive_StrengthChampion"],"picked":"Hololive_Trident+1","floor":54}],"player_experience":321951,"relics_obtained":[{"floor":1,"key":"Question Card"},{"floor":1,"key":"PrismaticShard"},{"floor":7,"key":"PureWhite:ReiMu"},{"floor":12,"key":"testmod-AssaultLearning"},{"floor":16,"key":"ImportantClient"},{"floor":26,"key":"StrikeDummy"},{"floor":30,"key":"testmod-Fortitude"},{"floor":31,"key":"HowToJump"},{"floor":39,"key":"testmod-ThousandKnives"},{"floor":40,"key":"Mercury Hourglass"},{"floor":43,"key":"CeramicFish"},{"floor":45,"key":"RuthlessExorcism:ReiMu"},{"floor":54,"key":"Blue Candle"}],"event_choices":[],"is_beta":false,"boss_relics":[{"not_picked":["BirthdayGift-Tetrahedron","Tiny House"],"picked":"BirthdayGift-Icosahedron"},{"not_picked":[]},{"not_picked":["GuanYuAspect","Astrolabe"],"picked":"RhineFirstAidKit"},{"not_picked":[]}],"items_purged_floors":[27],"is_endless":false,"potions_floor_spawned":[8,11,12,16,18,24,28,33,36,42,46,50,54],"ascension_level":0}}