{"host":"61pxv8qo5t6mwz68","time":1608150135,"event":{"mods":["BaseMod","Block Reminder","Colored Map","Highlight Path","Minty Spire (QoL Compilation)","Permanent Neow"],"gold_per_floor":[111,61,61,79,4,36,36,36,36,68,82,92,92,127,127,226,226,242,35,52,66,101,129,147,147,147,147,21,38,137,150,150,250,250,268,268,285,305,355,355,380,398,398,180,180,193,193,193],"floor_reached":47,"playtime":3733,"items_purged":["Defend_R"],"score":545,"play_id":"6d97f9ea-7c78-4a93-8a06-7ffbc64fe1a9","local_time":"20201216152215","is_ascension_mode":false,"campfire_choices":[{"data":"Rage","floor":7,"key":"SMITH"},{"floor":15,"key":"REST"},{"floor":25,"key":"REST"},{"floor":27,"key":"REST"},{"floor":32,"key":"REST"},{"floor":40,"key":"REST"},{"floor":45,"key":"REST"}],"circlet_count":0,"master_deck":["Strike_R+1","Strike_R","Defend_R","Defend_R","Uppercut+1","Sword Boomerang","Clash+1","Rage+1","Offering","Twin Strike","Carnage","Infernal Blade","Double Tap","Infernal Blade+1","Bludgeon+1","Rage+1","Inflame","Metamorphosis","Warcry","Headbutt","Armaments+1","Battle Trance+1","Anger","Spot Weakness","Headbutt+1","Seeing Red","Brutality","Cleave+1","Madness","Madness","Spot Weakness+1","Dark Embrace+1","Pommel Strike+1","Warcry+1","Warcry+1","Warcry+1","Anger","Corruption"],"relics":["Black Blood","Pen Nib","Bronze Scales","Potion Belt","Bag of Preparation","Astrolabe","Red Mask","Bottled Tornado","TungstenRod","Unceasing Top","Toxic Egg 2","Boot","Dream Catcher"],"acts_visited":["Exordium","TheCity","TheBeyond"],"potions_floor_usage":[16,16,33,33,33,33,38,41,42,42,47],"damage_taken":[{"damage":8,"enemies":"Small Slimes","floor":1,"turns":4},{"damage":0,"enemies":"Cultist","floor":4,"turns":2},{"damage":30,"enemies":"3 Sentries","floor":6,"turns":7},{"damage":11,"enemies":"Lagavulin","floor":10,"turns":4},{"damage":6,"enemies":"Jaw Worm","floor":11,"turns":2},{"damage":11,"enemies":"Exordium Thugs","floor":12,"turns":2},{"damage":14,"enemies":"3 Sentries","floor":14,"turns":5},{"damage":15,"enemies":"Hexaghost","floor":16,"turns":5},{"damage":0,"enemies":"Shell Parasite","floor":18,"turns":1},{"damage":0,"enemies":"Spheric Guardian","floor":20,"turns":3},{"damage":21,"enemies":"Snecko","floor":21,"turns":3},{"damage":27,"enemies":"Masked Bandits","floor":22,"turns":4},{"damage":17,"enemies":"Gremlin Leader","floor":23,"turns":4},{"damage":29,"enemies":"3 Cultists","floor":24,"turns":5},{"damage":11,"enemies":"Centurion and Healer","floor":29,"turns":3},{"damage":12,"enemies":"Snake Plant","floor":31,"turns":3},{"damage":59,"enemies":"Champ","floor":33,"turns":7},{"damage":17,"enemies":"Orb Walker","floor":35,"turns":3},{"damage":12,"enemies":"3 Shapes","floor":37,"turns":3},{"damage":38,"enemies":"Jaw Worm Horde","floor":38,"turns":3},{"damage":24,"enemies":"Mind Bloom Boss Battle","floor":39,"turns":5},{"damage":32,"enemies":"Giant Head","floor":41,"turns":6},{"damage":27,"enemies":"Transient","floor":42,"turns":5},{"damage":21,"enemies":"3 Darklings","floor":46,"turns":8},{"damage":33,"enemies":"Jaw Worm Horde","floor":47,"turns":2}],"seed_played":"-4490261119092871457","potions_obtained":[{"floor":6,"key":"SteroidPotion"},{"floor":11,"key":"BlessingOfTheForge"},{"floor":18,"key":"EssenceOfSteel"},{"floor":20,"key":"GamblersBrew"},{"floor":23,"key":"SpeedPotion"},{"floor":37,"key":"FearPotion"},{"floor":38,"key":"AttackPotion"},{"floor":41,"key":"Explosive Potion"},{"floor":46,"key":"DuplicationPotion"}],"is_trial":false,"path_per_floor":["M","?","?","M","$","E","R","?","T","E","M","M","?","E","R","B",null,"M","$","M","M","?","E","M","R","T","R","$","M","?","M","R","B",null,"M","?","M","M","?","R","E","M","T","$","R","M","M"],"character_chosen":"IRONCLAD","items_purchased":["Metamorphosis","Warcry","BloodPotion","DistilledChaos","Warcry+1","BloodPotion","Dream Catcher"],"campfire_rested":6,"item_purchase_floors":[19,19,28,28,44,44,44],"current_hp_per_floor":[78,78,78,80,80,56,56,56,56,51,51,46,30,22,46,37,80,80,80,80,65,44,33,10,34,34,58,58,53,53,47,71,34,80,75,66,66,40,28,52,32,17,17,17,41,32,0,0],"gold":193,"neow_bonus":"TRANSFORM_CARD","is_daily":false,"chose_seed":false,"campfire_upgraded":1,"win_rate":0.0,"timestamp":1608150135,"path_taken":["M","?","?","?","?","E","R","?","T","E","?","M","?","E","R","BOSS","M","$","M","M","?","E","M","R","T","R","$","M","?","M","R","BOSS","M","?","M","M","?","R","E","M","T","?","R","M","M"],"items_purchased_type":["Card","Card","Potion","Potion","Card","Potion","Relic"],"build_version":"2020-12-13","purchased_purges":1,"victory":false,"max_hp_per_floor":[80,80,80,80,80,80,80,80,80,80,80,80,80,80,80,80,80,80,80,80,80,80,80,80,80,80,80,80,80,80,80,80,80,80,80,80,80,80,80,80,80,80,80,80,80,80,80,80],"card_choices":[{"not_picked":["Heavy Blade","Clothesline"],"picked":"Sword Boomerang","floor":1},{"not_picked":["Armaments","Ghostly Armor"],"picked":"Clash","floor":4},{"not_picked":["Sever Soul","Twin Strike"],"picked":"Rage","floor":6},{"not_picked":["Clothesline","Second Wind"],"picked":"Offering","floor":10},{"not_picked":["Ghostly Armor","Clothesline"],"picked":"Twin Strike","floor":11},{"not_picked":["Shrug It Off","Thunderclap"],"picked":"Carnage","floor":12},{"not_picked":["Clothesline","Body Slam"],"picked":"Infernal Blade","floor":14},{"not_picked":["Reaper","Demon Form"],"picked":"Double Tap","floor":16},{"not_picked":["Pummel+1","Sword Boomerang"],"picked":"Inflame","floor":18},{"not_picked":["Clothesline","Thunderclap"],"picked":"Headbutt","floor":20},{"not_picked":["Iron Wave","Searing Blow"],"picked":"Armaments+1","floor":21},{"not_picked":["Metallicize+1","Sword Boomerang"],"picked":"Battle Trance+1","floor":22},{"not_picked":["Sword Boomerang","Rampage+1"],"picked":"Anger","floor":23},{"not_picked":["Body Slam","Shockwave"],"picked":"Spot Weakness","floor":24},{"not_picked":["Twin Strike+1","Fire Breathing"],"picked":"Headbutt+1","floor":29},{"not_picked":["Body Slam+1","Feed"],"picked":"Seeing Red","floor":31},{"not_picked":["Double Tap","Feed"],"picked":"Brutality","floor":33},{"not_picked":["Sword Boomerang","Whirlwind"],"picked":"Cleave+1","floor":35},{"not_picked":["Body Slam+1","Cleave"],"picked":"Spot Weakness+1","floor":37},{"not_picked":["Twin Strike","Shrug It Off"],"picked":"Dark Embrace+1","floor":38},{"not_picked":["Shrug It Off","Carnage+1"],"picked":"Pommel Strike+1","floor":39},{"not_picked":["Heavy Blade+1","Pommel Strike"],"picked":"Warcry+1","floor":41},{"not_picked":["True Grit+1","Clash"],"picked":"Warcry+1","floor":42},{"not_picked":["Clash+1","Burning Pact+1"],"picked":"Anger","floor":45},{"not_picked":["Body Slam+1","Reckless Charge+1"],"picked":"Corruption","floor":46}],"player_experience":16120,"relics_obtained":[{"floor":6,"key":"Pen Nib"},{"floor":9,"key":"Bronze Scales"},{"floor":10,"key":"Potion Belt"},{"floor":14,"key":"Bag of Preparation"},{"floor":22,"key":"Red Mask"},{"floor":23,"key":"Bottled Tornado"},{"floor":26,"key":"TungstenRod"},{"floor":39,"key":"Unceasing Top"},{"floor":41,"key":"Toxic Egg 2"},{"floor":43,"key":"Boot"}],"event_choices":[{"cards_removed":["Defend_R"],"damage_healed":0,"gold_gain":0,"player_choice":"Card Removal","damage_taken":0,"max_hp_gain":0,"max_hp_loss":0,"event_name":"The Cleric","floor":2,"gold_loss":50},{"damage_healed":0,"gold_gain":0,"player_choice":"Upgraded","damage_taken":0,"max_hp_gain":0,"max_hp_loss":0,"event_name":"Upgrade Shrine","floor":3,"gold_loss":0,"cards_upgraded":["Uppercut"]},{"damage_healed":0,"gold_gain":0,"player_choice":"Ignored","damage_taken":0,"max_hp_gain":0,"max_hp_loss":0,"event_name":"Liars Game","floor":8,"gold_loss":0},{"damage_healed":0,"gold_gain":0,"player_choice":"Entered Light","damage_taken":16,"max_hp_gain":0,"max_hp_loss":0,"event_name":"Shining Light","floor":13,"gold_loss":0,"cards_upgraded":["Strike_R","Clash"]},{"damage_healed":0,"gold_gain":0,"player_choice":"Fought Bandits","damage_taken":0,"max_hp_gain":0,"max_hp_loss":0,"event_name":"Masked Bandits","floor":22,"gold_loss":0},{"damage_healed":0,"gold_gain":99,"player_choice":"Stole From Cult","damage_taken":0,"max_hp_gain":0,"max_hp_loss":0,"event_name":"Nest","floor":30,"gold_loss":0},{"damage_healed":0,"gold_gain":0,"player_choice":"Embrace Madness","damage_taken":10,"max_hp_gain":0,"max_hp_loss":0,"event_name":"Winding Halls","floor":36,"gold_loss":0,"cards_obtained":["Madness","Madness"]},{"damage_healed":0,"gold_gain":0,"player_choice":"Fight","damage_taken":0,"max_hp_gain":0,"max_hp_loss":0,"event_name":"MindBloom","floor":39,"gold_loss":0}],"is_beta":false,"boss_relics":[{"not_picked":["Runic Cube","Cursed Key"],"picked":"Astrolabe"},{"not_picked":["Snecko Eye","Velvet Choker"],"picked":"Black Blood"}],"items_purged_floors":[5],"is_endless":false,"potions_floor_spawned":[6,11,18,20,23,31,37,38,41,46],"killed_by":"Jaw Worm Horde","ascension_level":0}}