{"host":"lreod2rejfd0az5i","time":1608147789,"event":{"mods":["AchievementEnabler","Aspiration","BaseMod","Colored Powertips","Conspire","Downfall","Highlight Path","Hubris","Infinite Spire","Mad Scientist","Minty Spire (QoL Compilation)","Rare Cards Sparkle","Relic Stats","Replay The Spire","StSLib","The Bug Knight","The Jungle"],"gold_per_floor":[116,116,116,127,127,127,156,170,216,216,250,264,276,276,276,350,350,361,361,371,417,417,417,443,455,467,479,503,587,618,650,662,674,674],"floor_reached":33,"playtime":1609,"items_purged":[],"score":570,"play_id":"612d2973-3940-4655-9644-0b6b4b212a4a","local_time":"20201216124309","is_ascension_mode":true,"campfire_choices":[{"floor":6.0,"key":"REST"},{"floor":10.0,"key":"REST"},{"floor":15.0,"key":"REST"},{"data":"ConjureBlade","floor":23,"key":"SMITH"},{"data":"Eruption","floor":25,"key":"SMITH"},{"floor":32,"key":"REST"}],"circlet_count":0,"master_deck":["AscendersBane","Strike_P","Strike_P+1","Strike_P","Strike_P+1","Defend_P+1","Defend_P","Defend_P+1","Defend_P+1","Eruption+1","Vigilance","CarveReality+1","CrushJoints","BowlingBash","LessonLearned","ConjureBlade+1","Protect","Pain"],"relics":["PureWater","Ring of Hypnosis","Ring of Misfortune","Kunai","War Paint","Garlic","conspire:SpecialSausage","MawBank","Chameleon Ring","Meat on the Bone"],"acts_visited":["Exordium","TheCity"],"potions_floor_usage":[24,24,33,33],"damage_taken":[{"damage":17.0,"enemies":"Cultist","floor":1.0,"turns":6.0},{"damage":0.0,"enemies":"conspire:RoseBush","floor":4.0,"turns":2.0},{"damage":25.0,"enemies":"3 Sentries","floor":7.0,"turns":14.0},{"damage":6.0,"enemies":"Jaw Worm","floor":8.0,"turns":3.0},{"damage":0.0,"enemies":"Gremlin Nob","floor":11.0,"turns":3.0},{"damage":1.0,"enemies":"2 Fungi Beasts","floor":12.0,"turns":3.0},{"damage":2.0,"enemies":"Looter","floor":13.0,"turns":3.0},{"damage":11.0,"enemies":"Fading Forest","floor":16.0,"turns":11.0},{"damage":0,"enemies":"Spheric Guardian","floor":18,"turns":2},{"damage":0,"enemies":"3 Byrds","floor":20,"turns":6},{"damage":20,"enemies":"HollowMod:Nosk","floor":24,"turns":6},{"damage":1,"enemies":"Snecko","floor":28,"turns":3},{"damage":2,"enemies":"Centurion and Healer","floor":30,"turns":5},{"damage":6,"enemies":"3 Cultists","floor":31,"turns":4},{"damage":140,"enemies":"Collector","floor":33,"turns":7}],"seed_played":"-3527746322566026181","potions_obtained":[{"floor":1.0,"key":"ColorlessPotion"},{"floor":11.0,"key":"EssenceOfSteel"},{"floor":12.0,"key":"Languid Potion"},{"floor":16.0,"key":"StancePotion"},{"floor":18,"key":"BottledMiracle"},{"floor":24,"key":"DuplicationPotion"},{"floor":30,"key":"SneckoOil"}],"is_trial":false,"path_per_floor":["M","?","?","M","$","R","E","M","T","R","E","M","M","?","R","B",null,"M","?","M","?","?","R","E","R","T","?","M","T","M","M","R","B"],"character_chosen":"WATCHER","items_purchased":[],"campfire_rested":4,"item_purchase_floors":[],"current_hp_per_floor":[44,44,37,37,37,57,32,26,26,46,46,45,43,23,43,40,61,61,61,61,61,61,61,41,41,41,22,21,21,31,37,58,0,0],"gold":674,"neow_bonus":"THREE_CARDS","is_daily":false,"chose_seed":false,"campfire_upgraded":2,"win_rate":0.0,"timestamp":1608147789,"path_taken":["M","?","?","M","?","R","E","M","T","R","E","M","M","?","R","BOSS","M","?","?","?","?","R","E","R","T","?","M","?","M","M","R","BOSS"],"items_purchased_type":[],"build_version":"2020-12-13","purchased_purges":0,"victory":false,"max_hp_per_floor":[68,68,68,68,68,68,68,68,68,68,68,68,68,68,68,68,68,68,68,68,68,68,68,68,68,68,73,73,73,73,73,73,73,73],"relic_stats":{"counters":[15,78],"Kunai":[17],"War Paint":["Defend_P","Defend_P"],"MawBank":108,"obtain_stats":[{"Chameleon Ring":26,"Ring of Hypnosis":2,"Ring of Misfortune":2,"conspire:SpecialSausage":17,"Garlic":11,"Kunai":7,"PureWater":0,"War Paint":9,"MawBank":24,"Meat on the Bone":29},{"Chameleon Ring":11,"Ring of Hypnosis":1,"Ring of Misfortune":1,"conspire:SpecialSausage":8,"Garlic":5,"Kunai":3,"PureWater":0,"War Paint":4,"MawBank":11,"Meat on the Bone":12},{"Chameleon Ring":59,"Ring of Hypnosis":6,"Ring of Misfortune":6,"conspire:SpecialSausage":45,"Garlic":28,"Kunai":22,"PureWater":0,"War Paint":25,"MawBank":59,"Meat on the Bone":62}],"Meat on the Bone":24},"card_choices":[{"not_picked":["Prostrate","ClearTheMind"],"picked":"CarveReality","floor":1.0},{"not_picked":["ThirdEye","SignatureMove"],"picked":"CrushJoints","floor":4.0},{"not_picked":["JustLucky","Replay:ManipulateFuture","Prostrate"],"picked":"SKIP","floor":7.0},{"not_picked":["CrushJoints","FollowUp"],"picked":"BowlingBash","floor":8.0},{"not_picked":["Worship","FearNoEvil","Study"],"picked":"SKIP","floor":11.0},{"not_picked":["Halt","CutThroughFate","CrushJoints"],"picked":"SKIP","floor":12.0},{"not_picked":["TalkToTheHand","JustLucky"],"picked":"LessonLearned","floor":13.0},{"not_picked":["Replay:AllIn","Wish"],"picked":"ConjureBlade","floor":16.0},{"not_picked":["CutThroughFate","CarveReality","Replay:Vibes"],"picked":"SKIP","floor":18},{"not_picked":["Prostrate","PathToVictory"],"picked":"Protect","floor":20},{"not_picked":["BattleHymn","Alpha","Prostrate"],"picked":"SKIP","floor":24},{"not_picked":["Wallop","WheelKick","Evaluate"],"picked":"SKIP","floor":28},{"not_picked":["TalkToTheHand","PathToVictory","Prostrate"],"picked":"SKIP","floor":30},{"not_picked":["ForeignInfluence+1","Tantrum","SashWhip+1"],"picked":"SKIP","floor":31}],"player_experience":842651,"relics_obtained":[{"floor":2.0,"key":"Ring of Hypnosis"},{"floor":2.0,"key":"Ring of Misfortune"},{"floor":7.0,"key":"Kunai"},{"floor":9.0,"key":"War Paint"},{"floor":11.0,"key":"Garlic"},{"floor":24,"key":"MawBank"},{"floor":26,"key":"Chameleon Ring"},{"floor":29,"key":"Meat on the Bone"}],"event_choices":[{"cards_removed":["Amnesia"],"damage_healed":0.0,"max_hp_gain":0.0,"max_hp_loss":0.0,"gold_gain":0.0,"event_name":"Golden Wing","player_choice":"Card Removal","floor":3.0,"gold_loss":0.0,"damage_taken":7.0},{"damage_healed":0.0,"max_hp_gain":0.0,"max_hp_loss":0.0,"gold_gain":0.0,"event_name":"Shining Light","player_choice":"Entered Light","floor":14.0,"gold_loss":0.0,"damage_taken":20.0,"cards_upgraded":["Defend_P","Strike_P"]},{"damage_healed":0,"gold_gain":0,"player_choice":"Ignored","damage_taken":0,"max_hp_gain":0,"max_hp_loss":0,"event_name":"N\u0027loth","floor":19,"gold_loss":0},{"damage_healed":0,"gold_gain":0,"player_choice":"Ignored","damage_taken":0,"max_hp_gain":0,"max_hp_loss":0,"event_name":"Ghosts","floor":22,"gold_loss":0},{"damage_healed":0,"gold_gain":0,"player_choice":"Shed Blood","damage_taken":24,"max_hp_gain":5,"max_hp_loss":0,"event_name":"Forgotten Altar","floor":27,"gold_loss":0}],"is_beta":false,"boss_relics":[{"not_picked":["hubris:RunicObelisk","aspiration:PoetsPen_weak"],"picked":"conspire:SpecialSausage"}],"items_purged_floors":[],"is_endless":false,"potions_floor_spawned":[1,11,12,16,18,24,30],"killed_by":"Collector","ascension_level":18}}