{"host":"fqid566djxhwi0rl","time":1608151598,"event":{"mods":["2.2 Compatiblity","AchievementEnabler","Aspiration","BaseMod","Downfall","Energized Spire","Faster Ascension Climbing","GifTheSpireLib","Minty Spire (QoL Compilation)","Replay The Spire","StSLib","The Blackbeard","The Gatherer","Trackpad","Yuri Mod"],"gold_per_floor":[119,140,159,172,191,191,221,221,221,254,270,15,42,42,42,141,141,155,70,70,35,35,63,63,97,97,97,132,132,167,181,181,285,285,304,323,323,546,111,142,157,209,209,33,48,48,64,84,84,84],"floor_reached":51,"playtime":3517,"items_purged":["sneckomod:Strike","sneckomod:Strike","ReplayTheSpireMod:Splinters"],"score":1136,"play_id":"bbc224d2-71b5-4b82-af6c-38088077bc47","local_time":"20201216224638","is_ascension_mode":true,"campfire_choices":[{"data":"sneckomod:Nope","floor":6.0,"key":"SMITH"},{"data":"sneckomod:MorePower","floor":8.0,"key":"SMITH"},{"data":"ReplayUltimateDefense","floor":15.0,"key":"SMITH"},{"data":"sneckomod:DangerNoodle","floor":24.0,"key":"SMITH"},{"data":"sneckomod:CheapStock","floor":27.0,"key":"SMITH"},{"floor":32.0,"key":"REST"},{"floor":46,"key":"REST"},{"floor":49,"key":"REST"}],"circlet_count":0,"master_deck":["sneckomod:Strike","sneckomod:Defend","sneckomod:Defend","sneckomod:Defend","sneckomod:TailWhip","sneckomod:SnekBite","sneckomod:Unknown","sneckomod:Unknown","sneckomod:SerpentIdol","sneckomod:Nope+1","sneckomod:SerpentMind","sneckomod:QuickMove","sneckomod:MorePower+1","sneckomod:UnknownRarePower+1","sneckomod:UnknownStrength+1","sneckomod:DangerNoodle+1","sneckomod:UnknownExhaust+1","sneckomod:UnknownRareSkill+1","ReplayUltimateDefense+1","sneckomod:UnknownRarePower+1","sneckomod:UnknownRarePower+1","sneckomod:UnlimitedRolls","AbeCurse","sneckomod:Unknown0Cost+1","sneckomod:UnknownRareAttack+1","J.A.X.","sneckomod:CheapStock+1","sneckomod:UnknownRareSkill+1","sneckomod:UnknownRareSkill+1","sneckomod:UnknownRarePower+1","sneckomod:SoulExchange","sneckomod:UnknownWeak+1","sneckomod:UnknownRareSkill+1","sneckomod:UnknownRarePower+1","Sadistic Nature","Pot Of Greed","Pot Of Greed","Pot Of Greed","Pot Of Greed","expansioncontent:Corrupt","sneckomod:UnknownClassPURPLE+1","sneckomod:UnknownRarePower+1","sneckomod:SnekBeam+1","sneckomod:UnknownDexterity+1","sneckomod:SnekBeam","sneckomod:SnekBeam+1","sneckomod:UnknownClassYURI_PURPLE+1","sneckomod:UnknownBlock+1","sneckomod:TrashToTreasure","sneckomod:UnknownClassGREEN+1","Pot Of Greed","sneckomod:UnknownRarePower+1","sneckomod:UnknownClassPURPLE+1","sneckomod:UnknownClassPURPLE+1","sneckomod:SoulDraw+1"],"relics":["sneckomod:SneckoSoul","NeowsBlessing","Bronze Scales","trackpad:BottledTsunami","hexamod:BolsterEngine","trackpad:PetRock","Abe\u0027s Treasure","aspiration:Lifesprig","ReplayTheSpireMod:TigerMarble","InkBottle","Lizard Tail","Matryoshka","Onion Ring","energizedSpire:OgreHead","Replay:Wax Seal","Membership Card","Grinning Jar","Blood Vial","aspiration:HummingbirdHeart","Replay:Towering Pillar of Hats","trackpad:IceCube","trackpad:GuardianSpirit","DollysMirror"],"acts_visited":["Exordium","TheCity","TheBeyond"],"potions_floor_usage":[41,42,42,42,50],"damage_taken":[{"damage":0.0,"enemies":"Cultist","floor":1.0,"turns":1.0},{"damage":0.0,"enemies":"Jaw Worm","floor":2.0,"turns":1.0},{"damage":0.0,"enemies":"2 Louse","floor":3.0,"turns":1.0},{"damage":12.0,"enemies":"Large Slime","floor":4.0,"turns":5.0},{"damage":2.0,"enemies":"2 Fungi Beasts","floor":5.0,"turns":3.0},{"damage":4.0,"enemies":"3 Sentries","floor":7.0,"turns":6.0},{"damage":0.0,"enemies":"Replay:BlueRogue","floor":10.0,"turns":5.0},{"damage":0.0,"enemies":"Looter","floor":11.0,"turns":2.0},{"damage":7.0,"enemies":"Slime Boss","floor":16.0,"turns":8.0},{"damage":7.0,"enemies":"Shell Parasite","floor":18.0,"turns":5.0},{"damage":8.0,"enemies":"Book of Stabbing","floor":23.0,"turns":6.0},{"damage":18.0,"enemies":"Slavers","floor":25.0,"turns":4.0},{"damage":71.0,"enemies":"Gremlin Leader","floor":28.0,"turns":6.0},{"damage":16.0,"enemies":"Slavers","floor":30.0,"turns":5.0},{"damage":0.0,"enemies":"Chosen","floor":31.0,"turns":3.0},{"damage":0.0,"enemies":"Automaton","floor":33.0,"turns":6.0},{"damage":3,"enemies":"3 Darklings","floor":35,"turns":2},{"damage":4,"enemies":"Orb Walker","floor":36,"turns":4},{"damage":8,"enemies":"R_Hoarder","floor":40,"turns":7},{"damage":33,"enemies":"Spire Growth","floor":41,"turns":5},{"damage":49,"enemies":"Reptomancer","floor":42,"turns":3},{"damage":12,"enemies":"Sphere and 2 Shapes","floor":45,"turns":1},{"damage":0,"enemies":"Transient","floor":47,"turns":5},{"damage":4,"enemies":"Spire Growth","floor":48,"turns":4},{"damage":16,"enemies":"Replay:Hell Engine","floor":50,"turns":4}],"seed_played":"-3102183615488977765","potions_obtained":[{"floor":2.0,"key":"SkillPotion"},{"floor":4.0,"key":"PowerPotion"},{"floor":5.0,"key":"Fire Potion"},{"floor":30.0,"key":"champ:CounterPotion"},{"floor":31.0,"key":"LifebloodPotion"},{"floor":38,"key":"LiquidBronze"},{"floor":41,"key":"Swift Potion"},{"floor":45,"key":"Ancient Potion"}],"is_trial":false,"path_per_floor":["M","M","M","M","M","R","E","R","T","E","M","$","T","$","R","B",null,"M","?","?","$","?","E","R","E","T","R","E","?","E","M","R","B",null,"M","M","?","?","$","E","M","E","T","$","M","R","M","M","R","B",null],"character_chosen":"THE_SNECKO","items_purchased":["ReplayUltimateDefense","sneckomod:CheapStock","Membership Card","Grinning Jar","expansioncontent:Corrupt","Blood Vial","sneckomod:SnekBeam","DollysMirror"],"campfire_rested":3,"item_purchase_floors":[12,21,39,39,39,39,44,44],"current_hp_per_floor":[81,81,81,69,67,67,63,63,63,65,67,67,67,67,67,62,88,83,83,83,83,83,76,76,59,59,59,50,50,34,34,64,66,91,89,91,91,91,91,87,56,10,10,10,32,63,71,72,105,91],"gold":84,"neow_bonus":"THREE_ENEMY_KILL","is_daily":false,"chose_seed":false,"campfire_upgraded":5,"win_rate":0.0,"timestamp":1608151598,"path_taken":["M","M","M","?","M","R","E","R","T","E","M","$","?","$","R","BOSS","M","?","?","$","?","E","R","E","T","R","E","?","E","M","R","BOSS","M","M","?","?","$","E","M","E","T","$","M","R","M","M","R","BOSS"],"items_purchased_type":["Card","Card","Relic","Relic","Card","Relic","Card","Relic"],"build_version":"2020-12-13","purchased_purges":3,"victory":true,"max_hp_per_floor":[90,90,90,90,90,90,90,90,90,92,94,94,94,94,94,96,96,98,98,98,98,98,99,99,100,100,100,101,101,101,101,101,99,99,100,102,102,102,102,104,104,105,105,105,106,106,108,111,111,111],"card_choices":[{"not_picked":["sneckomod:ImprovisedAttack","sneckomod:IronFang"],"picked":"sneckomod:SerpentIdol","floor":1.0},{"not_picked":["sneckomod:QuickMove","sneckomod:IronFang"],"picked":"sneckomod:Nope","floor":2.0},{"not_picked":["sneckomod:UnknownBlock","sneckomod:UnknownWeak"],"picked":"sneckomod:SerpentMind","floor":3.0},{"not_picked":["sneckomod:IronFang","sneckomod:SoulRoll"],"picked":"sneckomod:QuickMove","floor":4.0},{"not_picked":["sneckomod:RainOfDice","sneckomod:DiceBlock","sneckomod:UnknownClassYURI_RED"],"picked":"SKIP","floor":5.0},{"not_picked":["sneckomod:QuickBite","sneckomod:SoulDraw"],"picked":"sneckomod:MorePower","floor":7.0},{"not_picked":["sneckomod:UnknownClassSLIMEBOUND+1","sneckomod:UnknownCommonAttack+1"],"picked":"sneckomod:UnknownRarePower+1","floor":10.0},{"not_picked":["sneckomod:UnknownClassPURPLE+1","sneckomod:UnknownUncommonAttack+1"],"picked":"sneckomod:UnknownStrength+1","floor":10.0},{"not_picked":["sneckomod:UnknownBlock","sneckomod:DiceBoulder"],"picked":"sneckomod:DangerNoodle","floor":10.0},{"not_picked":["sneckomod:UnknownX+1","sneckomod:UnknownClassBLACKBEARD_BLACK+1","sneckomod:UnknownClassBLUE+1"],"picked":"SKIP","floor":10.0},{"not_picked":["sneckomod:UnknownClassBLUE+1","sneckomod:UnknownClassGUARDIAN+1"],"picked":"sneckomod:UnknownExhaust+1","floor":11.0},{"not_picked":["sneckomod:UnknownExhaust+1","sneckomod:UnknownClassYURI_PURPLE+1"],"picked":"sneckomod:UnknownRareSkill+1","floor":11.0},{"not_picked":["sneckomod:UnknownBlock+1","sneckomod:Unknown1Cost+1","sneckomod:UnknownClassYURI_RED+1"],"picked":"SKIP","floor":11.0},{"not_picked":["sneckomod:UnknownUncommonAttack","sneckomod:UnknownUncommonPower","sneckomod:QuickBite"],"picked":"SKIP","floor":11.0},{"not_picked":["sneckomod:UnknownUncommonAttack+1","sneckomod:UnknownClassGATHERER_LIME+1"],"picked":"sneckomod:UnknownRarePower+1","floor":16.0},{"not_picked":["sneckomod:UnknownClassBLACKBEARD_BLACK+1","sneckomod:UnknownUncommonAttack+1"],"picked":"sneckomod:UnknownRarePower+1","floor":16.0},{"not_picked":["sneckomod:Mudshield","sneckomod:SerpentMind"],"picked":"sneckomod:UnlimitedRolls","floor":16.0},{"not_picked":["sneckomod:UnknownUncommonSkill+1","sneckomod:UnknownClassGREEN+1"],"picked":"sneckomod:Unknown0Cost+1","floor":18.0},{"not_picked":["sneckomod:UnknownCommonSkill+1","sneckomod:UnknownClassPURPLE+1"],"picked":"sneckomod:UnknownRareAttack+1","floor":18.0},{"not_picked":["sneckomod:Unknown3Cost+1","sneckomod:UnknownClassGREEN+1","sneckomod:UnknownExhaust+1"],"picked":"SKIP","floor":18.0},{"not_picked":["sneckomod:UnknownRareSkill","sneckomod:UnknownCommonAttack","sneckomod:UnknownClassYURI_PURPLE"],"picked":"SKIP","floor":18.0},{"not_picked":["sneckomod:Unknown0Cost+1","sneckomod:UnknownClassPURPLE+1"],"picked":"sneckomod:UnknownRareSkill+1","floor":23.0},{"not_picked":["sneckomod:UnknownVulnerable+1","sneckomod:UnknownEthereal+1","sneckomod:UnknownCommonSkill+1"],"picked":"SKIP","floor":23.0},{"not_picked":["sneckomod:UnknownClassGREEN+1","sneckomod:Unknown1Cost+1","sneckomod:UnknownVulnerable+1"],"picked":"SKIP","floor":23.0},{"not_picked":["sneckomod:UnlimitedRolls","sneckomod:UnknownCommonAttack+1","sneckomod:UnknownClassGREEN"],"picked":"SKIP","floor":23.0},{"not_picked":["sneckomod:Unknown1Cost+1","sneckomod:Unknown0Cost+1"],"picked":"sneckomod:UnknownRareSkill+1","floor":25.0},{"not_picked":["sneckomod:UnknownWeak+1","sneckomod:UnknownX+1","sneckomod:UnknownClassGREEN+1"],"picked":"SKIP","floor":25.0},{"not_picked":["sneckomod:UnknownCommonAttack+1","sneckomod:UnknownStrike+1","sneckomod:UnknownCommonSkill+1"],"picked":"SKIP","floor":25.0},{"not_picked":["sneckomod:UnknownClassBLUE","sneckomod:UnknownClassYURI_RED+1","sneckomod:UnknownBlock"],"picked":"SKIP","floor":25.0},{"not_picked":["sneckomod:UnknownClassGATHERER_LIME+1","sneckomod:UnknownCommonAttack+1"],"picked":"sneckomod:UnknownRarePower+1","floor":28.0},{"not_picked":["sneckomod:UnknownClassPURPLE+1","sneckomod:UnknownClassGUARDIAN+1","sneckomod:UnknownUncommonAttack+1"],"picked":"SKIP","floor":28.0},{"not_picked":["sneckomod:Unknown1Cost+1","sneckomod:UnknownClassBLACKBEARD_BLACK+1","sneckomod:UnknownStrength+1"],"picked":"SKIP","floor":28.0},{"not_picked":["sneckomod:UnknownX","sneckomod:UnknownVulnerable+1","sneckomod:SoulDraw"],"picked":"SKIP","floor":28.0},{"not_picked":["sneckomod:UnknownExhaust+1","sneckomod:UnknownClassYURI_PURPLE","sneckomod:Mudshield"],"picked":"SKIP","floor":30.0},{"not_picked":["sneckomod:MasterEye","sneckomod:SoulRoll","sneckomod:UnknownStrike+1"],"picked":"SKIP","floor":31.0},{"not_picked":["sneckomod:UnlimitedRolls","sneckomod:UnknownRarePower"],"picked":"sneckomod:SoulExchange","floor":33.0},{"not_picked":["sneckomod:UnknownUncommonAttack+1","sneckomod:Unknown+1"],"picked":"sneckomod:UnknownWeak+1","floor":35},{"not_picked":["sneckomod:UnknownClassGUARDIAN+1","sneckomod:UnknownWeak+1","sneckomod:UnknownUncommonAttack+1"],"picked":"SKIP","floor":35},{"not_picked":["sneckomod:UnknownCommonAttack+1","sneckomod:UnknownStrike+1","sneckomod:UnknownClassBLACKBEARD_BLACK+1"],"picked":"SKIP","floor":35},{"not_picked":["sneckomod:UnknownClassTHE_CHAMP_GRAY","sneckomod:UnknownUncommonSkill","sneckomod:IronFang+1"],"picked":"SKIP","floor":35},{"not_picked":["sneckomod:UnknownClassYURI_RED+1","sneckomod:UnknownStrength+1"],"picked":"sneckomod:UnknownRareSkill+1","floor":36},{"not_picked":["sneckomod:Unknown+1","sneckomod:UnknownUncommonPower+1"],"picked":"sneckomod:UnknownRarePower+1","floor":36},{"not_picked":["sneckomod:UnknownClassBLACKBEARD_BLACK+1","sneckomod:UnknownClassBLUE+1","sneckomod:UnknownUncommonAttack+1"],"picked":"SKIP","floor":36},{"not_picked":["sneckomod:Unknown0Cost","sneckomod:UnknownUncommonAttack+1","sneckomod:UnknownVulnerable+1"],"picked":"SKIP","floor":36},{"not_picked":["Secret Weapon","Enlightenment"],"picked":"Sadistic Nature","floor":37},{"not_picked":["sneckomod:Unknown0Cost+1","sneckomod:Unknown+1"],"picked":"sneckomod:UnknownClassPURPLE+1","floor":40},{"not_picked":["sneckomod:Unknown3Cost+1","sneckomod:UnknownWeak+1"],"picked":"sneckomod:UnknownRarePower+1","floor":40},{"not_picked":["sneckomod:UnknownStrike+1","sneckomod:UnknownBlock+1","sneckomod:UnknownWeak+1"],"picked":"SKIP","floor":40},{"not_picked":["sneckomod:ImprovisedAttack","sneckomod:UnknownWeak","sneckomod:UnknownCommonAttack+1"],"picked":"SKIP","floor":40},{"not_picked":["sneckomod:RainOfDice","sneckomod:QuickMove"],"picked":"sneckomod:SnekBeam+1","floor":41},{"not_picked":["sneckomod:Unknown+1","sneckomod:UnknownClassYURI_RED+1"],"picked":"sneckomod:UnknownDexterity+1","floor":42},{"not_picked":["sneckomod:UnknownClassHEXA_GHOST_PURPLE+1","sneckomod:UnknownClassGUARDIAN+1","sneckomod:UnknownClassGREEN+1"],"picked":"SKIP","floor":42},{"not_picked":["sneckomod:Unknown2Cost+1","sneckomod:UnknownClassRED+1","sneckomod:UnknownClassTHE_CHAMP_GRAY+1"],"picked":"SKIP","floor":42},{"not_picked":["sneckomod:DiceCrush","sneckomod:UnknownX","sneckomod:Unknown1Cost"],"picked":"SKIP","floor":42},{"not_picked":["sneckomod:UnknownClassTHE_CHAMP_GRAY","sneckomod:SoulRoll"],"picked":"sneckomod:UnknownClassYURI_PURPLE+1","floor":45},{"not_picked":["sneckomod:UnknownUncommonAttack+1","sneckomod:Unknown2Cost+1"],"picked":"sneckomod:UnknownBlock+1","floor":47},{"not_picked":["sneckomod:UnknownBlock+1","sneckomod:UnknownVulnerable"],"picked":"sneckomod:TrashToTreasure","floor":47},{"not_picked":["sneckomod:Unknown+1","sneckomod:UnknownClassRED+1"],"picked":"sneckomod:UnknownClassGREEN+1","floor":47},{"not_picked":["sneckomod:UnknownStrength+1","sneckomod:UnknownClassHEXA_GHOST_PURPLE+1","sneckomod:Unknown1Cost+1"],"picked":"SKIP","floor":47},{"not_picked":["sneckomod:UnknownClassRED+1","sneckomod:UnknownVulnerable+1"],"picked":"sneckomod:UnknownRarePower+1","floor":48},{"not_picked":["sneckomod:UnknownClassSLIMEBOUND+1","sneckomod:UnknownUncommonSkill+1"],"picked":"sneckomod:UnknownClassPURPLE+1","floor":48},{"not_picked":["sneckomod:UnknownClassTHE_CHAMP_GRAY+1","sneckomod:UnknownX+1"],"picked":"sneckomod:UnknownClassPURPLE+1","floor":48},{"not_picked":["sneckomod:UnknownClassYURI_RED","sneckomod:UnknownClassBLACKBEARD_BLACK"],"picked":"sneckomod:SoulDraw+1","floor":48}],"player_experience":690954,"relics_obtained":[{"floor":7.0,"key":"Bronze Scales"},{"floor":9.0,"key":"trackpad:BottledTsunami"},{"floor":10.0,"key":"hexamod:BolsterEngine"},{"floor":13.0,"key":"trackpad:PetRock"},{"floor":23.0,"key":"ReplayTheSpireMod:TigerMarble"},{"floor":25.0,"key":"InkBottle"},{"floor":26.0,"key":"Lizard Tail"},{"floor":28.0,"key":"Matryoshka"},{"floor":30.0,"key":"Onion Ring"},{"floor":38,"key":"Replay:Wax Seal"},{"floor":40,"key":"aspiration:HummingbirdHeart"},{"floor":42,"key":"Replay:Towering Pillar of Hats"},{"floor":43,"key":"trackpad:IceCube"},{"floor":43,"key":"trackpad:GuardianSpirit"}],"event_choices":[{"damage_healed":0.0,"max_hp_gain":0.0,"max_hp_loss":0.0,"gold_gain":0.0,"event_name":"Addict","player_choice":"Obtained Relic","floor":19.0,"gold_loss":85.0,"damage_taken":0.0,"relics_obtained":["aspiration:Lifesprig"]},{"damage_healed":0.0,"max_hp_gain":0.0,"max_hp_loss":0.0,"gold_gain":0.0,"event_name":"Drug Dealer","player_choice":"Obtain J.A.X.","floor":20.0,"gold_loss":0.0,"damage_taken":0.0,"cards_obtained":["J.A.X."]},{"damage_healed":0.0,"max_hp_gain":0.0,"max_hp_loss":0.0,"gold_gain":0.0,"event_name":"Vampires","player_choice":"Ignored","floor":22.0,"gold_loss":0.0,"damage_taken":0.0},{"damage_healed":0,"gold_gain":0,"player_choice":"Memory 1","damage_taken":0,"max_hp_gain":0,"max_hp_loss":0,"event_name":"SensoryStone","floor":37,"gold_loss":0}],"is_beta":false,"boss_relics":[{"not_picked":["Honey Jar","aspiration:PoetsPen_weak"],"picked":"Abe\u0027s Treasure"},{"not_picked":["trackpad:StolenKidneys","Runic Dome"],"picked":"energizedSpire:OgreHead"}],"items_purged_floors":[12,39,44],"is_endless":false,"potions_floor_spawned":[2,4,5,30,31,41,45],"ascension_level":7}}