{"host":"j61pjxqytd94o6ng","time":1608088236,"event":{"mods":["BaseMod","Bestiary","Colored Map","Colored Powertips","Curses Come First","Filter the Spire","Minty Spire (QoL Compilation)","StSLib"],"gold_per_floor":[366,379,123,123,73,73,88,88,111,145,320,330,350,365,365,437,437,448,179,94,105,2,2,2,17,17,46,46,46,65,85,85,158,158,175,175,189,206,206,234,10,22,90,90,101,101,28,42,42,42],"floor_reached":51,"playtime":4737,"items_purged":["Regret","Strike_G","Doubt","Strike_G"],"score":1137,"play_id":"3f90f6e5-a02c-495d-8d03-d920a1eeb489","local_time":"20201215201036","is_ascension_mode":true,"campfire_choices":[{"data":"Footwork","floor":6.0,"key":"SMITH"},{"data":"Terror","floor":8.0,"key":"SMITH"},{"data":"Cloak And Dagger","floor":15.0,"key":"SMITH"},{"data":"Adrenaline","floor":23.0,"key":"SMITH"},{"data":"Prepared","floor":28.0,"key":"SMITH"},{"data":"Reflex","floor":32.0,"key":"SMITH"},{"floor":46,"key":"REST"},{"floor":49,"key":"REST"}],"circlet_count":0,"master_deck":["AscendersBane","Defend_G","Defend_G","Defend_G","Defend_G","Survivor+1","Neutralize","Footwork+1","Bouncing Flask+1","Reflex+1","Infinite Blades","Terror+1","Prepared+1","Leg Sweep","Deadly Poison","Cloak And Dagger+1","Adrenaline+1","Blade Dance","Backflip","Accuracy","Accuracy","Blur+1","Cloak And Dagger","Well Laid Plans","Envenom","Malaise+1","Expertise+1","Bouncing Flask+1","Expertise","Concentrate","Dash","Writhe"],"relics":["Ring of the Snake","Membership Card","Happy Flower","Kunai","SlaversCollar","Tiny Chest","Mercury Hourglass","Incense Burner","MutagenicStrength","War Paint","Art of War","Astrolabe","The Specimen","Juzu Bracelet","Ginger","Singing Bowl","Chemical X"],"acts_visited":["Exordium","TheCity","TheBeyond"],"potions_floor_usage":[40,50,50],"damage_taken":[{"damage":0.0,"enemies":"Cultist","floor":1.0,"turns":6.0},{"damage":6.0,"enemies":"Jaw Worm","floor":2.0,"turns":7.0},{"damage":0.0,"enemies":"2 Louse","floor":7.0,"turns":3.0},{"damage":4.0,"enemies":"Lagavulin","floor":10.0,"turns":6.0},{"damage":6.0,"enemies":"Exordium Thugs","floor":12.0,"turns":5.0},{"damage":4.0,"enemies":"Lots of Slimes","floor":13.0,"turns":7.0},{"damage":3.0,"enemies":"Red Slaver","floor":14.0,"turns":5.0},{"damage":15.0,"enemies":"Hexaghost","floor":16.0,"turns":8.0},{"damage":12.0,"enemies":"Chosen","floor":18.0,"turns":7.0},{"damage":16.0,"enemies":"Shell Parasite","floor":21.0,"turns":5.0},{"damage":0.0,"enemies":"Snake Plant","floor":25.0,"turns":4.0},{"damage":0.0,"enemies":"Gremlin Leader","floor":27.0,"turns":5.0},{"damage":0.0,"enemies":"Centurion and Healer","floor":30.0,"turns":7.0},{"damage":0.0,"enemies":"Sentry and Sphere","floor":31.0,"turns":6.0},{"damage":5.0,"enemies":"Champ","floor":33.0,"turns":7.0},{"damage":3.0,"enemies":"Orb Walker","floor":35.0,"turns":4.0},{"damage":0.0,"enemies":"3 Shapes","floor":37.0,"turns":4.0},{"damage":6.0,"enemies":"Jaw Worm Horde","floor":38.0,"turns":7.0},{"damage":30,"enemies":"Reptomancer","floor":40,"turns":6},{"damage":12,"enemies":"3 Darklings","floor":42,"turns":7},{"damage":23,"enemies":"4 Shapes","floor":45,"turns":5},{"damage":0,"enemies":"Maw","floor":48,"turns":7},{"damage":31,"enemies":"Time Eater","floor":50,"turns":14}],"seed_played":"5513325008825705424","potions_obtained":[{"floor":1.0,"key":"Poison Potion"},{"floor":13.0,"key":"Fire Potion"},{"floor":14.0,"key":"DistilledChaos"},{"floor":16.0,"key":"SpeedPotion"},{"floor":30.0,"key":"CultistPotion"},{"floor":37.0,"key":"AttackPotion"},{"floor":45,"key":"PowerPotion"},{"floor":48,"key":"EssenceOfSteel"}],"is_trial":false,"path_per_floor":["M","M","$","?","?","R","M","R","T","E","?","M","M","M","R","B",null,"M","$","?","M","$","R","?","M","T","E","R","?","M","M","R","B",null,"M","T","M","M","?","E","$","M","T","?","M","R","$","M","R","B",null],"character_chosen":"THE_SILENT","items_purchased":["Membership Card","Reflex","Infinite Blades","Tiny Chest","Backflip","Mercury Hourglass","Accuracy","Ginger","Chemical X"],"campfire_rested":2,"item_purchase_floors":[3,3,3,19,19,19,22,41,47],"current_hp_per_floor":[63,57,57,57,57,57,57,57,57,53,53,47,43,40,40,25,59,47,47,47,31,31,31,31,31,31,31,31,54,54,54,54,49,65,62,62,62,56,56,26,26,14,14,32,11,32,32,34,56,25],"gold":42,"neow_bonus":"TWO_FIFTY_GOLD","is_daily":false,"chose_seed":false,"campfire_upgraded":6,"win_rate":0.0,"timestamp":1608088236,"path_taken":["M","M","$","?","?","R","M","R","T","E","?","?","?","M","R","BOSS","M","$","?","M","$","R","?","M","T","E","R","?","M","M","R","BOSS","M","?","M","M","?","E","$","M","T","?","M","R","$","M","R","BOSS"],"items_purchased_type":["Relic","Card","Card","Relic","Card","Relic","Card","Relic","Relic"],"build_version":"2020-12-13","purchased_purges":4,"victory":true,"max_hp_per_floor":[70,70,70,70,70,70,70,70,70,70,70,70,70,70,70,70,70,70,70,70,70,70,70,70,70,70,70,70,70,70,70,70,70,70,70,70,70,70,70,70,70,70,70,70,72,72,72,74,74,74],"card_choices":[{"not_picked":["Cloak And Dagger","Deadly Poison"],"picked":"Footwork","floor":1.0},{"not_picked":["Acrobatics","Prepared"],"picked":"Bouncing Flask","floor":2.0},{"not_picked":["Dagger Throw","Slice"],"picked":"Terror","floor":7.0},{"not_picked":["Reflex","Backflip"],"picked":"Prepared","floor":10.0},{"not_picked":["Setup","Caltrops"],"picked":"Leg Sweep","floor":12.0},{"not_picked":["Underhanded Strike","Concentrate"],"picked":"Deadly Poison","floor":13.0},{"not_picked":["Dagger Throw","Acrobatics"],"picked":"Cloak And Dagger","floor":14.0},{"not_picked":["Tools of the Trade","Phantasmal Killer"],"picked":"Adrenaline","floor":16.0},{"not_picked":["Endless Agony+1","Poisoned Stab"],"picked":"Blade Dance","floor":18.0},{"not_picked":["Outmaneuver+1","Dagger Spray"],"picked":"Accuracy","floor":21.0},{"not_picked":["Dodge and Roll","Calculated Gamble"],"picked":"Blur","floor":25.0},{"not_picked":["Quick Slash","Terror","Sucker Punch"],"picked":"SKIP","floor":27.0},{"not_picked":["Backflip+1","Poisoned Stab"],"picked":"Cloak And Dagger","floor":30.0},{"not_picked":["Leg Sweep","Deflect"],"picked":"Well Laid Plans","floor":31.0},{"not_picked":["After Image","Die Die Die"],"picked":"Envenom","floor":33.0},{"not_picked":["Quick Slash","Finisher"],"picked":"Expertise","floor":35.0},{"not_picked":["Slice","Setup+1","Leg Sweep"],"picked":"SKIP","floor":37.0},{"not_picked":["Heel Hook","Calculated Gamble"],"picked":"Concentrate","floor":38.0},{"not_picked":["Bane+1","Flying Knee+1"],"picked":"Dash","floor":40},{"not_picked":["Flechettes","All Out Attack","Backflip"],"picked":"SKIP","floor":42},{"not_picked":["Cloak And Dagger","Leg Sweep","Dagger Spray+1"],"picked":"Singing Bowl","floor":45},{"not_picked":["Outmaneuver","Acrobatics","Prepared"],"picked":"Singing Bowl","floor":48}],"player_experience":449549,"relics_obtained":[{"floor":9.0,"key":"Happy Flower"},{"floor":10.0,"key":"Kunai"},{"floor":26.0,"key":"War Paint"},{"floor":27.0,"key":"Art of War"},{"floor":36.0,"key":"The Specimen"},{"floor":40,"key":"Juzu Bracelet"},{"floor":43,"key":"Singing Bowl"}],"event_choices":[{"damage_healed":0.0,"max_hp_gain":0.0,"max_hp_loss":0.0,"gold_gain":0.0,"event_name":"Living Wall","player_choice":"Grow","floor":4.0,"gold_loss":0.0,"damage_taken":0.0,"cards_upgraded":["Bouncing Flask"]},{"cards_removed":["Strike_G"],"damage_healed":0.0,"max_hp_gain":0.0,"max_hp_loss":0.0,"gold_gain":0.0,"event_name":"The Cleric","player_choice":"Card Removal","floor":5.0,"gold_loss":50.0,"damage_taken":0.0},{"damage_healed":0.0,"max_hp_gain":0.0,"max_hp_loss":0.0,"gold_gain":175.0,"event_name":"Liars Game","player_choice":"AGREE","floor":11.0,"gold_loss":0.0,"damage_taken":0.0,"cards_obtained":["Doubt"]},{"damage_healed":0.0,"max_hp_gain":0.0,"max_hp_loss":0.0,"gold_gain":0.0,"event_name":"Addict","player_choice":"Obtained Relic","floor":20.0,"gold_loss":85.0,"damage_taken":0.0,"relics_obtained":["Incense Burner"]},{"damage_healed":0.0,"max_hp_gain":0.0,"max_hp_loss":0.0,"gold_gain":0.0,"event_name":"Drug Dealer","player_choice":"Inject Mutagens","floor":24.0,"gold_loss":0.0,"damage_taken":0.0,"relics_obtained":["MutagenicStrength"]},{"damage_healed":23.0,"max_hp_gain":0.0,"max_hp_loss":0.0,"gold_gain":0.0,"event_name":"The Library","player_choice":"Heal","floor":29.0,"gold_loss":0.0,"damage_taken":0.0},{"damage_healed":0,"gold_gain":0,"player_choice":"Ignored","damage_taken":0,"max_hp_gain":0,"max_hp_loss":0,"event_name":"Mysterious Sphere","floor":39,"gold_loss":0},{"damage_healed":18,"gold_gain":0,"player_choice":"Writhe","damage_taken":0,"max_hp_gain":0,"max_hp_loss":0,"event_name":"Winding Halls","floor":44,"gold_loss":0,"cards_obtained":["Writhe"]}],"is_beta":false,"boss_relics":[{"not_picked":["Fusion Hammer","Ectoplasm"],"picked":"SlaversCollar"},{"not_picked":["Coffee Dripper","Busted Crown"],"picked":"Astrolabe"}],"items_purged_floors":[3,19,22,41],"is_endless":false,"potions_floor_spawned":[1,13,14,16,18,30,31,37,38,45,48],"ascension_level":13}}