{"host":"81dxrjdkqahvuj3t","time":1608082069,"event":{"mods":["BaseMod","Colored Map","Minty Spire (QoL Compilation)","StSLib"],"gold_per_floor":[110,120,120,120,72,72,87,87,110,110,133,113,133,143,143,238,238,250,280,280,298,313,313,333,359,359,359,284,46,46,16,16,16,16],"floor_reached":33,"playtime":1524,"items_purged":[],"score":342,"play_id":"15d621a2-df27-4358-8c8c-71799d485190","local_time":"20201215202749","is_ascension_mode":true,"campfire_choices":[{"data":"Headbutt","floor":6,"key":"SMITH"},{"data":"Wild Strike","floor":8,"key":"SMITH"},{"data":"Bash","floor":10,"key":"SMITH"},{"floor":15,"key":"REST"},{"floor":23,"key":"REST"},{"floor":27,"key":"REST"},{"floor":32,"key":"REST"}],"circlet_count":0,"master_deck":["Strike_R+1","Strike_R+1","Strike_R+1","Strike_R+1","Strike_R+1","Defend_R+1","Defend_R+1","Defend_R+1","Bash+1","Carnage","Headbutt+1","Wild Strike+1","Disarm","Sword Boomerang","Flame Barrier","Brutality","CurseOfTheBell","Rage+1","Inflame+1","True Grit","Fire Breathing","Twin Strike","Wild Strike","Battle Trance"],"relics":["Burning Blood","Ginger","Matryoshka","The Courier","Orichalcum","Odd Mushroom","Calling Bell","Boot","Paper Frog","Du-Vu Doll","Red Mask","Darkstone Periapt","Juzu Bracelet","Singing Bowl","Turnip"],"acts_visited":["Exordium","TheCity"],"potions_floor_usage":[6,13,14,19,21,22,22,22,25,25],"damage_taken":[{"damage":18,"enemies":"Jaw Worm","floor":1,"turns":4},{"damage":6,"enemies":"Cultist","floor":2,"turns":3},{"damage":10,"enemies":"Small Slimes","floor":7,"turns":3},{"damage":22,"enemies":"The Mushroom Lair","floor":11,"turns":4},{"damage":14,"enemies":"Gremlin Gang","floor":13,"turns":4},{"damage":2,"enemies":"3 Louse","floor":14,"turns":2},{"damage":29,"enemies":"Hexaghost","floor":16,"turns":11},{"damage":7,"enemies":"Chosen","floor":18,"turns":3},{"damage":29,"enemies":"Masked Bandits","floor":19,"turns":4},{"damage":12,"enemies":"3 Byrds","floor":21,"turns":4},{"damage":20,"enemies":"Shelled Parasite and Fungi","floor":22,"turns":5},{"damage":21,"enemies":"Snake Plant","floor":24,"turns":4},{"damage":30,"enemies":"Slavers","floor":25,"turns":7},{"damage":67,"enemies":"Automaton","floor":33,"turns":6}],"seed_played":"2471860914344317722","potions_obtained":[{"floor":2,"key":"ElixirPotion"},{"floor":7,"key":"Block Potion"},{"floor":12,"key":"SkillPotion"},{"floor":16,"key":"Explosive Potion"},{"floor":21,"key":"EntropicBrew"},{"floor":22,"key":"Dexterity Potion"}],"is_trial":false,"path_per_floor":["M","M","?","?","$","R","M","R","T","R","?","?","M","M","R","B",null,"M","?","?","M","M","R","M","E","T","R","?","$","?","$","R","B"],"character_chosen":"IRONCLAD","items_purchased":["BloodPotion","Turnip","Battle Trance"],"campfire_rested":4,"item_purchase_floors":[5,29,31],"current_hp_per_floor":[60,60,42,42,42,58,54,54,54,54,38,38,30,34,58,35,69,68,45,33,27,29,53,38,14,14,38,38,38,38,38,62,0,0],"gold":16,"neow_bonus":"ONE_RARE_RELIC","is_daily":false,"chose_seed":false,"campfire_upgraded":3,"win_rate":0.0,"timestamp":1608082069,"path_taken":["M","M","?","?","$","R","?","R","T","R","?","?","?","M","R","BOSS","M","?","?","?","M","R","M","E","T","R","?","$","?","?","R","BOSS"],"items_purchased_type":["Potion","Relic","Card"],"build_version":"2020-12-13","purchased_purges":0,"victory":false,"max_hp_per_floor":[80,80,80,80,80,80,80,80,80,80,80,80,80,80,80,80,80,80,80,80,80,80,80,80,80,80,80,80,80,80,80,80,80,80],"card_choices":[{"not_picked":["Uppercut","Thunderclap"],"picked":"Carnage","floor":1},{"not_picked":["Havoc","Pummel"],"picked":"Headbutt","floor":2},{"not_picked":["Hemokinesis","Power Through"],"picked":"Wild Strike","floor":7},{"not_picked":["Flex","Anger"],"picked":"Disarm","floor":11},{"not_picked":["Body Slam","Whirlwind"],"picked":"Sword Boomerang","floor":13},{"not_picked":["Heavy Blade","Havoc"],"picked":"Flame Barrier","floor":14},{"not_picked":["Corruption","Immolate"],"picked":"Brutality","floor":16},{"not_picked":["Wild Strike","Heavy Blade+1"],"picked":"Rage+1","floor":18},{"not_picked":["Armaments","Anger"],"picked":"Inflame+1","floor":19},{"not_picked":["Shrug It Off","Whirlwind"],"picked":"True Grit","floor":21},{"not_picked":["Dropkick","Clash+1"],"picked":"Fire Breathing","floor":22},{"not_picked":["Berserk","Flex"],"picked":"Twin Strike","floor":24},{"not_picked":["Brutality","Entrench"],"picked":"Wild Strike","floor":25}],"player_experience":410529,"relics_obtained":[{"floor":9,"key":"The Courier"},{"floor":9,"key":"Orichalcum"},{"floor":11,"key":"Odd Mushroom"},{"floor":17,"key":"Boot"},{"floor":17,"key":"Paper Frog"},{"floor":17,"key":"Du-Vu Doll"},{"floor":19,"key":"Red Mask"},{"floor":25,"key":"Darkstone Periapt"},{"floor":26,"key":"Juzu Bracelet"},{"floor":26,"key":"Singing Bowl"}],"event_choices":[{"damage_healed":0,"gold_gain":0,"player_choice":"Success","damage_taken":18,"relics_obtained":["Matryoshka"],"max_hp_gain":0,"max_hp_loss":0,"event_name":"Scrap Ooze","floor":3,"gold_loss":0},{"cards_removed":["Shame"],"damage_healed":0,"gold_gain":0,"player_choice":"Card Removal","damage_taken":0,"max_hp_gain":0,"max_hp_loss":0,"event_name":"Wheel of Change","floor":4,"gold_loss":0},{"damage_healed":0,"gold_gain":0,"player_choice":"Fought Mushrooms","damage_taken":0,"max_hp_gain":0,"max_hp_loss":0,"event_name":"Mushrooms","floor":11,"gold_loss":0},{"damage_healed":0,"gold_gain":0,"player_choice":"Bought 1 Potion","damage_taken":0,"max_hp_gain":0,"max_hp_loss":0,"event_name":"The Woman in Blue","floor":12,"gold_loss":0},{"damage_healed":0,"gold_gain":0,"player_choice":"Fought Bandits","damage_taken":0,"max_hp_gain":0,"max_hp_loss":0,"event_name":"Masked Bandits","floor":19,"gold_loss":0},{"damage_healed":0,"gold_gain":0,"player_choice":"POTION ","damage_taken":12,"max_hp_gain":0,"max_hp_loss":0,"event_name":"Knowing Skull","floor":20,"potions_obtained":["SkillPotion"],"gold_loss":0,"cards_obtained":[]},{"cards_removed":["Defend_R"],"damage_healed":0,"gold_gain":0,"player_choice":"Gave Gold","damage_taken":0,"max_hp_gain":0,"max_hp_loss":0,"event_name":"Beggar","floor":28,"gold_loss":75},{"damage_healed":0,"gold_gain":0,"player_choice":"Simplicity","damage_taken":0,"max_hp_gain":0,"max_hp_loss":0,"event_name":"Back to Basics","floor":30,"gold_loss":0,"cards_upgraded":["Strike_R","Strike_R","Strike_R","Strike_R","Strike_R","Defend_R","Defend_R","Defend_R"]}],"is_beta":false,"boss_relics":[{"not_picked":["Velvet Choker","Runic Cube"],"picked":"Calling Bell"}],"items_purged_floors":[],"is_endless":false,"potions_floor_spawned":[2,7,16,21,22],"killed_by":"Automaton","ascension_level":7}}