{"host":"kda2p2afd6bvz6qo","time":1608089625,"event":{"mods":["BaseMod","Colored Map","Minty Spire (QoL Compilation)","Relic Stats"],"gold_per_floor":[114,114,129,129,144,174,174,204,229,244,244,259,274,103,103,203,203,218,233,248,263,278,308,308,338,363,393,393,308,308,233,233,333,333,348,348,398,398,253,253,268,298,348,363,393,268,298,313,313,313],"floor_reached":51,"playtime":4390,"items_purged":["Ball Lightning","Conserve Battery"],"score":980,"play_id":"a1f147e0-3fb5-49c4-bc46-55bb3cf097bb","local_time":"20201216033345","daily_mods":["SealedDeck","ControlledChaos","Terminal"],"is_ascension_mode":false,"campfire_choices":[{"data":"Coolheaded","floor":7.0,"key":"SMITH"},{"data":"Consume","floor":11.0,"key":"SMITH"},{"data":"Loop","floor":15.0,"key":"SMITH"},{"floor":24.0,"key":"REST"},{"floor":28,"key":"REST"},{"data":"Double Energy","floor":30,"key":"SMITH"},{"data":"Seek","floor":32,"key":"SMITH"},{"data":"Rainbow","floor":49,"key":"PURGE"}],"circlet_count":0,"master_deck":["Recycle","Tempest","Coolheaded+1","Consume+1","Hologram","Loop+1","Capacitor","Double Energy+1","Skim","Seek+1","Defragment+1","Seek","Coolheaded+1","Skim+1","Amplify","Capacitor+1","Turbo+1"],"relics":["Cracked Core","Frozen Eye","Symbiotic Virus","Kunai","Art of War","Membership Card","Philosopher\u0027s Stone","Potion Belt","InkBottle","Omamori","Pantograph","Peace Pipe","Fusion Hammer","Ginger","Toxic Egg 2","Shuriken","Anchor","HornCleat","Chemical X","StrikeDummy"],"acts_visited":["Exordium","TheCity","TheBeyond"],"potions_floor_usage":[27,27,50],"damage_taken":[{"damage":0.0,"enemies":"Jaw Worm","floor":1.0,"turns":3.0},{"damage":0.0,"enemies":"Cultist","floor":3.0,"turns":2.0},{"damage":0.0,"enemies":"2 Louse","floor":5.0,"turns":2.0},{"damage":6.0,"enemies":"Gremlin Nob","floor":6.0,"turns":3.0},{"damage":0.0,"enemies":"3 Sentries","floor":8.0,"turns":7.0},{"damage":18.0,"enemies":"Gremlin Gang","floor":10.0,"turns":3.0},{"damage":0.0,"enemies":"2 Fungi Beasts","floor":12.0,"turns":3.0},{"damage":5.0,"enemies":"3 Louse","floor":13.0,"turns":3.0},{"damage":0.0,"enemies":"Slime Boss","floor":16.0,"turns":5.0},{"damage":0.0,"enemies":"Chosen","floor":18.0,"turns":3.0},{"damage":0.0,"enemies":"Shell Parasite","floor":19.0,"turns":5.0},{"damage":0.0,"enemies":"3 Cultists","floor":20.0,"turns":5.0},{"damage":13.0,"enemies":"Snake Plant","floor":21.0,"turns":5.0},{"damage":1.0,"enemies":"Chosen and Byrds","floor":22.0,"turns":5.0},{"damage":39.0,"enemies":"Slavers","floor":23.0,"turns":5.0},{"damage":7.0,"enemies":"Book of Stabbing","floor":25.0,"turns":4.0},{"damage":3,"enemies":"Slavers","floor":27,"turns":4},{"damage":8,"enemies":"Champ","floor":33,"turns":6},{"damage":5,"enemies":"Orb Walker","floor":35,"turns":3},{"damage":0,"enemies":"Mind Bloom Boss Battle","floor":37,"turns":4},{"damage":0,"enemies":"3 Shapes","floor":41,"turns":1},{"damage":0,"enemies":"Giant Head","floor":42,"turns":6},{"damage":0,"enemies":"Maw","floor":44,"turns":2},{"damage":0,"enemies":"Reptomancer","floor":45,"turns":4},{"damage":0,"enemies":"Nemesis","floor":47,"turns":1},{"damage":0,"enemies":"4 Shapes","floor":48,"turns":1},{"damage":0,"enemies":"Donu and Deca","floor":50,"turns":2}],"seed_played":"4580661739168851385","potions_obtained":[{"floor":3.0,"key":"PowerPotion"},{"floor":10.0,"key":"Weak Potion"},{"floor":16.0,"key":"FocusPotion"},{"floor":23.0,"key":"EntropicBrew"},{"floor":35,"key":"LiquidMemories"},{"floor":41,"key":"GamblersBrew"},{"floor":42,"key":"GamblersBrew"},{"floor":44,"key":"Swift Potion"}],"is_trial":false,"path_per_floor":["M","?","M","?","M","E","R","E","T","M","R","M","M","$","R","B",null,"M","M","M","M","M","E","R","E","T","E","R","?","R","?","R","B",null,"M","?","?","?","$","T","M","E","T","M","E","$","E","M","R","B",null],"character_chosen":"DEFECT","items_purchased":["Membership Card","Loop","Amplify","DistilledChaos","Chemical X"],"campfire_rested":2,"item_purchase_floors":[14,14,39,39,46],"current_hp_per_floor":[73,72,71,70,69,63,63,63,63,45,45,45,40,40,40,40,57,56,55,54,41,40,1,16,9,9,6,20,20,20,20,20,34,40,35,35,37,36,35,34,33,32,31,30,29,28,27,26,25,24],"gold":313,"neow_bonus":"","is_daily":true,"chose_seed":false,"campfire_upgraded":5,"win_rate":0.0,"timestamp":1608089625,"path_taken":["M","?","?","?","M","E","R","E","T","M","R","M","M","$","R","BOSS","M","M","M","M","?","E","R","E","T","E","R","?","R","?","R","BOSS","M","?","?","?","$","?","M","E","T","M","E","$","E","M","R","BOSS"],"items_purchased_type":["Relic","Card","Card","Potion","Relic"],"build_version":"2020-12-13","purchased_purges":2,"victory":true,"max_hp_per_floor":[73,72,71,70,69,68,67,66,65,64,63,62,61,60,59,58,57,56,55,54,53,52,51,50,49,48,47,46,45,44,43,42,41,40,39,38,37,36,35,34,33,32,31,30,29,28,27,26,25,24],"relic_stats":{"Peace Pipe":1,"counters":[27,94],"Shuriken":[1],"Pantograph":25,"Art of War":[29],"Kunai":[4],"Ginger":[5],"Chemical X":[4],"obtain_stats":[{"Potion Belt":23,"Omamori":26,"Ginger":37,"Peace Pipe":29,"Frozen Eye":0,"Anchor":43,"HornCleat":45,"Shuriken":42,"Pantograph":27,"Philosopher\u0027s Stone":17,"Fusion Hammer":34,"Art of War":9,"Kunai":8,"Membership Card":14,"Chemical X":46,"Toxic Egg 2":40,"Cracked Core":0,"Symbiotic Virus":6,"StrikeDummy":47,"InkBottle":25},{"Potion Belt":15,"Omamori":16,"Ginger":20,"Peace Pipe":17,"Frozen Eye":0,"Anchor":22,"HornCleat":24,"Shuriken":22,"Pantograph":17,"Philosopher\u0027s Stone":9,"Fusion Hammer":18,"Art of War":5,"Kunai":5,"Membership Card":8,"Chemical X":24,"Toxic Egg 2":20,"Cracked Core":0,"Symbiotic Virus":4,"StrikeDummy":25,"InkBottle":16},{"Potion Belt":57,"Omamori":60,"Ginger":77,"Peace Pipe":64,"Frozen Eye":0,"Anchor":84,"HornCleat":90,"Shuriken":84,"Pantograph":64,"Philosopher\u0027s Stone":31,"Fusion Hammer":70,"Art of War":17,"Kunai":17,"Membership Card":26,"Chemical X":90,"Toxic Egg 2":77,"Cracked Core":0,"Symbiotic Virus":10,"StrikeDummy":91,"InkBottle":60}],"InkBottle":[23]},"card_choices":[{"not_picked":["Hello World","Consume","Cold Snap"],"picked":"SKIP","floor":1.0},{"not_picked":["Leap","Ball Lightning","Conserve Battery"],"picked":"SKIP","floor":3.0},{"not_picked":["Fusion","Steam"],"picked":"Hologram","floor":5.0},{"not_picked":["Go for the Eyes","Redo","Static Discharge"],"picked":"SKIP","floor":6.0},{"not_picked":["Compile Driver","Chaos","Undo"],"picked":"SKIP","floor":8.0},{"not_picked":["Force Field","Auto Shields","Darkness"],"picked":"SKIP","floor":10.0},{"not_picked":["Beam Cell","Auto Shields","FTL"],"picked":"SKIP","floor":12.0},{"not_picked":["Streamline","Beam Cell","Consume"],"picked":"SKIP","floor":13.0},{"not_picked":["Reboot","Hyperbeam"],"picked":"Rainbow","floor":16.0},{"not_picked":["Hologram","Beam Cell","Rebound"],"picked":"SKIP","floor":18.0},{"not_picked":["Steam+1","Thunder Strike","Leap"],"picked":"SKIP","floor":19.0},{"not_picked":["Aggregate+1","Force Field+1"],"picked":"Capacitor","floor":20.0},{"not_picked":["Beam Cell+1","White Noise"],"picked":"Double Energy","floor":21.0},{"not_picked":["Barrage","Darkness"],"picked":"Skim","floor":22.0},{"not_picked":["Sweeping Beam","Hologram"],"picked":"Seek","floor":23.0},{"not_picked":["Ball Lightning+1","Steam+1"],"picked":"Defragment+1","floor":25.0},{"not_picked":["Doom and Gloom","Cold Snap+1","Sweeping Beam"],"picked":"SKIP","floor":27},{"not_picked":["Core Surge","Meteor Strike"],"picked":"Seek","floor":33},{"not_picked":["Sweeping Beam","Redo+1"],"picked":"Coolheaded+1","floor":35},{"not_picked":["Rebound+1","Gash+1"],"picked":"Skim+1","floor":37},{"not_picked":["Steam Power+1","Consume+1","Reprogram+1"],"picked":"SKIP","floor":41},{"not_picked":["Hologram+1","Buffer"],"picked":"Capacitor+1","floor":42},{"not_picked":["Cold Snap","Hologram+1","Streamline+1"],"picked":"SKIP","floor":44},{"not_picked":["Barrage","Tempest+1"],"picked":"Turbo+1","floor":45},{"not_picked":["Redo+1","Rip and Tear+1","Turbo+1"],"picked":"SKIP","floor":47},{"not_picked":["Defragment+1","Steam Power+1","Conserve Battery+1"],"picked":"SKIP","floor":48}],"player_experience":69911,"relics_obtained":[{"floor":6.0,"key":"Symbiotic Virus"},{"floor":8.0,"key":"Kunai"},{"floor":9.0,"key":"Art of War"},{"floor":23.0,"key":"Potion Belt"},{"floor":25.0,"key":"InkBottle"},{"floor":26.0,"key":"Omamori"},{"floor":27,"key":"Pantograph"},{"floor":37,"key":"Ginger"},{"floor":40,"key":"Toxic Egg 2"},{"floor":42,"key":"Shuriken"},{"floor":43,"key":"Anchor"},{"floor":45,"key":"HornCleat"},{"floor":47,"key":"StrikeDummy"}],"event_choices":[{"cards_removed":["Ball Lightning"],"damage_healed":0.0,"max_hp_gain":0.0,"max_hp_loss":0.0,"gold_gain":0.0,"event_name":"Wheel of Change","player_choice":"Card Removal","floor":2.0,"gold_loss":0.0,"damage_taken":0.0},{"cards_removed":["Darkness"],"damage_healed":0.0,"max_hp_gain":0.0,"max_hp_loss":0.0,"gold_gain":0.0,"event_name":"Purifier","player_choice":"Purged","floor":4.0,"gold_loss":0.0,"damage_taken":0.0},{"damage_healed":0,"gold_gain":0,"player_choice":"Obtained Relic","damage_taken":0,"relics_obtained":["Peace Pipe"],"max_hp_gain":0,"max_hp_loss":0,"event_name":"Addict","floor":29,"gold_loss":85},{"cards_removed":["Coolheaded"],"damage_healed":0,"gold_gain":0,"player_choice":"Gave Gold","damage_taken":0,"max_hp_gain":0,"max_hp_loss":0,"event_name":"Beggar","floor":31,"gold_loss":75},{"damage_healed":0,"gold_gain":0,"player_choice":"Memory 1","damage_taken":0,"max_hp_gain":0,"max_hp_loss":0,"event_name":"SensoryStone","floor":36,"gold_loss":0},{"damage_healed":0,"gold_gain":0,"player_choice":"Fight","damage_taken":0,"max_hp_gain":0,"max_hp_loss":0,"event_name":"MindBloom","floor":37,"gold_loss":0},{"cards_removed":["Redo"],"damage_healed":0,"gold_gain":0,"player_choice":"Removed Skill","damage_taken":0,"max_hp_gain":0,"max_hp_loss":0,"event_name":"Falling","floor":38,"gold_loss":0}],"is_beta":false,"boss_relics":[{"not_picked":["SacredBark","Astrolabe"],"picked":"Philosopher\u0027s Stone"},{"not_picked":["Empty Cage","FrozenCore"],"picked":"Fusion Hammer"}],"items_purged_floors":[39,46],"is_endless":false,"potions_floor_spawned":[3,10,16,18,19,23,35,41,42,44,47,48],"ascension_level":0}}