{"host":"dntw6kil9p09eemm","time":1608153692,"event":{"mods":["Aspiration","BaseMod","BetterRewards","Colored Powertips","Downfall","Hermit","Hubris","Keyboard Shortcuts","Minty Spire (QoL Compilation)","Permanent Neow","Shop Mod","Spicy Shops","StSLib","The Runesmith","Waifu the Spire","vexMod"],"gold_per_floor":[110,128,144,144,159,202,202,243,243,29,29,29,29,52,52,177,177,196,158,158,173,188,188,188],"floor_reached":23,"playtime":1203,"items_purged":["hexamod:Haunt+1"],"score":201,"play_id":"25c7e6ab-9c72-4ee2-95e9-0c09a7986e52","local_time":"20201217062132","is_ascension_mode":false,"campfire_choices":[{"floor":7,"key":"REST"},{"data":"hexamod:Float","floor":11,"key":"SMITH"},{"data":"hexamod:FastForward","floor":15,"key":"SMITH"}],"circlet_count":0,"master_deck":["hexamod:Strike","hexamod:Strike","hexamod:Defend","hexamod:Sear","hexamod:Float+1","hexamod:ThermalTransfer","hexamod:PhantomFireball","hexamod:FastForward+1","hexamod:SoulSteal","hexamod:GhostflameInferno","hexamod:GhostflameInferno","hexamod:Hexaguard+1","hexamod:FirstSeal","hexamod:RecurringNightmare","hexamod:Rewind","hexamod:FastForward+1","hexamod:Firestarter"],"relics":["hexamod:SpiritBrand","Golden Idol","Toy Ornithopter","PreservedInsect","hexamod:InflammatoryLetter","Membership Card","MerchantsRug","hubris:Towel","Astrolabe"],"acts_visited":["Exordium","TheCity"],"potions_floor_usage":[6,18],"damage_taken":[{"damage":0,"enemies":"2 Louse","floor":1,"turns":3},{"damage":4,"enemies":"Small Slimes","floor":2,"turns":4},{"damage":0,"enemies":"Jaw Worm","floor":3,"turns":3},{"damage":15,"enemies":"Exordium Wildlife","floor":5,"turns":4},{"damage":10,"enemies":"Gremlin Nob","floor":6,"turns":5},{"damage":5,"enemies":"3 Sentries","floor":8,"turns":7},{"damage":0,"enemies":"Looter","floor":14,"turns":3},{"damage":35,"enemies":"Slime Boss","floor":16,"turns":11},{"damage":18,"enemies":"2 Thieves","floor":18,"turns":4},{"damage":14,"enemies":"Spheric Guardian","floor":21,"turns":4},{"damage":40,"enemies":"Chosen and Byrds","floor":22,"turns":6},{"damage":22,"enemies":"Book of Stabbing","floor":23,"turns":3}],"seed_played":"1704605908135945502","potions_obtained":[{"floor":1,"key":"EssenceOfSteel"},{"floor":3,"key":"SpeedPotion"},{"floor":5,"key":"hexamod:DoubleChargePotion"},{"floor":14,"key":"Regen Potion"},{"floor":16,"key":"DistilledChaos"}],"is_trial":false,"path_per_floor":["M","M","M","?","M","E","R","E","T","$","R","?","$","M","R","B",null,"M","$","?","M","M","E"],"character_chosen":"THE_SPIRIT","items_purchased":["Membership Card","MerchantsRug"],"campfire_rested":1,"item_purchase_floors":[10,10],"current_hp_per_floor":[70,66,66,65,50,40,59,54,54,54,54,54,54,54,54,19,65,57,57,57,50,17,0,0],"gold":188,"neow_bonus":"REMOVE_CARD","is_daily":false,"chose_seed":false,"campfire_upgraded":2,"win_rate":0.0,"timestamp":1608153692,"path_taken":["M","M","M","?","M","E","R","E","T","$","R","?","$","M","R","BOSS","M","$","?","M","M","E"],"items_purchased_type":["Relic","Relic"],"build_version":"2020-12-13","purchased_purges":1,"victory":false,"max_hp_per_floor":[70,70,70,65,65,65,65,65,65,65,65,65,65,65,65,65,65,65,65,65,65,65,65,65],"card_choices":[{"not_picked":["hexamod:Again","hexamod:HauntingEcho"],"picked":"hexamod:ThermalTransfer","floor":1},{"not_picked":["hexamod:ShieldOfDarkness","hexamod:SwordOfDarkness"],"picked":"hexamod:PhantomFireball","floor":2},{"not_picked":["hexamod:TimeWarp","hexamod:HauntingEcho"],"picked":"hexamod:FastForward","floor":3},{"not_picked":["hexamod:AdvancingGuard","hexamod:SpectersWail","hexamod:Hexaguard"],"picked":"SKIP","floor":5},{"not_picked":["hexamod:NightmareStrike","hexamod:SwordOfDarkness","hexamod:Haunt"],"picked":"SKIP","floor":6},{"not_picked":["hexamod:HauntingEcho","hexamod:SwordOfDarkness"],"picked":"hexamod:SoulSteal","floor":8},{"not_picked":["hexamod:SpectralAdrenaline","hexamod:SwordOfDarkness"],"picked":"hexamod:GhostflameInferno","floor":14},{"not_picked":["hexamod:UnlimitedPower","hexamod:UnleashSpirits"],"picked":"hexamod:GhostflameInferno","floor":16},{"not_picked":["hexamod:GhostShield","hexamod:ShieldOfDarkness"],"picked":"hexamod:FirstSeal","floor":18},{"not_picked":["hexamod:Hexaguard","hexamod:CrushingStance"],"picked":"hexamod:FastForward+1","floor":21},{"not_picked":["hexamod:AdvancingGuard","hexamod:NightmareStrike"],"picked":"hexamod:Firestarter","floor":22}],"player_experience":373464,"relics_obtained":[{"floor":6,"key":"Toy Ornithopter"},{"floor":8,"key":"PreservedInsect"},{"floor":9,"key":"hexamod:InflammatoryLetter"}],"event_choices":[{"damage_healed":0,"gold_gain":0,"player_choice":"Lose Max HP","damage_taken":0,"relics_obtained":["Golden Idol"],"max_hp_gain":0,"max_hp_loss":5,"event_name":"Golden Idol","floor":4,"gold_loss":0},{"damage_healed":0,"gold_gain":0,"cards_transformed":["hexamod:Defend","hexamod:ChargedBarrage"],"player_choice":"Became Test Subject","damage_taken":0,"max_hp_gain":0,"max_hp_loss":0,"event_name":"Drug Dealer","floor":20,"gold_loss":0,"cards_obtained":["hexamod:RecurringNightmare","hexamod:Rewind"]}],"is_beta":false,"boss_relics":[{"not_picked":["Runic Pyramid","aspiration:SecretTechniqueScroll"],"picked":"Astrolabe"}],"items_purged_floors":[19],"is_endless":false,"potions_floor_spawned":[1,3,5,14,16],"killed_by":"Book of Stabbing","ascension_level":0}}