{"host":"8aazbu429xvxw5ti","time":1608095298,"event":{"mods":["2.2 Compatiblity","BaseMod","Colored Map","DeckTracker","Highlight Path","Keyboard Shortcuts","Minty Spire (QoL Compilation)","Permanent Neow","Quick Restart","StSLib","SuperFastMode","everything is the same but u backflip on backflip"],"gold_per_floor":[113,125,75,92,111,111,137,153,178,178,190,201,53,70,70,172,172,182,31,45,45,45,45,60,70,70,88,105,55,67,84,84,189,239,252,262,262,262],"floor_reached":37,"playtime":1691,"items_purged":["Defend_R","Strike_R"],"score":526,"play_id":"7bcdc04a-a1ea-4674-86c6-711e355e5018","local_time":"20201216140818","is_ascension_mode":true,"campfire_choices":[{"data":"Armaments","floor":6.0,"key":"SMITH"},{"data":"Flex","floor":15.0,"key":"SMITH"},{"data":"Warcry","floor":23.0,"key":"SMITH"},{"data":"Rage","floor":32.0,"key":"SMITH"}],"circlet_count":0,"master_deck":["Strike_R","Defend_R","Defend_R","Bash","Reaper","Flex+1","Sword Boomerang","Anger+1","Armaments+1","Thunderclap","Spot Weakness","Clash","Warcry+1","Battle Trance","Clash","Clash","Burning Pact","Pummel+1","Clash","Clash+1","Rage+1","Limit Break","Armaments+1"],"relics":["Burning Blood","Odd Mushroom","Pen Nib","Empty Cage","MutagenicStrength","Matryoshka","Tiny House"],"acts_visited":["Exordium","TheCity","TheBeyond"],"potions_floor_usage":[],"damage_taken":[{"damage":7.0,"enemies":"2 Louse","floor":1.0,"turns":3.0},{"damage":18.0,"enemies":"Small Slimes","floor":2.0,"turns":3.0},{"damage":14.0,"enemies":"Jaw Worm","floor":4.0,"turns":4.0},{"damage":16.0,"enemies":"Blue Slaver","floor":5.0,"turns":3.0},{"damage":10.0,"enemies":"The Mushroom Lair","floor":7.0,"turns":3.0},{"damage":22.0,"enemies":"3 Louse","floor":8.0,"turns":3.0},{"damage":0.0,"enemies":"Large Slime","floor":11.0,"turns":5.0},{"damage":17.0,"enemies":"Looter","floor":12.0,"turns":3.0},{"damage":13.0,"enemies":"3 Louse","floor":14.0,"turns":3.0},{"damage":33.0,"enemies":"Slime Boss","floor":16.0,"turns":6.0},{"damage":18.0,"enemies":"Shell Parasite","floor":18.0,"turns":3.0},{"damage":0.0,"enemies":"Spheric Guardian","floor":20.0,"turns":1.0},{"damage":17.0,"enemies":"Snecko","floor":24.0,"turns":4.0},{"damage":40.0,"enemies":"Cultist and Chosen","floor":25.0,"turns":6.0},{"damage":10.0,"enemies":"3 Cultists","floor":27.0,"turns":4.0},{"damage":11.0,"enemies":"Snake Plant","floor":28.0,"turns":3.0},{"damage":0.0,"enemies":"Sentry and Sphere","floor":30.0,"turns":2.0},{"damage":0.0,"enemies":"3 Cultists","floor":31.0,"turns":2.0},{"damage":80.0,"enemies":"Automaton","floor":33.0,"turns":7.0},{"damage":15,"enemies":"Orb Walker","floor":35,"turns":3},{"damage":6,"enemies":"3 Shapes","floor":36,"turns":2},{"damage":13,"enemies":"Sphere and 2 Shapes","floor":37,"turns":3}],"seed_played":"-3857651791175541781","potions_obtained":[{"floor":4.0,"key":"Explosive Potion"},{"floor":5.0,"key":"FearPotion"},{"floor":12.0,"key":"Energy Potion"},{"floor":16.0,"key":"EntropicBrew"},{"floor":18.0,"key":"LiquidMemories"},{"floor":28.0,"key":"EssenceOfSteel"},{"floor":30.0,"key":"ColorlessPotion"},{"floor":33.0,"key":"LiquidMemories"}],"is_trial":false,"path_per_floor":["M","M","?","M","M","R","?","M","T","?","M","M","$","M","R","B",null,"M","$","M","?","?","R","M","M","T","M","M","$","M","M","R","B",null,"M","M","M"],"character_chosen":"IRONCLAD","items_purchased":["Battle Trance","Clash","Clash"],"campfire_rested":0,"item_purchase_floors":[13,19,29],"current_hp_per_floor":[79,80,80,78,74,74,76,66,66,66,72,71,71,73,73,53,73,73,73,79,79,79,79,68,44,44,40,35,35,41,80,80,8,67,58,58,45,45],"gold":262,"neow_bonus":"ONE_RANDOM_RARE_CARD","is_daily":false,"chose_seed":false,"campfire_upgraded":4,"win_rate":0.0,"timestamp":1608095298,"path_taken":["M","M","?","M","M","R","?","M","T","?","M","?","$","M","R","BOSS","M","$","M","?","?","R","M","M","T","M","M","$","M","M","R","BOSS","M","M","M"],"items_purchased_type":["Card","Card","Card"],"build_version":"2020-12-13","purchased_purges":2,"victory":false,"max_hp_per_floor":[80,80,80,80,80,80,80,80,80,80,80,80,80,80,80,80,80,80,80,80,80,80,80,80,80,80,80,80,80,80,80,80,80,85,85,85,85,85],"card_choices":[{"not_picked":["Heavy Blade","Dropkick"],"picked":"Flex","floor":1.0},{"not_picked":["Wild Strike","Second Wind"],"picked":"Sword Boomerang","floor":2.0},{"not_picked":["Reaper","Power Through"],"picked":"Anger","floor":4.0},{"not_picked":["Whirlwind","Anger"],"picked":"Armaments","floor":5.0},{"not_picked":["Warcry","Heavy Blade"],"picked":"Thunderclap","floor":7.0},{"not_picked":["Reckless Charge","Ghostly Armor"],"picked":"Spot Weakness","floor":8.0},{"not_picked":["Dual Wield","Second Wind"],"picked":"Clash","floor":11.0},{"not_picked":["Havoc","Disarm"],"picked":"Warcry","floor":12.0},{"not_picked":["Wild Strike","Headbutt","Reaper"],"picked":"SKIP","floor":14.0},{"not_picked":["Clothesline","Cleave"],"picked":"Clash","floor":18.0},{"not_picked":["Heavy Blade","Thunderclap","Disarm"],"picked":"SKIP","floor":20.0},{"not_picked":["Spot Weakness+1","Pommel Strike"],"picked":"Burning Pact","floor":24.0},{"not_picked":["Headbutt","Burning Pact"],"picked":"Pummel+1","floor":25.0},{"not_picked":["Perfected Strike+1","Power Through","Disarm"],"picked":"SKIP","floor":27.0},{"not_picked":["Twin Strike","Armaments","Sentinel"],"picked":"SKIP","floor":28.0},{"not_picked":["Carnage","Havoc"],"picked":"Clash+1","floor":30.0},{"not_picked":["Burning Pact+1","Uppercut"],"picked":"Rage","floor":31.0},{"not_picked":["Fiend Fire","Brutality"],"picked":"Limit Break","floor":33.0},{"not_picked":["Shrug It Off","Heavy Blade"],"picked":"Armaments+1","floor":34},{"not_picked":["Headbutt","Armaments","Sever Soul"],"picked":"SKIP","floor":35},{"not_picked":["Metallicize","Perfected Strike","Rupture"],"picked":"SKIP","floor":36}],"player_experience":415815,"relics_obtained":[{"floor":7.0,"key":"Odd Mushroom"},{"floor":9.0,"key":"Pen Nib"},{"floor":26.0,"key":"Matryoshka"}],"event_choices":[{"cards_removed":["Strike_R"],"damage_healed":0.0,"max_hp_gain":0.0,"max_hp_loss":0.0,"gold_gain":0.0,"event_name":"The Cleric","player_choice":"Card Removal","floor":3.0,"gold_loss":50.0,"damage_taken":0.0},{"damage_healed":0.0,"max_hp_gain":0.0,"max_hp_loss":0.0,"gold_gain":0.0,"event_name":"Mushrooms","player_choice":"Fought Mushrooms","floor":7.0,"gold_loss":0.0,"damage_taken":0.0},{"cards_removed":["Strike_R"],"damage_healed":0.0,"max_hp_gain":0.0,"max_hp_loss":0.0,"gold_gain":0.0,"event_name":"Living Wall","player_choice":"Forget","floor":10.0,"gold_loss":0.0,"damage_taken":0.0},{"damage_healed":0.0,"max_hp_gain":0.0,"max_hp_loss":0.0,"gold_gain":0.0,"event_name":"Drug Dealer","player_choice":"Inject Mutagens","floor":21.0,"gold_loss":0.0,"damage_taken":0.0,"relics_obtained":["MutagenicStrength"]},{"damage_healed":0.0,"max_hp_gain":0.0,"max_hp_loss":0.0,"gold_gain":0.0,"event_name":"Ghosts","player_choice":"Ignored","floor":22.0,"gold_loss":0.0,"damage_taken":0.0}],"is_beta":false,"boss_relics":[{"not_picked":["Runic Cube","Runic Pyramid"],"picked":"Empty Cage"},{"not_picked":["Pandora\u0027s Box","Coffee Dripper"],"picked":"Tiny House"}],"items_purged_floors":[13,19],"is_endless":false,"potions_floor_spawned":[4,5,12,16,18,28,30,31,33,35],"killed_by":"Sphere and 2 Shapes","ascension_level":7}}