{"host":"121m0oxswv9tg9hk","time":1608139814,"event":{"mods":["AchievementEnabler","BaseMod","Better Third Choice","Downfall","Hermit","Hubris","Infinite Spire","MarisaÅiñ∂âJÅ@ñÇóùçπÅj","Minty Spire (QoL Compilation)","Replay The Spire","Shade Mod","StSLib","The Construct","The Cursed","The Gatherer","The Hierophant","The Mystic"],"gold_per_floor":[119,72,11,22,22,52,70,70,93,108,30,41,60,89,89,163,163,179,179,179],"floor_reached":19,"playtime":1116,"items_purged":[],"score":408,"play_id":"b07438fe-0c9e-4a04-98cd-6ff2c2c3e528","local_time":"20201216183014","is_ascension_mode":true,"campfire_choices":[{"data":"Armaments","floor":8,"key":"SMITH"},{"data":"hubris:SharpeningStone","floor":15,"key":"SMITH"}],"circlet_count":0,"master_deck":["AscendersBane","Strike_R","Strike_R","Defend_R","Defend_R","Defend_R","Defend_R","Bash","Uppercut","Armaments+1","Rampage","hubris:SharpeningStone+1","Flame Barrier","Fire Breathing","Evolve","Replay:Undeath\u0027s Touch","Demonic Infusion","Barricade","Havoc+1","hubris:SharpeningStone+1","Blood for Blood+1","Burning Pact"],"relics":["Burning Blood","NeowsBlessing","betterThird:SlimedRelic","Happy Flower","hubris:SlimyHat","Replay:Rubber Ducky","Boot","Astrolabe"],"acts_visited":["Exordium","TheCity"],"potions_floor_usage":[16,18],"damage_taken":[{"damage":0,"enemies":"2 Louse","floor":1,"turns":1},{"damage":0,"enemies":"Cultist","floor":4,"turns":1},{"damage":0,"enemies":"Gremlin Nob","floor":6,"turns":1},{"damage":2,"enemies":"Jaw Worm","floor":7,"turns":5},{"damage":0,"enemies":"Large Slime","floor":10,"turns":8},{"damage":3,"enemies":"Looter","floor":12,"turns":4},{"damage":9,"enemies":"Red Slaver","floor":13,"turns":3},{"damage":33,"enemies":"Lagavulin","floor":14,"turns":7},{"damage":18,"enemies":"Hexaghost","floor":16,"turns":10},{"damage":15,"enemies":"Shell Parasite","floor":18,"turns":6},{"damage":66,"enemies":"Masked Bandits","floor":19,"turns":3}],"seed_played":"-5330426519081888509","potions_obtained":[{"floor":6,"key":"Strength Potion"},{"floor":7,"key":"Swift Potion"},{"floor":12,"key":"Languid Potion"},{"floor":16,"key":"LifebloodPotion"}],"is_trial":false,"path_per_floor":["M","?","?","M","$","E","M","R","T","M","$","M","M","E","R","B",null,"M","?"],"character_chosen":"IRONCLAD","items_purchased":["Fire Breathing"],"campfire_rested":0,"item_purchase_floors":[11],"current_hp_per_floor":[74,63,63,69,69,75,75,75,75,75,75,75,72,45,45,33,65,56,0,0],"gold":179,"neow_bonus":"THREE_ENEMY_KILL","is_daily":false,"chose_seed":false,"campfire_upgraded":2,"win_rate":0.0,"timestamp":1608139814,"path_taken":["M","?","?","M","$","E","M","R","T","M","$","M","?","E","R","BOSS","M","?"],"items_purchased_type":["Card"],"build_version":"2020-12-13","purchased_purges":0,"victory":false,"max_hp_per_floor":[75,75,75,75,75,75,75,75,75,75,75,75,75,75,75,75,75,75,75,75],"card_choices":[{"not_picked":["Spot Weakness","Run Through"],"picked":"Uppercut","floor":1},{"not_picked":["Shrug It Off","Warcry"],"picked":"Armaments","floor":4},{"not_picked":["Entrench","Armaments"],"picked":"Rampage","floor":6},{"not_picked":["Warcry","Reaper"],"picked":"hubris:SharpeningStone","floor":7},{"not_picked":["Uppercut","Thunderclap"],"picked":"Flame Barrier","floor":10},{"not_picked":["Clothesline","Iron Wave"],"picked":"Evolve","floor":12},{"not_picked":["Pommel Strike","Perfected Strike"],"picked":"Replay:Undeath\u0027s Touch","floor":13},{"not_picked":["Impervious","Heavy Blade"],"picked":"Demonic Infusion","floor":14},{"not_picked":["Limit Break","Juggernaut"],"picked":"Barricade","floor":16},{"not_picked":["Uppercut","Warcry"],"picked":"Burning Pact","floor":18}],"player_experience":2852706,"relics_obtained":[{"floor":6,"key":"hubris:SlimyHat"},{"floor":9,"key":"Replay:Rubber Ducky"},{"floor":14,"key":"Boot"}],"event_choices":[{"damage_healed":0,"gold_gain":0,"player_choice":"Slimed","damage_taken":11,"max_hp_gain":0,"max_hp_loss":0,"event_name":"betterThird:BetterGoop","floor":2,"gold_loss":47},{"damage_healed":0,"gold_gain":0,"player_choice":"Paid Gold","damage_taken":0,"relics_obtained":["Happy Flower"],"max_hp_gain":0,"max_hp_loss":0,"event_name":"WeMeetAgain","floor":3,"gold_loss":61},{"damage_healed":0,"gold_gain":0,"player_choice":"Fought Bandits","damage_taken":0,"max_hp_gain":0,"max_hp_loss":0,"event_name":"Masked Bandits","floor":19,"gold_loss":0}],"is_beta":false,"boss_relics":[{"not_picked":["Runic Dome","Replay:Wanted Poster"],"picked":"Astrolabe"}],"items_purged_floors":[],"is_endless":false,"potions_floor_spawned":[6,7,12,14,16],"killed_by":"Masked Bandits","ascension_level":20}}