{"host":"utqe55yv0jihe4d6","time":1608097358,"event":{"mods":["2.2 Compatiblity","AchievementEnabler","BaseMod","Block Reminder","Colored Map","Colored Powertips","Minty Spire (QoL Compilation)","Quick Restart","Rare Cards Sparkle","Relic Stats","SuperFastMode"],"gold_per_floor":[109,25,25,325,337,368,368,398,447,466,466,17,49,61,61,135,135,55,55,75,89,89,89,114,114,140,140,166,166,166,181,181,255,255,273,287,287,287,287,287,322,322,347,377,26,39,68,82,82,82,82],"floor_reached":52,"playtime":2209,"items_purged":["Strike_B"],"score":2014,"play_id":"97b7534e-7634-42b7-902b-f2e61c3efaf9","local_time":"20201216004238","is_ascension_mode":true,"campfire_choices":[{"data":"Sweeping Beam","floor":7.0,"key":"SMITH"},{"data":"Conserve Battery","floor":11.0,"key":"SMITH"},{"data":"Capacitor","floor":15.0,"key":"SMITH"},{"data":"Consume","floor":23.0,"key":"SMITH"},{"data":"Seek","floor":25.0,"key":"SMITH"},{"floor":27.0,"key":"REST"},{"data":"Loop","floor":29.0,"key":"SMITH"},{"data":"Hologram","floor":32.0,"key":"SMITH"},{"data":"Machine Learning","floor":40,"key":"SMITH"},{"floor":49,"key":"REST"}],"circlet_count":0,"master_deck":["AscendersBane","Zap","Dualcast","Sweeping Beam+1","Conserve Battery+1","Ball Lightning","Cold Snap","Gash","Glacier","Electrodynamics","Capacitor+1","Self Repair","Seek+1","Conserve Battery","Seek","Loop+1","Genetic Algorithm","Self Repair+1","Capacitor+1","Consume+1","FTL+1","Coolheaded+1","Hologram+1","Machine Learning+1","Beam Cell","Loop+1","Coolheaded","FTL","Static Discharge+1","Go for the Eyes"],"relics":["Cracked Core","NeowsBlessing","Old Coin","Kunai","Omamori","Blood Vial","Juzu Bracelet","Pandora\u0027s Box","Calipers","Bronze Scales","Potion Belt","Runic Dome","Frozen Egg 2","Dream Catcher","Shuriken","Centennial Puzzle","Unceasing Top"],"acts_visited":["Exordium","TheCity","TheBeyond"],"potions_floor_usage":[33,46,46,50],"damage_taken":[{"damage":0.0,"enemies":"Small Slimes","floor":1.0,"turns":1.0},{"damage":0.0,"enemies":"Jaw Worm","floor":5.0,"turns":1.0},{"damage":0.0,"enemies":"Lagavulin","floor":6.0,"turns":1.0},{"damage":0.0,"enemies":"Cultist","floor":10.0,"turns":3.0},{"damage":0.0,"enemies":"Gremlin Nob","floor":13.0,"turns":3.0},{"damage":4.0,"enemies":"3 Louse","floor":14.0,"turns":3.0},{"damage":41.0,"enemies":"Slime Boss","floor":16.0,"turns":11.0},{"damage":12.0,"enemies":"2 Thieves","floor":18.0,"turns":4.0},{"damage":5.0,"enemies":"Spheric Guardian","floor":20.0,"turns":6.0},{"damage":23.0,"enemies":"Cultist and Chosen","floor":21.0,"turns":6.0},{"damage":36.0,"enemies":"Slavers","floor":24.0,"turns":5.0},{"damage":19.0,"enemies":"Gremlin Leader","floor":28.0,"turns":7.0},{"damage":23.0,"enemies":"Centurion and Healer","floor":31.0,"turns":5.0},{"damage":19,"enemies":"Automaton","floor":33,"turns":13},{"damage":9,"enemies":"3 Shapes","floor":35,"turns":6},{"damage":29,"enemies":"3 Darklings","floor":36,"turns":4},{"damage":33,"enemies":"Giant Head","floor":41,"turns":12},{"damage":21,"enemies":"Nemesis","floor":44,"turns":11},{"damage":23,"enemies":"Transient","floor":46,"turns":6},{"damage":38,"enemies":"Reptomancer","floor":47,"turns":8},{"damage":0,"enemies":"Maw","floor":48,"turns":8},{"damage":7,"enemies":"Donu and Deca","floor":50,"turns":12},{"damage":12,"enemies":"Time Eater","floor":51,"turns":14}],"seed_played":"6378450228366901555","potions_obtained":[{"floor":1.0,"key":"PowerPotion"},{"floor":13.0,"key":"SpeedPotion"},{"floor":21.0,"key":"AttackPotion"},{"floor":28.0,"key":"SpeedPotion"},{"floor":31.0,"key":"Strength Potion"},{"floor":33,"key":"Block Potion"},{"floor":35,"key":"SteroidPotion"},{"floor":44,"key":"SkillPotion"},{"floor":48,"key":"SkillPotion"}],"is_trial":false,"path_per_floor":["M","$","?","T","M","E","R","?","T","M","R","$","E","M","R","B",null,"M","?","M","M","?","R","E","R","T","R","E","R","?","M","R","B",null,"M","M","?","?","T","R","E","?","T","E","$","M","E","M","R","B","B",null],"character_chosen":"DEFECT","items_purchased":["Conserve Battery","Ball Lightning","Electrodynamics","Blood Vial","Strength Potion","Loop+1","Centennial Puzzle","Coolheaded","FTL"],"campfire_rested":2,"item_purchase_floors":[2,2,12,12,12,45,45,45,45],"current_hp_per_floor":[64,64,57,57,57,57,57,57,57,57,57,57,59,57,57,25,60,57,57,61,50,50,50,33,33,33,54,47,47,47,43,43,43,64,71,59,59,81,81,81,65,65,65,63,63,59,40,59,81,81,81],"gold":82,"neow_bonus":"THREE_ENEMY_KILL","is_daily":false,"chose_seed":false,"campfire_upgraded":8,"win_rate":0.0,"timestamp":1608097358,"path_taken":["M","$","?","?","?","E","R","?","T","M","R","$","E","M","R","BOSS","M","?","M","M","?","R","E","R","T","R","E","R","?","M","R","BOSS","M","M","?","?","?","R","E","?","T","E","$","M","E","M","R","BOSS","BOSS"],"items_purchased_type":["Card","Card","Card","Relic","Potion","Card","Relic","Card","Card"],"build_version":"2020-12-13","purchased_purges":1,"victory":true,"max_hp_per_floor":[71,71,71,71,71,71,71,71,71,71,71,71,71,71,71,71,71,71,71,71,71,71,71,71,71,71,71,71,71,71,71,71,71,71,71,71,71,81,81,81,81,81,81,81,81,81,81,81,81,81,81],"relic_stats":{"Blood Vial":30,"Dream Catcher":1,"Centennial Puzzle":[12],"counters":[23,149],"Shuriken":[22],"Bronze Scales":[309],"Pandora\u0027s Box":["All For One","Stack","Scrape","Conserve Battery","Seek","Loop"],"Juzu Bracelet":2,"Kunai":[35],"obtain_stats":[{"Potion Belt":28,"Calipers":24,"NeowsBlessing":0,"Omamori":9,"Juzu Bracelet":13,"Frozen Egg 2":41,"Old Coin":4,"Blood Vial":12,"Runic Dome":34,"Dream Catcher":43,"Centennial Puzzle":45,"Shuriken":44,"Bronze Scales":26,"Pandora\u0027s Box":17,"Kunai":6,"Cracked Core":0,"Unceasing Top":47},{"Potion Belt":12,"Calipers":11,"NeowsBlessing":0,"Omamori":3,"Juzu Bracelet":5,"Frozen Egg 2":17,"Old Coin":1,"Blood Vial":4,"Runic Dome":14,"Dream Catcher":17,"Centennial Puzzle":18,"Shuriken":18,"Bronze Scales":11,"Pandora\u0027s Box":7,"Kunai":3,"Cracked Core":0,"Unceasing Top":20},{"Potion Belt":51,"Calipers":44,"NeowsBlessing":0,"Omamori":3,"Juzu Bracelet":9,"Frozen Egg 2":90,"Old Coin":1,"Blood Vial":6,"Runic Dome":69,"Dream Catcher":90,"Centennial Puzzle":101,"Shuriken":101,"Bronze Scales":44,"Pandora\u0027s Box":23,"Kunai":3,"Cracked Core":0,"Unceasing Top":115}],"Unceasing Top":[5]},"card_choices":[{"not_picked":["Reprogram","Static Discharge"],"picked":"Sweeping Beam","floor":1.0},{"not_picked":["Double Energy","Force Field"],"picked":"Cold Snap","floor":5.0},{"not_picked":["Beam Cell","Blizzard"],"picked":"Gash","floor":6.0},{"not_picked":["Steam","Sweeping Beam"],"picked":"Glacier","floor":10.0},{"not_picked":["Reinforced Body","Static Discharge"],"picked":"Capacitor","floor":13.0},{"not_picked":["Steam Power","Compile Driver"],"picked":"Self Repair","floor":14.0},{"not_picked":["Creative AI","Rainbow"],"picked":"Seek","floor":16.0},{"not_picked":["Compile Driver","Aggregate"],"picked":"Genetic Algorithm","floor":18.0},{"not_picked":["Streamline","Sweeping Beam"],"picked":"Self Repair+1","floor":20.0},{"not_picked":["Hologram","Barrage"],"picked":"Capacitor+1","floor":21.0},{"not_picked":["Compile Driver","Ball Lightning"],"picked":"FTL+1","floor":24.0},{"not_picked":["Blizzard+1","Leap"],"picked":"Coolheaded+1","floor":28.0},{"not_picked":["Leap","Coolheaded"],"picked":"Hologram","floor":31.0},{"not_picked":["All For One","Meteor Strike"],"picked":"Machine Learning","floor":33},{"not_picked":["Darkness","Conserve Battery+1"],"picked":"Beam Cell","floor":35},{"not_picked":["Leap+1","Steam+1","Cold Snap"],"picked":"SKIP","floor":36},{"not_picked":["Rainbow","Barrage","Steam"],"picked":"SKIP","floor":41},{"not_picked":["Hyperbeam","Stack+1","Melter+1"],"picked":"SKIP","floor":44},{"not_picked":["Conserve Battery+1","Compile Driver"],"picked":"Static Discharge+1","floor":46},{"not_picked":["Go for the Eyes","Sweeping Beam","Rip and Tear"],"picked":"SKIP","floor":47},{"not_picked":["Sweeping Beam","Rip and Tear"],"picked":"Go for the Eyes","floor":47},{"not_picked":["Darkness","Conserve Battery","Amplify"],"picked":"SKIP","floor":48}],"player_experience":2766734,"relics_obtained":[{"floor":4.0,"key":"Old Coin"},{"floor":6.0,"key":"Kunai"},{"floor":9.0,"key":"Omamori"},{"floor":13.0,"key":"Juzu Bracelet"},{"floor":24.0,"key":"Calipers"},{"floor":26.0,"key":"Bronze Scales"},{"floor":28.0,"key":"Potion Belt"},{"floor":41,"key":"Frozen Egg 2"},{"floor":43,"key":"Dream Catcher"},{"floor":44,"key":"Shuriken"},{"floor":47,"key":"Unceasing Top"}],"event_choices":[{"cards_removed":["Strike_B"],"damage_healed":0.0,"max_hp_gain":0.0,"max_hp_loss":0.0,"gold_gain":0.0,"event_name":"Golden Wing","player_choice":"Card Removal","floor":3.0,"gold_loss":0.0,"damage_taken":7.0},{"damage_healed":0.0,"max_hp_gain":0.0,"max_hp_loss":0.0,"gold_gain":30.0,"event_name":"Dead Adventurer","player_choice":"Searched \u00271\u0027 times","floor":8.0,"gold_loss":0.0,"damage_taken":0.0},{"cards_removed":["All For One"],"damage_healed":0.0,"max_hp_gain":0.0,"max_hp_loss":0.0,"gold_gain":0.0,"event_name":"Purifier","player_choice":"Purged","floor":19.0,"gold_loss":0.0,"damage_taken":0.0},{"damage_healed":0.0,"max_hp_gain":0.0,"max_hp_loss":0.0,"gold_gain":0.0,"event_name":"The Library","player_choice":"Read","floor":22.0,"gold_loss":0.0,"damage_taken":0.0,"cards_obtained":["Consume"]},{"damage_healed":0.0,"max_hp_gain":0.0,"max_hp_loss":0.0,"gold_gain":0.0,"event_name":"The Mausoleum","player_choice":"Ignored","floor":30.0,"gold_loss":0.0,"damage_taken":0.0},{"damage_healed":0,"gold_gain":0,"cards_transformed":["Scrape"],"player_choice":"Transformed","damage_taken":0,"max_hp_gain":0,"max_hp_loss":0,"event_name":"Transmorgrifier","floor":37,"gold_loss":0,"cards_obtained":["Meteor Strike"]},{"cards_removed":["Meteor Strike"],"damage_healed":12,"gold_gain":0,"player_choice":"Offered Rare","damage_taken":0,"max_hp_gain":10,"max_hp_loss":0,"event_name":"Bonfire Elementals","floor":38,"gold_loss":0},{"cards_removed":["Stack"],"damage_healed":0,"gold_gain":0,"player_choice":"Purged","damage_taken":0,"max_hp_gain":0,"max_hp_loss":0,"event_name":"Purifier","floor":42,"gold_loss":0}],"is_beta":false,"boss_relics":[{"not_picked":["FrozenCore","Empty Cage"],"picked":"Pandora\u0027s Box"},{"not_picked":["Runic Pyramid","Coffee Dripper"],"picked":"Runic Dome"}],"items_purged_floors":[12],"is_endless":false,"potions_floor_spawned":[1,13,14,21,28,31,33,35,44,48],"ascension_level":20}}