{"host":"08sn1703g14rasc1","time":1608106497,"event":{"mods":["AchievementEnabler","BaseMod","Colored Map","Colored Powertips","Hermit","Minty Spire (QoL Compilation)","StSLib"],"gold_per_floor":[16,32,32,50,67,92,92,92,115,115,187,262,280,291,291,391,391,407,86,96,106,116,116,130,130,177,177,177],"floor_reached":27,"playtime":975,"items_purged":["Defend_B"],"score":293,"play_id":"afd5de03-e5c4-4d1e-ade7-625dff8e130f","local_time":"20201216001457","is_ascension_mode":true,"campfire_choices":[{"floor":10,"key":"REST"},{"floor":15,"key":"REST"},{"floor":23,"key":"REST"},{"data":"Apotheosis","floor":25,"key":"SMITH"}],"circlet_count":0,"master_deck":["Strike_B","Defend_B","Zap","Dualcast","Steam","Skim","Capacitor","Glacier","Ball Lightning","Gash","Core Surge","Hologram","Streamline","Echo Form","Steam Power+1","Storm+1","FTL+1","Self Repair+1","Apotheosis+1","Melter","Self Repair+1","Stack+1","Lockon","Darkness+1"],"relics":["Cracked Core","FaceOfCleric","MealTicket","Bag of Preparation","Bag of Marbles","StrikeDummy","Astrolabe"],"acts_visited":["Exordium","TheCity"],"potions_floor_usage":[6,20,21,24,24],"damage_taken":[{"damage":0,"enemies":"2 Louse","floor":1,"turns":3},{"damage":0,"enemies":"Cultist","floor":2,"turns":4},{"damage":4,"enemies":"Small Slimes","floor":4,"turns":4},{"damage":6,"enemies":"Looter","floor":5,"turns":3},{"damage":23,"enemies":"Gremlin Nob","floor":6,"turns":4},{"damage":10,"enemies":"Exordium Thugs","floor":13,"turns":5},{"damage":0,"enemies":"Gremlin Gang","floor":14,"turns":6},{"damage":40,"enemies":"Hexaghost","floor":16,"turns":10},{"damage":8,"enemies":"Spheric Guardian","floor":18,"turns":3},{"damage":38,"enemies":"2 Thieves","floor":20,"turns":4},{"damage":81,"enemies":"Cultist and Chosen","floor":21,"turns":9},{"damage":19,"enemies":"Snake Plant","floor":22,"turns":5},{"damage":54,"enemies":"3 Cultists","floor":24,"turns":7},{"damage":67,"enemies":"Gremlin Leader","floor":27,"turns":7}],"seed_played":"2617026313436163941","potions_obtained":[{"floor":1,"key":"EssenceOfDarkness"},{"floor":5,"key":"FairyPotion"},{"floor":14,"key":"GamblersBrew"},{"floor":18,"key":"LiquidMemories"},{"floor":20,"key":"BlessingOfTheForge"},{"floor":22,"key":"Energy Potion"}],"is_trial":false,"path_per_floor":["M","M","?","M","M","E","?","?","T","R","T","?","M","M","R","B",null,"M","$","M","M","M","R","M","R","T","E"],"character_chosen":"DEFECT","items_purchased":["Apotheosis","Melter"],"campfire_rested":3,"item_purchase_floors":[19,19],"current_hp_per_floor":[68,68,68,65,60,38,38,38,38,61,61,50,41,42,66,27,68,61,76,59,40,42,67,54,54,54,0,0],"gold":177,"neow_bonus":"TRANSFORM_TWO_CARDS","is_daily":false,"chose_seed":false,"campfire_upgraded":1,"win_rate":0.0,"timestamp":1608106497,"path_taken":["M","M","?","M","?","E","?","?","T","R","?","?","?","M","R","BOSS","M","$","M","M","M","R","?","R","T","E"],"items_purchased_type":["Card","Card"],"build_version":"2020-12-13","purchased_purges":1,"victory":false,"max_hp_per_floor":[75,75,75,76,77,78,78,78,78,78,78,78,79,80,80,81,81,82,82,83,84,85,85,86,86,86,86,86],"card_choices":[{"not_picked":["Darkness","Go for the Eyes"],"picked":"Capacitor","floor":1},{"not_picked":["Melter","Streamline"],"picked":"Glacier","floor":2},{"not_picked":["Barrage","Go for the Eyes"],"picked":"Ball Lightning","floor":4},{"not_picked":["Steam","Undo"],"picked":"Gash","floor":5},{"not_picked":["Static Discharge","Hologram"],"picked":"Core Surge","floor":6},{"not_picked":["Turbo","Redo"],"picked":"Hologram","floor":13},{"not_picked":["Coolheaded","Go for the Eyes"],"picked":"Streamline","floor":14},{"not_picked":["Biased Cognition","Machine Learning"],"picked":"Echo Form","floor":16},{"not_picked":["Static Discharge+1","Force Field+1"],"picked":"Self Repair+1","floor":18},{"not_picked":["Steam","Go for the Eyes"],"picked":"Self Repair+1","floor":20},{"not_picked":["Skim","Stack+1","Redo"],"picked":"SKIP","floor":21},{"not_picked":["Skim","Redo"],"picked":"Stack+1","floor":21},{"not_picked":["Ball Lightning","Self Repair"],"picked":"Lockon","floor":22},{"not_picked":["Steam+1","Reinforced Body"],"picked":"Darkness+1","floor":24}],"player_experience":401106,"relics_obtained":[{"floor":6,"key":"MealTicket"},{"floor":9,"key":"Bag of Marbles"},{"floor":11,"key":"StrikeDummy"}],"event_choices":[{"damage_healed":0,"gold_gain":0,"player_choice":"Trade","damage_taken":0,"relics_obtained":["FaceOfCleric"],"max_hp_gain":0,"max_hp_loss":0,"event_name":"FaceTrader","floor":3,"gold_loss":0},{"damage_healed":0,"gold_gain":0,"player_choice":"Box","damage_taken":0,"relics_obtained":["Bag of Preparation"],"max_hp_gain":0,"max_hp_loss":0,"event_name":"Big Fish","floor":7,"gold_loss":0,"cards_obtained":["Regret"]},{"cards_removed":["Regret"],"damage_healed":0,"gold_gain":0,"player_choice":"Forget","damage_taken":0,"max_hp_gain":0,"max_hp_loss":0,"event_name":"Living Wall","floor":8,"gold_loss":0},{"damage_healed":0,"gold_gain":75,"player_choice":"Gather Gold","damage_taken":11,"max_hp_gain":0,"max_hp_loss":0,"event_name":"World of Goop","floor":12,"gold_loss":0}],"is_beta":false,"boss_relics":[{"not_picked":["Coffee Dripper","Runic Dome"],"picked":"Astrolabe"}],"items_purged_floors":[19],"is_endless":false,"potions_floor_spawned":[1,5,14,18,20,22],"killed_by":"Gremlin Leader","ascension_level":7}}