{"host":"cwd5s03r1oaxs6mx","time":1608134535,"event":{"mods":["Act Like it!","BaseMod","Better Third Choice","BetterRewards","CapriCore","Card Filter","Colored Map","Custom Start","DeckTracker","Friendly Minions","Hubris","Infinite Spire","Minty Spire (QoL Compilation)","Quick Restart","Relic Stats","Shop Mod","Spicy Shops","StSLib","SuperFastMode"],"gold_per_floor":[117,38,50,50,64,78,90,117,117,147,147,158,191,208,208,283,283,301,320,320,340,340,365,365,391,415,448,458,458,489,489,489,566,566,585,598,612,612,625,625,653,653,680,706,706,717,794,811,811,811,811,811,811,343,373,373],"floor_reached":57,"playtime":1510,"items_purged":["Strike_B","Dualcast","Strike_B","Defend_B","Zap","Redo+1","FTL","Defend_B"],"score":4253,"play_id":"e6a4e569-ec74-4175-920d-4516d322f5bb","local_time":"20201217010215","is_ascension_mode":true,"campfire_choices":[{"data":"Finesse","floor":15.0,"key":"SMITH"},{"floor":24.0,"key":"RECALL"},{"data":"Echo Form","floor":32.0,"key":"SMITH"},{"data":"Defend_B","floor":40.0,"key":"SMITH"},{"data":"Defend_B","floor":42,"key":"SMITH"},{"data":"1","floor":45,"key":"LIFT"},{"data":"2","floor":49,"key":"LIFT"},{"data":"3","floor":53,"key":"LIFT"}],"circlet_count":0,"master_deck":["AscendersBane","Defend_B+1","Defend_B+1","Scrape+1","Go for the Eyes+1","Finesse+1","Hyperbeam+1","Reinforced Body+1","Master of Strategy+1","Reprogram+1","Genetic Algorithm+1","Flash of Steel+1","Beam Cell+1","Gash+1","Core Surge+1","Gash+1","Echo Form+1","Gash+1","BootSequence+1","All For One+1","Conserve Battery+1","Hologram+1"],"relics":["Cracked Core","Membership Card","Molten Egg 2","hubris:Potato","Toxic Egg 2","Shuriken","Medical Kit","Happy Flower","infinitespire:CheckeredPen","Bag of Marbles","Runic Pyramid","Boot","Orichalcum","Incense Burner","infinitespire:EmpoweringShard","Busted Crown","TungstenRod","Girya","Calipers","Pantograph","Anchor","infinitespire:PuzzleCube","MerchantsRug","Blue Candle"],"acts_visited":["Exordium","TheCity","TheBeyond","TheEnding"],"potions_floor_usage":[],"damage_taken":[{"damage":0.0,"enemies":"Small Slimes","floor":1.0,"turns":1.0},{"damage":0.0,"enemies":"Cultist","floor":3.0,"turns":2.0},{"damage":4.0,"enemies":"Jaw Worm","floor":5.0,"turns":2.0},{"damage":10.0,"enemies":"Gremlin Gang","floor":6.0,"turns":2.0},{"damage":0.0,"enemies":"Blue Slaver","floor":7.0,"turns":2.0},{"damage":0.0,"enemies":"Lagavulin","floor":8.0,"turns":3.0},{"damage":2.0,"enemies":"Gremlin Nob","floor":10.0,"turns":3.0},{"damage":0.0,"enemies":"2 Fungi Beasts","floor":12.0,"turns":1.0},{"damage":0.0,"enemies":"3 Sentries","floor":13.0,"turns":2.0},{"damage":0.0,"enemies":"Exordium Thugs","floor":14.0,"turns":2.0},{"damage":0.0,"enemies":"The Guardian","floor":16.0,"turns":5.0},{"damage":0.0,"enemies":"Shell Parasite","floor":18.0,"turns":2.0},{"damage":0.0,"enemies":"Spheric Guardian","floor":19.0,"turns":2.0},{"damage":14.0,"enemies":"Snake Plant","floor":21.0,"turns":2.0},{"damage":0.0,"enemies":"Slavers","floor":23.0,"turns":2.0},{"damage":0.0,"enemies":"Gremlin Leader","floor":25.0,"turns":2.0},{"damage":0.0,"enemies":"Slavers","floor":27.0,"turns":1.0},{"damage":14.0,"enemies":"Centurion and Healer","floor":28.0,"turns":3.0},{"damage":0.0,"enemies":"Gremlin Leader","floor":30.0,"turns":3.0},{"damage":0.0,"enemies":"Collector","floor":33.0,"turns":3.0},{"damage":0.0,"enemies":"3 Darklings","floor":35.0,"turns":2.0},{"damage":0.0,"enemies":"Orb Walker","floor":36.0,"turns":2.0},{"damage":5.0,"enemies":"Sphere and 2 Shapes","floor":37.0,"turns":3.0},{"damage":0.0,"enemies":"Transient","floor":39.0,"turns":6.0},{"damage":0,"enemies":"Reptomancer","floor":41,"turns":2},{"damage":0,"enemies":"Nemesis","floor":44,"turns":3},{"damage":0,"enemies":"Writhing Mass","floor":46,"turns":3},{"damage":2,"enemies":"4 Shapes","floor":48,"turns":2},{"damage":16,"enemies":"Time Eater","floor":50,"turns":5},{"damage":0,"enemies":"hubris:GrandSnecko","floor":51,"turns":3},{"damage":0,"enemies":"Shield and Spear","floor":55,"turns":5},{"damage":0,"enemies":"The Heart","floor":56,"turns":5}],"seed_played":"2795661623854846156","potions_obtained":[{"floor":6.0,"key":"FearPotion"},{"floor":7.0,"key":"DistilledChaos"},{"floor":13.0,"key":"Fire Potion"},{"floor":16.0,"key":"Fire Potion"}],"is_trial":false,"path_per_floor":["M","$","M","?","M","M","M","E","T","E","?","M","E","M","R","B",null,"M","M","?","M","?","E","R","E","T","E","M","AVR","E","?","R","B",null,"M","M","M","AVR","M","R","E","R","T","E","R","M","T","M","R","B","B",null,"R","$","E","B",null],"character_chosen":"DEFECT","items_purchased":["Membership Card","Scrape","Defragment","FTL","Molten Egg 2","Go for the Eyes+1","Finesse","hubris:Potato","Redo","Hyperbeam+1","Toxic Egg 2","Reinforced Body+1","Master of Strategy+1","Reprogram+1","Shuriken","Medical Kit","Flash of Steel+1","Beam Cell+1","Calipers","Pantograph","Anchor","Conserve Battery+1","infinitespire:PuzzleCube","MerchantsRug"],"campfire_rested":0,"item_purchase_floors":[0,0,0,0,0,0,0,0,0,0,0,0,0,0,0,0,2,2,54,54,54,54,54,54],"current_hp_per_floor":[64,64,64,64,60,50,50,50,50,48,48,48,48,48,48,48,65,65,65,65,51,51,51,51,51,51,51,37,37,37,51,51,51,66,66,66,61,61,61,61,61,61,61,61,61,61,61,59,59,43,43,64,64,71,71,71],"gold":373,"neow_bonus":"","is_daily":false,"chose_seed":false,"campfire_upgraded":4,"win_rate":0.0,"timestamp":1608134535,"path_taken":["M","$","M","?","M","?","M","E","T","E","?","M","E","?","R","BOSS","M","M","?","M","?","E","R","E","T","E","?","AVR","E","?","R","BOSS","BOSS","M","?","M","AVR","?","R","E","R","T","E","R","?","?","M","R","BOSS","BOSS","R","$","E","BOSS"],"items_purchased_type":["Relic","Card","Card","Card","Relic","Card","Card","Relic","Card","Card","Relic","Card","Card","Card","Relic","Relic","Card","Card","Relic","Relic","Relic","Card","Relic","Relic"],"build_version":"2020-12-13","purchased_purges":8,"victory":true,"max_hp_per_floor":[71,71,71,71,71,71,71,71,71,71,71,71,71,71,71,71,71,71,71,71,71,71,71,71,71,71,71,71,71,71,71,71,71,71,71,71,71,71,71,71,71,71,71,71,71,71,71,71,71,71,71,71,71,71,71,71],"relic_stats":{"Busted Crown":24,"Happy Flower":[65],"counters":[78,323],"Shuriken":[82],"Pantograph":0,"Blue Candle":[1],"Orichalcum":[42],"Medical Kit":[6],"Boot":[6],"obtain_stats":[{"hubris:BallOfYels":0,"Calipers":54,"hubris:VirtuousBlindfold":17,"Runic Capacitor":0,"hubris:MysteriousPyramids":40,"Boot":25,"Sozu":34,"Centennial Puzzle":6,"MealTicket":10,"Toxic Egg 2":0,"hubris:RGBLights":47,"hubris:MobiusCoin":12,"Girya":8,"MerchantsRug":54,"Happy Flower":8,"Blue Candle":55,"Oddly Smooth Stone":8,"War Paint":26,"Question Card":23,"hubris:Zylophone":4,"Shuriken":0,"Molten Egg 2":0,"infinitespire:EmpoweringShard":30,"infinitespire:PuzzleCube":55,"Lantern":43,"Incense Burner":27,"Smiling Mask":0,"Ancient Tea Set":13,"Empty Cage":29,"Nunchaku":28,"hubris:Icosahedron":7,"Pantograph":54,"Chemical X":31,"infinitespire:Eraser":11,"Cracked Core":0,"InkBottle":26,"Runic Pyramid":17,"infinitespire:Joker Card":3,"The Courier":8,"infinitespire:CheckeredPen":9,"Orichalcum":26,"Medical Kit":0,"Anchor":54,"Busted Crown":34,"Bag of Marbles":13,"Membership Card":0,"Bottled Lightning":9,"hubris:CrackedHourglass":17,"hubris:OldNail":6,"hubris:Potato":0,"TungstenRod":41,"hubris:NiceRug":0},{"hubris:BallOfYels":14,"Calipers":76,"hubris:VirtuousBlindfold":10,"Runic Capacitor":22,"hubris:MysteriousPyramids":39,"Boot":62,"Sozu":37,"Centennial Puzzle":20,"MealTicket":53,"Toxic Egg 2":46,"hubris:RGBLights":73,"hubris:MobiusCoin":7,"Girya":21,"MerchantsRug":76,"Happy Flower":52,"Blue Candle":77,"Oddly Smooth Stone":5,"War Paint":35,"Question Card":61,"hubris:Zylophone":25,"Shuriken":46,"Molten Egg 2":46,"infinitespire:EmpoweringShard":65,"infinitespire:PuzzleCube":45,"Lantern":40,"Incense Burner":63,"Smiling Mask":0,"Ancient Tea Set":27,"Empty Cage":64,"Nunchaku":14,"hubris:Icosahedron":4,"Pantograph":76,"Chemical X":36,"infinitespire:Eraser":21,"Cracked Core":0,"InkBottle":13,"Runic Pyramid":57,"infinitespire:Joker Card":3,"The Courier":27,"infinitespire:CheckeredPen":52,"Orichalcum":62,"Medical Kit":46,"Anchor":76,"Busted Crown":66,"Bag of Marbles":55,"Membership Card":2,"Bottled Lightning":21,"hubris:CrackedHourglass":30,"hubris:OldNail":26,"hubris:Potato":46,"TungstenRod":71,"hubris:NiceRug":0},{"hubris:BallOfYels":86,"Calipers":313,"hubris:VirtuousBlindfold":59,"Runic Capacitor":120,"hubris:MysteriousPyramids":194,"Boot":272,"Sozu":187,"Centennial Puzzle":110,"MealTicket":252,"Toxic Egg 2":237,"hubris:RGBLights":303,"hubris:MobiusCoin":33,"Girya":116,"MerchantsRug":313,"Happy Flower":249,"Blue Candle":318,"Oddly Smooth Stone":21,"War Paint":176,"Question Card":270,"hubris:Zylophone":129,"Shuriken":237,"Molten Egg 2":237,"infinitespire:EmpoweringShard":279,"infinitespire:PuzzleCube":228,"Lantern":199,"Incense Burner":273,"Smiling Mask":0,"Ancient Tea Set":143,"Empty Cage":276,"Nunchaku":86,"hubris:Icosahedron":16,"Pantograph":313,"Chemical X":181,"infinitespire:Eraser":116,"Cracked Core":0,"InkBottle":75,"Runic Pyramid":262,"infinitespire:Joker Card":13,"The Courier":143,"infinitespire:CheckeredPen":249,"Orichalcum":272,"Medical Kit":237,"Anchor":313,"Busted Crown":282,"Bag of Marbles":255,"Membership Card":8,"Bottled Lightning":116,"hubris:CrackedHourglass":156,"hubris:OldNail":137,"hubris:Potato":237,"TungstenRod":297,"hubris:NiceRug":0}],"TungstenRod":2},"card_choices":[{"not_picked":["Stack+1","Blizzard+1"],"picked":"Genetic Algorithm+1","floor":1.0},{"not_picked":["Consume+1","Tempest+1","Compile Driver+1"],"picked":"SKIP","floor":3.0},{"not_picked":["Coolheaded+1","Aggregate+1","Streamline+1"],"picked":"SKIP","floor":5.0},{"not_picked":["Ball Lightning+1","Fusion+1","Recycle+1"],"picked":"SKIP","floor":6.0},{"not_picked":["Stack+1","Hologram+1","Scrape+1"],"picked":"SKIP","floor":7.0},{"not_picked":["Conserve Battery+1","Leap+1","Tempest+1"],"picked":"SKIP","floor":8.0},{"not_picked":["Redo+1","Tempest+1","Lockon+1"],"picked":"SKIP","floor":10.0},{"not_picked":["Defragment","Fusion+1","Thunder Strike+1"],"picked":"SKIP","floor":12.0},{"not_picked":["Defragment","Fusion+1","Thunder Strike+1"],"picked":"SKIP","floor":12.0},{"not_picked":["Rebound+1","Compile Driver+1","Reinforced Body+1"],"picked":"SKIP","floor":13.0},{"not_picked":["Redo+1","Steam+1"],"picked":"Gash+1","floor":14.0},{"not_picked":["Buffer","Rainbow+1"],"picked":"Core Surge+1","floor":16.0},{"not_picked":["Double Energy+1","Ball Lightning+1","Blizzard+1"],"picked":"SKIP","floor":18.0},{"not_picked":["Chaos+1","Rip and Tear+1","Go for the Eyes+1"],"picked":"SKIP","floor":19.0},{"not_picked":["Redo+1","Hologram+1","Go for the Eyes+1"],"picked":"SKIP","floor":21.0},{"not_picked":["Cold Snap+1","Lockon+1","Aggregate+1"],"picked":"SKIP","floor":23.0},{"not_picked":["Coolheaded+1","Doom and Gloom+1","Streamline+1","Beam Cell+1"],"picked":"SKIP","floor":25.0},{"not_picked":["Loop","Stack+1","Doom and Gloom+1"],"picked":"Echo Form","floor":27.0},{"not_picked":["Redo+1","Chaos+1","Rebound+1"],"picked":"Gash+1","floor":28.0},{"not_picked":["Rebound+1","Static Discharge","Steam Power+1"],"picked":"BootSequence+1","floor":30.0},{"not_picked":["Multi-Cast+1","Biased Cognition","Machine Learning"],"picked":"All For One+1","floor":33.0},{"not_picked":["Conserve Battery+1","Hologram+1"],"picked":"SKIP","floor":35.0},{"not_picked":["Blizzard+1","Lockon+1"],"picked":"SKIP","floor":36.0},{"not_picked":["Steam+1","Chaos+1"],"picked":"SKIP","floor":37.0},{"not_picked":["Lockon+1","Gash+1"],"picked":"SKIP","floor":39.0},{"not_picked":["Reinforced Body+1","Defragment"],"picked":"SKIP","floor":41},{"not_picked":["FTL+1","Go for the Eyes+1"],"picked":"SKIP","floor":44},{"not_picked":["Static Discharge","Glacier+1"],"picked":"SKIP","floor":46},{"not_picked":["Melter+1","BootSequence+1"],"picked":"SKIP","floor":48},{"not_picked":[],"picked":"Hologram+1","floor":55}],"player_experience":925852,"relics_obtained":[{"floor":8.0,"key":"Happy Flower"},{"floor":9.0,"key":"infinitespire:CheckeredPen"},{"floor":10.0,"key":"MealTicket"},{"floor":13.0,"key":"Bag of Marbles"},{"floor":23.0,"key":"Question Card"},{"floor":25.0,"key":"Boot"},{"floor":26.0,"key":"Orichalcum"},{"floor":27.0,"key":"Incense Burner"},{"floor":30.0,"key":"infinitespire:EmpoweringShard"},{"floor":41,"key":"TungstenRod"},{"floor":44,"key":"Girya"},{"floor":47,"key":"hubris:RGBLights"},{"floor":55,"key":"Blue Candle"}],"event_choices":[{"damage_healed":0.0,"max_hp_gain":0.0,"max_hp_loss":0.0,"gold_gain":0.0,"cards_transformed":["Defragment"],"event_name":"Transmorgrifier","player_choice":"Transformed","floor":4.0,"gold_loss":0.0,"damage_taken":0.0,"cards_obtained":["Redo"]},{"cards_removed":["Redo"],"damage_healed":0.0,"max_hp_gain":0.0,"max_hp_loss":0.0,"gold_gain":0.0,"event_name":"Purifier","player_choice":"Purged","floor":11.0,"gold_loss":0.0,"damage_taken":0.0},{"damage_healed":0.0,"max_hp_gain":0.0,"max_hp_loss":0.0,"gold_gain":0.0,"event_name":"Match and Keep!","player_choice":"1 cards matched","floor":22.0,"gold_loss":0.0,"damage_taken":0.0,"cards_obtained":["Gash"]},{"damage_healed":14.0,"max_hp_gain":0.0,"max_hp_loss":0.0,"gold_gain":0.0,"event_name":"The Library","player_choice":"Heal","floor":31.0,"gold_loss":0.0,"damage_taken":0.0}],"is_beta":false,"boss_relics":[{"not_picked":["FrozenCore","Black Star"],"picked":"Runic Pyramid"},{"not_picked":["hubris:CrackedHourglass","hubris:GrandSneckoEye"],"picked":"Busted Crown"}],"items_purged_floors":[0,0,0,0,0,29,38,54],"is_endless":false,"potions_floor_spawned":[6,7,8,10,13,16,21,23,25,28,41,48],"ascension_level":20}}