{"host":"b6iqmq74l2bwzb3l","time":1608141373,"event":{"mods":["Astrologer","BaseMod","Colored Map","Colored Powertips","Googly Eyes","MarisaÅiñ∂âJÅ@ñÇóùçπÅj","Minty Spire (QoL Compilation)","Quick Restart","StSLib","The Cursed"],"gold_per_floor":[116,116,116,291,304,337,337,373,373,386,386,486,522,300,300,423,423,447,347,315,315,315],"floor_reached":21,"playtime":522,"items_purged":["Doubt","Defend_R"],"score":231,"play_id":"6d3ea703-3ca0-4338-9fef-498edeb6fd36","local_time":"20201217025613","is_ascension_mode":true,"campfire_choices":[{"data":"Barricade","floor":7,"key":"SMITH"},{"data":"Iron Wave","floor":11,"key":"SMITH"},{"floor":15,"key":"REST"}],"circlet_count":0,"master_deck":["Strike_R","Strike_R","Strike_R","Strike_R","Strike_R","Defend_R","Defend_R","Defend_R","Bash","Iron Wave","Barricade+1","Rampage","Iron Wave+1","Demon Form","Impervious"],"relics":["Black Blood","NeowsBlessing","Nunchaku","Golden Idol","Question Card","Sundial","Self Forming Clay","InkBottle","Lantern"],"acts_visited":["Exordium","TheCity"],"potions_floor_usage":[8,16,16],"damage_taken":[{"damage":0,"enemies":"Small Slimes","floor":1,"turns":1},{"damage":0,"enemies":"2 Louse","floor":5,"turns":1},{"damage":0,"enemies":"Lagavulin","floor":6,"turns":1},{"damage":28,"enemies":"Gremlin Nob","floor":8,"turns":5},{"damage":9,"enemies":"Jaw Worm","floor":10,"turns":5},{"damage":38,"enemies":"3 Sentries","floor":13,"turns":13},{"damage":30,"enemies":"The Guardian","floor":16,"turns":10},{"damage":29,"enemies":"Spheric Guardian","floor":18,"turns":8},{"damage":20,"enemies":"2 Thieves","floor":20,"turns":5},{"damage":52,"enemies":"Sentry and Sphere","floor":21,"turns":9}],"seed_played":"-7741059466554245408","potions_obtained":[{"floor":6,"key":"FearPotion"},{"floor":10,"key":"EssenceOfSteel"},{"floor":13,"key":"ColorlessPotion"},{"floor":20,"key":"SkillPotion"}],"is_trial":false,"path_per_floor":["M","?","?","?","M","E","R","E","T","M","R","?","E","$","R","B",null,"M","$","M","M"],"character_chosen":"IRONCLAD","items_purchased":["Lantern"],"campfire_rested":1,"item_purchase_floors":[14],"current_hp_per_floor":[80,77,74,74,74,74,74,52,52,49,49,49,17,17,39,15,74,57,57,49,0,0],"gold":315,"neow_bonus":"THREE_ENEMY_KILL","is_daily":false,"chose_seed":false,"campfire_upgraded":2,"win_rate":0.0,"timestamp":1608141373,"path_taken":["M","?","?","?","?","E","R","E","T","M","R","?","E","?","R","BOSS","M","$","M","M"],"items_purchased_type":["Relic"],"build_version":"2020-12-13","purchased_purges":2,"victory":false,"max_hp_per_floor":[80,80,74,74,74,74,74,74,74,74,74,74,74,74,74,74,74,74,74,74,74,74],"card_choices":[{"not_picked":["Feel No Pain","Cleave"],"picked":"Iron Wave","floor":1},{"not_picked":["Clothesline","Headbutt","Reckless Charge"],"picked":"SKIP","floor":5},{"not_picked":["Cleave","Dark Embrace"],"picked":"Barricade","floor":6},{"not_picked":["Anger","Armaments","Clothesline"],"picked":"Rampage","floor":8},{"not_picked":["Wild Strike","Thunderclap","Anger"],"picked":"Iron Wave","floor":10},{"not_picked":["Havoc","Offering","Dark Embrace"],"picked":"Demon Form","floor":13},{"not_picked":["Berserk","Bludgeon","Demon Form"],"picked":"Impervious","floor":16},{"not_picked":["Sever Soul","Thunderclap","Inflame","Dark Embrace+1"],"picked":"SKIP","floor":18},{"not_picked":["Heavy Blade","Spot Weakness+1","Pommel Strike","Inflame"],"picked":"SKIP","floor":20}],"player_experience":313359,"relics_obtained":[{"floor":6,"key":"Question Card"},{"floor":8,"key":"Sundial"},{"floor":9,"key":"Self Forming Clay"},{"floor":13,"key":"InkBottle"}],"event_choices":[{"damage_healed":0,"gold_gain":0,"player_choice":"Success","damage_taken":3,"relics_obtained":["Nunchaku"],"max_hp_gain":0,"max_hp_loss":0,"event_name":"Scrap Ooze","floor":2,"gold_loss":0},{"damage_healed":0,"gold_gain":0,"player_choice":"Lose Max HP","damage_taken":0,"relics_obtained":["Golden Idol"],"max_hp_gain":0,"max_hp_loss":6,"event_name":"Golden Idol","floor":3,"gold_loss":0},{"damage_healed":0,"gold_gain":175,"player_choice":"AGREE","damage_taken":0,"max_hp_gain":0,"max_hp_loss":0,"event_name":"Liars Game","floor":4,"gold_loss":0,"cards_obtained":["Doubt"]},{"damage_healed":0,"gold_gain":100,"player_choice":"Pray","damage_taken":0,"max_hp_gain":0,"max_hp_loss":0,"event_name":"Golden Shrine","floor":12,"gold_loss":0}],"is_beta":false,"boss_relics":[{"not_picked":["Runic Pyramid","Cursed Key"],"picked":"Black Blood"}],"items_purged_floors":[14,19],"is_endless":false,"potions_floor_spawned":[6,10,13,20],"killed_by":"Sentry and Sphere","ascension_level":1}}