{"host":"nox","time":1608131839,"event":{"mods":["BaseMod","Colored Powertips","Minty Spire (QoL Compilation)","Quick Restart","Replay The Spire","StSLib"],"gold_per_floor":[110,120,120,131,92,92,126,126,171,171,186,186,186,201,201,299,299,311,126,170,188,188,218,232,232,282,316,7,7,7,27,27,27,27],"floor_reached":33,"playtime":1171,"items_purged":["Replay:Hysterical Blindness"],"score":431,"play_id":"1464dcb3-6857-465a-a3dc-99246baaceb6","local_time":"20201216221719","is_ascension_mode":true,"campfire_choices":[{"data":"Heavy Blade","floor":6.0,"key":"SMITH"},{"data":"Flex","floor":8.0,"key":"SMITH"},{"data":"Bash","floor":10.0,"key":"SMITH"},{"data":"Spot Weakness","floor":15.0,"key":"SMITH"},{"data":"Demon Form","floor":25.0,"key":"SMITH"},{"floor":32,"key":"RECALL"}],"circlet_count":0,"master_deck":["Strike_R+1","Strike_R+1","Strike_R+1","Strike_R+1","Strike_R+1","Defend_R+1","Defend_R+1","Defend_R+1","Defend_R+1","Bash+1","Heavy Blade+1","Flex+1","Inflame","ReplayTheSpireMod:Muscle Training+1","Spot Weakness+1","Demon Form+1","CurseOfTheBell","Rupture+1","Combust+1","Armaments+1"],"relics":["Burning Blood","Ring of Fury","Toy Ornithopter","Tiny Chest","Replay:Grab Bag","Busted Crown","Coffee Dripper","Calling Bell","Ring of Chaos","MealTicket","Frozen Egg 2","CaptainsWheel","ReplayTheSpireMod:CursedCoin","Toxic Egg 2","Mummified Hand","PreservedInsect","Regal Pillow","ReplayTheSpireMod:Shallot","Eternal Feather"],"acts_visited":["Exordium","TheCity"],"potions_floor_usage":[33,33,33],"damage_taken":[{"damage":10.0,"enemies":"Cultist","floor":1.0,"turns":5.0},{"damage":5.0,"enemies":"Small Slimes","floor":2.0,"turns":4.0},{"damage":14.0,"enemies":"2 Louse","floor":4.0,"turns":3.0},{"damage":32.0,"enemies":"Lagavulin","floor":7.0,"turns":7.0},{"damage":10.0,"enemies":"Looter","floor":11.0,"turns":3.0},{"damage":13.0,"enemies":"Large Slime","floor":14.0,"turns":3.0},{"damage":20.0,"enemies":"Slime Boss","floor":16.0,"turns":7.0},{"damage":11.0,"enemies":"Shell Parasite","floor":18.0,"turns":2.0},{"damage":23.0,"enemies":"2 Thieves","floor":21.0,"turns":3.0},{"damage":41.0,"enemies":"Slavers","floor":23.0,"turns":5.0},{"damage":9.0,"enemies":"Cultist and Chosen","floor":24.0,"turns":4.0},{"damage":33.0,"enemies":"Book of Stabbing","floor":27.0,"turns":3.0},{"damage":32,"enemies":"Centurion and Healer","floor":31,"turns":4},{"damage":39,"enemies":"Pondfish","floor":33,"turns":6}],"seed_played":"-3101306782345683544","potions_obtained":[{"floor":1.0,"key":"ElixirPotion"},{"floor":11.0,"key":"Flashbang"},{"floor":14.0,"key":"PowerPotion"},{"floor":16.0,"key":"BloodPotion"},{"floor":21.0,"key":"CultistPotion"},{"floor":27.0,"key":"PowerPotion"},{"floor":31,"key":"Strength Potion"}],"is_trial":false,"path_per_floor":["M","M","?","M","$","R","E","R","T","R","M","?","?","M","R","B",null,"M","$","?","M","T","E","M","R","T","E","$","?","$","M","R","B"],"character_chosen":"IRONCLAD","items_purchased":["Inflame","ReplayTheSpireMod:CursedCoin","Toxic Egg 2","Eternal Feather","Armaments+1"],"campfire_rested":0,"item_purchase_floors":[5,19,19,28,28],"current_hp_per_floor":[76,77,77,69,69,69,43,43,43,43,39,21,50,43,43,34,75,70,85,63,46,46,38,35,35,35,8,23,23,38,12,24,0,0],"gold":27,"neow_bonus":"TEN_PERCENT_HP_BONUS","is_daily":false,"chose_seed":false,"campfire_upgraded":5,"win_rate":0.0,"timestamp":1608131839,"path_taken":["M","M","?","M","$","R","E","R","T","R","M","?","?","M","R","BOSS","M","$","?","M","?","E","?","R","T","E","$","?","?","M","R","BOSS"],"items_purchased_type":["Card","Relic","Relic","Relic","Card"],"build_version":"2020-11-17","purchased_purges":1,"victory":false,"max_hp_per_floor":[88,88,88,88,88,88,88,88,88,88,88,88,88,88,88,88,88,88,88,88,88,88,88,88,88,88,88,88,88,88,88,88,88,88],"card_choices":[{"not_picked":["Abandon","Pommel Strike"],"picked":"Heavy Blade","floor":1.0},{"not_picked":["Perfected Strike","Rage"],"picked":"Flex","floor":2.0},{"not_picked":["Dual Wield","Twin Strike","Sword Boomerang"],"picked":"SKIP","floor":4.0},{"not_picked":["Iron Wave","Replay:Undeath\u0027s Touch","Headbutt"],"picked":"SKIP","floor":7.0},{"not_picked":["Offering","Clash"],"picked":"ReplayTheSpireMod:Muscle Training","floor":11.0},{"not_picked":["ReplayTheSpireMod:Strike From Hell","Replay:Undeath\u0027s Touch"],"picked":"Spot Weakness","floor":14.0},{"not_picked":["Barricade","Reaper"],"picked":"Demon Form","floor":16.0},{"not_picked":["Perfected Strike"],"picked":"SKIP","floor":18.0},{"not_picked":[],"picked":"Rupture+1","floor":20.0},{"not_picked":["Anger"],"picked":"SKIP","floor":21.0},{"not_picked":["Cleave+1"],"picked":"SKIP","floor":23.0},{"not_picked":[],"picked":"Combust+1","floor":24.0},{"not_picked":["Havoc+1"],"picked":"SKIP","floor":27.0},{"not_picked":["Clash"],"picked":"SKIP","floor":31}],"player_experience":142699,"relics_obtained":[{"floor":3.0,"key":"Ring of Fury"},{"floor":7.0,"key":"Toy Ornithopter"},{"floor":9.0,"key":"Tiny Chest"},{"floor":17.0,"key":"MealTicket"},{"floor":17.0,"key":"Frozen Egg 2"},{"floor":17.0,"key":"CaptainsWheel"},{"floor":22.0,"key":"Mummified Hand"},{"floor":23.0,"key":"PreservedInsect"},{"floor":26.0,"key":"Regal Pillow"},{"floor":27.0,"key":"ReplayTheSpireMod:Shallot"}],"event_choices":[{"damage_healed":0.0,"max_hp_gain":0.0,"max_hp_loss":0.0,"gold_gain":0.0,"event_name":"Shining Light","player_choice":"Entered Light","floor":12.0,"gold_loss":0.0,"damage_taken":18.0,"cards_upgraded":["Defend_R","ReplayTheSpireMod:Muscle Training"]},{"damage_healed":29.0,"max_hp_gain":0.0,"max_hp_loss":0.0,"gold_gain":0.0,"event_name":"Big Fish","player_choice":"Banana","floor":13.0,"gold_loss":0.0,"damage_taken":0.0},{"damage_healed":0.0,"max_hp_gain":0.0,"max_hp_loss":0.0,"gold_gain":0.0,"event_name":"Back to Basics","player_choice":"Simplicity","floor":29.0,"gold_loss":0.0,"damage_taken":0.0,"cards_upgraded":["Strike_R","Strike_R","Strike_R","Strike_R","Strike_R","Defend_R","Defend_R","Defend_R"]}],"is_beta":true,"boss_relics":[{"not_picked":["Replay:Bronze Core","Replay:Ancient Bell"],"picked":"Replay:Grab Bag"},{"not_picked":["Cursed Key","Runic Dome"],"picked":"Busted Crown"},{"not_picked":["Ooze Armor","Abe\u0027s Treasure"],"picked":"Coffee Dripper"},{"not_picked":["Empty Cage","Runic Pyramid"],"picked":"Calling Bell"},{"not_picked":["Pandora\u0027s Box","Snecko Eye"],"picked":"Ring of Chaos"}],"items_purged_floors":[19],"is_endless":false,"potions_floor_spawned":[1,11,14,16,21,27,31],"killed_by":"Pondfish","ascension_level":8}}