{"host":"bbjnqymry46jz0fa","time":1608129761,"event":{"mods":["BaseMod","DeckTracker","Minty Spire (QoL Compilation)","Quick Restart","StSLib","SuperFastMode"],"gold_per_floor":[118,136,21,21,33,33,44,44,71,91,16,30,43,43,43,117,117,136,136,150,75,88,88,1,20,20,20,20,20,20,36,36,112,112,131,131,31,51,71,71,71],"floor_reached":40,"playtime":1311,"items_purged":["Strike_G","Bouncing Flask"],"score":760,"play_id":"dd708849-6fc1-4be2-84f5-f0fcada34c03","local_time":"20201216234241","is_ascension_mode":true,"campfire_choices":[{"data":"Poisoned Stab","floor":6.0,"key":"SMITH"},{"data":"Noxious Fumes","floor":8.0,"key":"SMITH"},{"data":"Catalyst","floor":15.0,"key":"SMITH"},{"data":"Accuracy","floor":23.0,"key":"SMITH"},{"floor":28,"key":"REST"},{"data":"Blade Dance","floor":30,"key":"SMITH"},{"data":"Accuracy","floor":32,"key":"SMITH"}],"circlet_count":0,"master_deck":["AscendersBane","Defend_G","Defend_G","Defend_G","Survivor","Neutralize","Infinite Blades","Poisoned Stab+1","Well Laid Plans","Accuracy+1","Noxious Fumes+1","Backflip","Catalyst+1","Accuracy","Flechettes","Blade Dance+1","Acrobatics","Accuracy+1","PiercingWail","Skewer","Adrenaline","Footwork","Blade Dance"],"relics":["Ring of the Snake","Gambling Chip","Happy Flower","Runic Pyramid","Eternal Feather","Ornamental Fan","Runic Dome"],"acts_visited":["Exordium","TheCity","TheBeyond"],"potions_floor_usage":[25,33,39,40],"damage_taken":[{"damage":0.0,"enemies":"Cultist","floor":1.0,"turns":4.0},{"damage":0.0,"enemies":"2 Louse","floor":2.0,"turns":4.0},{"damage":2.0,"enemies":"Small Slimes","floor":5.0,"turns":4.0},{"damage":1.0,"enemies":"Exordium Thugs","floor":7.0,"turns":4.0},{"damage":13.0,"enemies":"Exordium Wildlife","floor":10.0,"turns":4.0},{"damage":4.0,"enemies":"2 Fungi Beasts","floor":12.0,"turns":4.0},{"damage":9.0,"enemies":"Blue Slaver","floor":13.0,"turns":4.0},{"damage":14.0,"enemies":"Hexaghost","floor":16.0,"turns":8.0},{"damage":9.0,"enemies":"3 Byrds","floor":18.0,"turns":5.0},{"damage":10.0,"enemies":"Shell Parasite","floor":20.0,"turns":4.0},{"damage":6.0,"enemies":"Snake Plant","floor":22.0,"turns":5.0},{"damage":22,"enemies":"Shelled Parasite and Fungi","floor":25,"turns":5},{"damage":0,"enemies":"Centurion and Healer","floor":31,"turns":5},{"damage":30,"enemies":"Collector","floor":33,"turns":9},{"damage":1,"enemies":"Orb Walker","floor":35,"turns":2},{"damage":3,"enemies":"3 Darklings","floor":38,"turns":3},{"damage":17,"enemies":"Jaw Worm Horde","floor":39,"turns":3},{"damage":42,"enemies":"Reptomancer","floor":40,"turns":3}],"seed_played":"6169904028319196862","potions_obtained":[{"floor":1.0,"key":"GhostInAJar"},{"floor":2.0,"key":"SkillPotion"},{"floor":12.0,"key":"Fruit Juice"},{"floor":16.0,"key":"BlessingOfTheForge"},{"floor":22.0,"key":"PowerPotion"},{"floor":25,"key":"Fire Potion"},{"floor":31,"key":"Swift Potion"},{"floor":38,"key":"EssenceOfSteel"}],"is_trial":false,"path_per_floor":["M","M","$","$","M","R","M","R","T","M","?","M","M","?","R","B",null,"M","?","M","?","M","R","$","M","T","?","R","T","R","M","R","B",null,"M","?","$","M","M","E"],"character_chosen":"THE_SILENT","items_purchased":["Well Laid Plans","Accuracy"],"campfire_rested":1,"item_purchase_floors":[3,24],"current_hp_per_floor":[44,44,44,44,42,42,41,41,41,28,28,24,15,15,15,6,55,46,46,36,36,30,30,30,8,8,8,41,41,53,53,65,35,62,61,61,61,58,41,0,0],"gold":71,"neow_bonus":"ONE_RARE_RELIC","is_daily":false,"chose_seed":false,"campfire_upgraded":6,"win_rate":0.0,"timestamp":1608129761,"path_taken":["M","M","?","$","M","R","M","R","T","M","?","M","M","?","R","BOSS","M","?","M","?","M","R","$","?","T","?","R","?","R","M","R","BOSS","M","?","$","M","M","E"],"items_purchased_type":["Card","Card"],"build_version":"2020-12-13","purchased_purges":2,"victory":false,"max_hp_per_floor":[66,66,66,66,66,66,66,66,66,66,66,66,66,66,66,71,71,71,71,71,71,71,71,71,71,71,71,71,71,71,71,71,71,71,71,71,71,71,71,71,71],"card_choices":[{"not_picked":["Calculated Gamble","Cloak And Dagger"],"picked":"Infinite Blades","floor":1.0},{"not_picked":["Slice","Underhanded Strike"],"picked":"Poisoned Stab","floor":2.0},{"not_picked":["Burst","Choke"],"picked":"Accuracy","floor":5.0},{"not_picked":["Bouncing Flask","Dagger Spray"],"picked":"Noxious Fumes","floor":7.0},{"not_picked":["Prepared","Poisoned Stab"],"picked":"Backflip","floor":10.0},{"not_picked":["Blur","Dagger Spray"],"picked":"Catalyst","floor":12.0},{"not_picked":["PiercingWail","Catalyst"],"picked":"Accuracy","floor":13.0},{"not_picked":["Masterful Stab","Backflip"],"picked":"Blade Dance","floor":18.0},{"not_picked":["Eviscerate","Backflip","Distraction"],"picked":"SKIP","floor":20.0},{"not_picked":["Sucker Punch","Deflect"],"picked":"Acrobatics","floor":22.0},{"not_picked":["Noxious Fumes","Bane"],"picked":"PiercingWail","floor":25},{"not_picked":["Reflex","Setup","Expertise"],"picked":"SKIP","floor":31},{"not_picked":["Glass Knife","Die Die Die"],"picked":"Adrenaline","floor":33},{"not_picked":["Deflect","Dagger Throw","Eviscerate+1"],"picked":"SKIP","floor":35},{"not_picked":["Blade Dance","Deadly Poison"],"picked":"Footwork","floor":38},{"not_picked":["Acrobatics","Envenom"],"picked":"Blade Dance","floor":39}],"player_experience":711055,"relics_obtained":[{"floor":9.0,"key":"Happy Flower"},{"floor":26,"key":"Eternal Feather"},{"floor":29,"key":"Ornamental Fan"}],"event_choices":[{"cards_removed":["Strike_G"],"damage_healed":0.0,"max_hp_gain":0.0,"max_hp_loss":0.0,"gold_gain":0.0,"event_name":"The Cleric","player_choice":"Card Removal","floor":11.0,"gold_loss":75.0,"damage_taken":0.0},{"damage_healed":0.0,"max_hp_gain":0.0,"max_hp_loss":0.0,"gold_gain":0.0,"cards_transformed":["Strike_G"],"event_name":"Living Wall","player_choice":"Change","floor":14.0,"gold_loss":0.0,"damage_taken":0.0,"cards_obtained":["Flechettes"]},{"damage_healed":0.0,"max_hp_gain":0.0,"max_hp_loss":0.0,"gold_gain":0.0,"event_name":"Ghosts","player_choice":"Ignored","floor":19.0,"gold_loss":0.0,"damage_taken":0.0},{"cards_removed":["Defend_G"],"damage_healed":0.0,"max_hp_gain":0.0,"max_hp_loss":0.0,"gold_gain":0.0,"event_name":"Beggar","player_choice":"Gave Gold","floor":21.0,"gold_loss":75.0,"damage_taken":0.0},{"damage_healed":0,"gold_gain":0,"cards_transformed":["Strike_G","Strike_G"],"player_choice":"Became Test Subject","damage_taken":0,"max_hp_gain":0,"max_hp_loss":0,"event_name":"Drug Dealer","floor":27,"gold_loss":0,"cards_obtained":["Bouncing Flask","Skewer"]},{"cards_removed":["Defend_G"],"damage_healed":0,"gold_gain":0,"player_choice":"Removed Skill","damage_taken":0,"max_hp_gain":0,"max_hp_loss":0,"event_name":"Falling","floor":36,"gold_loss":0}],"is_beta":false,"boss_relics":[{"not_picked":["HoveringKite","Snecko Eye"],"picked":"Runic Pyramid"},{"not_picked":["Pandora\u0027s Box","SacredBark"],"picked":"Runic Dome"}],"items_purged_floors":[3,37],"is_endless":false,"potions_floor_spawned":[1,2,7,12,16,22,25,31,38],"killed_by":"Reptomancer","ascension_level":20}}