{"host":"naykp6d9ulahlwib","time":1608094621,"event":{"mods":["BaseMod","Highlight Path","Minty Spire (QoL Compilation)","StSLib"],"gold_per_floor":[18,18,37,49,124,124,124,124,198,218,1,1,39,39,39,39,39],"floor_reached":16,"playtime":1448,"items_purged":["Strike_P"],"score":142,"play_id":"375f89b9-f829-4c22-9c63-38e56498e8ec","local_time":"20201215225701","is_ascension_mode":true,"campfire_choices":[{"data":"Eruption","floor":6.0,"key":"SMITH"},{"floor":12.0,"key":"REST"},{"floor":15.0,"key":"REST"}],"circlet_count":0,"master_deck":["Strike_P","Strike_P","Defend_P","Defend_P","Defend_P","Eruption+1","Vigilance","ThirdEye","EmptyFist","CutThroughFate","Regret","WaveOfTheHand"],"relics":["PureWater","HornCleat","Golden Idol","Meat on the Bone","Membership Card","TungstenRod"],"acts_visited":["Exordium"],"potions_floor_usage":[16],"damage_taken":[{"damage":0.0,"enemies":"Cultist","floor":1.0,"turns":2.0},{"damage":0.0,"enemies":"Small Slimes","floor":3.0,"turns":2.0},{"damage":7.0,"enemies":"Jaw Worm","floor":4.0,"turns":3.0},{"damage":1.0,"enemies":"2 Fungi Beasts","floor":10.0,"turns":2.0},{"damage":39.0,"enemies":"Gremlin Nob","floor":13.0,"turns":4.0},{"damage":60,"enemies":"Slime Boss","floor":16,"turns":7}],"seed_played":"-6451655423818063556","potions_obtained":[{"floor":1.0,"key":"Dexterity Potion"},{"floor":3.0,"key":"FearPotion"},{"floor":4.0,"key":"EssenceOfSteel"}],"is_trial":false,"path_per_floor":["M","$","M","M","?","R","?","?","T","M","$","R","E","$","R","B"],"character_chosen":"WATCHER","items_purchased":["Membership Card","WaveOfTheHand"],"campfire_rested":2,"item_purchase_floors":[11,11],"current_hp_per_floor":[65,65,65,58,47,47,47,29,29,40,40,61,34,34,55,0,0],"gold":39,"neow_bonus":"REMOVE_TWO","is_daily":false,"chose_seed":false,"campfire_upgraded":1,"win_rate":0.0,"timestamp":1608094621,"path_taken":["M","$","?","M","?","R","?","?","T","M","$","R","E","?","R","BOSS"],"items_purchased_type":["Relic","Card"],"build_version":"2020-12-13","purchased_purges":1,"victory":false,"max_hp_per_floor":[72,72,72,72,72,72,72,72,72,72,72,72,72,72,72,72,72],"card_choices":[{"not_picked":["ForeignInfluence","Vengeance"],"picked":"ThirdEye","floor":1.0},{"not_picked":["Nirvana","SignatureMove"],"picked":"EmptyFist","floor":3.0},{"not_picked":["EmptyBody","Adaptation"],"picked":"CutThroughFate","floor":4.0},{"not_picked":["Fasting2","DeceiveReality","BowlingBash"],"picked":"SKIP","floor":10.0},{"not_picked":["FlyingSleeves","Swivel","SashWhip"],"picked":"SKIP","floor":13.0}],"player_experience":765474,"relics_obtained":[{"floor":9.0,"key":"Meat on the Bone"},{"floor":13.0,"key":"TungstenRod"}],"event_choices":[{"damage_healed":0.0,"max_hp_gain":0.0,"max_hp_loss":0.0,"gold_gain":75.0,"event_name":"World of Goop","player_choice":"Gather Gold","floor":5.0,"gold_loss":0.0,"damage_taken":11.0},{"damage_healed":0.0,"max_hp_gain":0.0,"max_hp_loss":0.0,"gold_gain":0.0,"event_name":"Big Fish","player_choice":"Box","floor":7.0,"gold_loss":0.0,"damage_taken":0.0,"relics_obtained":["HornCleat"],"cards_obtained":["Regret"]},{"damage_healed":0.0,"max_hp_gain":0.0,"max_hp_loss":0.0,"gold_gain":0.0,"event_name":"Golden Idol","player_choice":"Take Damage","floor":8.0,"gold_loss":0.0,"damage_taken":18.0,"relics_obtained":["Golden Idol"]}],"is_beta":false,"boss_relics":[],"items_purged_floors":[11],"is_endless":false,"potions_floor_spawned":[1,3,4],"killed_by":"Slime Boss","ascension_level":9}}