{"host":"hszimsrtxxc2k25w","time":1608147637,"event":{"mods":["AchievementEnabler","BaseMod","Colored Map","DeckTracker","Minty Spire (QoL Compilation)","Rare Cards Sparkle","SuperFastMode"],"gold_per_floor":[113,113,125,135,147,147,174,174,174,199,199,16,16,46,46,46,46],"floor_reached":16,"playtime":384,"items_purged":["Strike_R"],"score":236,"play_id":"d8ca5853-84b1-4a29-8bab-f2d54cc97185","local_time":"20201217044037","is_ascension_mode":true,"campfire_choices":[{"data":"Carnage","floor":6,"key":"SMITH"},{"data":"Armaments","floor":8,"key":"SMITH"},{"data":"Corruption","floor":11,"key":"SMITH"},{"data":"Body Slam","floor":15,"key":"SMITH"}],"circlet_count":0,"master_deck":["AscendersBane","Strike_R","Strike_R","Strike_R","Defend_R","Defend_R","Defend_R","Defend_R","Bash","Blind","Carnage+1","Decay","Armaments+1","Corruption+1","Thunderclap","Body Slam+1"],"relics":["Burning Blood","Boot","White Beast Statue","Bird Faced Urn","Bag of Preparation"],"acts_visited":["Exordium"],"potions_floor_usage":[7,12,14,16],"damage_taken":[{"damage":4,"enemies":"2 Louse","floor":1,"turns":4},{"damage":3,"enemies":"Cultist","floor":3,"turns":4},{"damage":12,"enemies":"Small Slimes","floor":4,"turns":4},{"damage":13,"enemies":"Looter","floor":5,"turns":4},{"damage":19,"enemies":"Lagavulin","floor":7,"turns":8},{"damage":34,"enemies":"3 Sentries","floor":10,"turns":9},{"damage":17,"enemies":"Gremlin Nob","floor":14,"turns":4},{"damage":20,"enemies":"Hexaghost","floor":16,"turns":7}],"seed_played":"-6636699418468611073","potions_obtained":[{"floor":5,"key":"HeartOfIron"},{"floor":10,"key":"BlessingOfTheForge"},{"floor":14,"key":"LiquidBronze"}],"is_trial":false,"path_per_floor":["M","?","M","M","M","R","E","R","T","E","R","$","?","E","R","B"],"character_chosen":"IRONCLAD","items_purchased":["BloodPotion","Block Potion"],"campfire_rested":0,"item_purchase_floors":[12,12],"current_hp_per_floor":[70,70,73,67,60,60,47,47,47,19,19,34,34,25,25,7,7],"gold":46,"neow_bonus":"RANDOM_COLORLESS","is_daily":false,"chose_seed":false,"campfire_upgraded":4,"win_rate":0.0,"timestamp":1608147637,"path_taken":["M","?","M","M","M","R","E","R","T","E","R","?","?","E","R","BOSS"],"items_purchased_type":["Potion","Potion"],"build_version":"2020-12-13","purchased_purges":1,"victory":false,"max_hp_per_floor":[75,75,75,75,75,75,75,75,75,75,75,75,75,75,75,75,75],"card_choices":[{"not_picked":["Forethought","Mind Blast"],"picked":"Blind","floor":0},{"not_picked":["Inflame","Evolve"],"picked":"Carnage","floor":1},{"not_picked":["True Grit","Havoc","Flex"],"picked":"SKIP","floor":3},{"not_picked":["Dropkick","Rupture"],"picked":"Armaments","floor":4},{"not_picked":["Anger","Cleave","Rupture"],"picked":"SKIP","floor":5},{"not_picked":["Perfected Strike","Searing Blow","Dual Wield"],"picked":"SKIP","floor":7},{"not_picked":["Feel No Pain","Shrug It Off"],"picked":"Corruption","floor":10},{"not_picked":["Flex","Infernal Blade"],"picked":"Body Slam","floor":14}],"player_experience":591649,"relics_obtained":[{"floor":7,"key":"Boot"},{"floor":9,"key":"White Beast Statue"},{"floor":10,"key":"Bird Faced Urn"},{"floor":14,"key":"Bag of Preparation"}],"event_choices":[{"damage_healed":0,"gold_gain":0,"player_choice":"Cursed","damage_taken":0,"max_hp_gain":0,"max_hp_loss":0,"event_name":"Wheel of Change","floor":2,"gold_loss":0,"cards_obtained":["Decay"]},{"damage_healed":0,"gold_gain":0,"cards_transformed":["Strike_R"],"player_choice":"Transformed","damage_taken":0,"max_hp_gain":0,"max_hp_loss":0,"event_name":"Transmorgrifier","floor":13,"gold_loss":0,"cards_obtained":["Thunderclap"]}],"is_beta":false,"boss_relics":[],"items_purged_floors":[12],"is_endless":false,"potions_floor_spawned":[5,10,14],"killed_by":"Hexaghost","ascension_level":20}}