{"host":"usn420qyc3tqn20x","time":1608101475,"event":{"mods":["AchievementEnabler","Aspiration","BaseMod","Better Third Choice","BetterRewards","Colored Map","Colored Powertips","Conspire","Friendly Minions","Hermit","Hubris","Infinite Spire","Minty Spire (QoL Compilation)","Quick Restart","Rare Cards Sparkle","Replay The Spire","Shop Mod","Spicy Shops","StSLib","The Construct","The Cursed","The Disciple","The Jungle","The Necromancer","The Runesmith","The Servant 0.9.4","UnlockEverythingMod","Waifu the Spire","vexMod"],"gold_per_floor":[116,20,0,0,0,0,0,0,33,52,52,52,67,67,98,112,112,217,217,231,231,231,0,29,29,62,62,142,161,161,186,202,213,213,311,361,380,46,95,95,110,110,110],"floor_reached":42,"playtime":4716,"items_purged":["Looming Evil"],"score":690,"play_id":"e556b7fe-df04-4577-95ad-3a91e952d259","local_time":"20201216175115","is_ascension_mode":false,"campfire_choices":[{"floor":8,"key":"REST"},{"floor":12,"key":"RECALL"},{"data":"Cloak And Dagger","floor":17,"key":"SMITH"},{"floor":25,"key":"REST"},{"floor":30,"key":"REST"},{"data":"Dagger Spray","floor":34,"key":"SMITH"}],"circlet_count":0,"master_deck":["Strike_G","Strike_G","Strike_G","Strike_G","Strike_G+1","Defend_G","Defend_G","Defend_G","Defend_G+1","Survivor","Neutralize","Accuracy","PiercingWail","Terror","Dagger Spray","ReplayTheSpireMod:Scrap Shanks","Cloak And Dagger+1","Slice","Replay:Fractal Strike","Cloak And Dagger","Dagger Spray+1","Slice","ReplayTheSpireMod:Scrap Shanks","Footwork","Adrenaline","Cloak And Dagger+1","Pot Of Greed","Pot Of Greed","Pot Of Greed","Blade Dance","Defend_G","Riddle With Holes+1","Dagger Spray"],"relics":["Ring of the Snake","vexMod:Cooldron","conspire:DeflatedDodgeball","Nunchaku","hubris:EmptyBottle","Akabeko","aspiration:Lifesprig","Mirror","aspiration:RitualDagger","Ring of Misfortune","Ring of Hypnosis","Vajra","vexMod:FocusSash","Regal Pillow","infinitespire:CursedDice","hubris:TenFootPole","Tiny House","Strawberry","MerchantsRug","Prayer Wheel"],"acts_visited":["Exordium","Exordium","TheBeyond"],"potions_floor_usage":[2,9,9,9,9,13,13,13,13,13,13,15,15,15,15,15,15,15,15,15,15,15,15,15,15,15,16,16,16,16,16,18,18,18,18,18,18,18,18,18,18,24,24,24,24,24,24,24,24,24,24,26,26,26,26,26,26,26,26,26,26,26,26,26,26,35,35,35,35,35,35,35,35,35,35,37,39,42,42,42,42,42,42,42,42,42,42,42,42],"damage_taken":[{"damage":1,"enemies":"Cultist","floor":1,"turns":5},{"damage":7,"enemies":"3 Sentries","floor":9,"turns":7},{"damage":0,"enemies":"Small Slimes","floor":10,"turns":3},{"damage":0,"enemies":"Jaw Worm","floor":13,"turns":2},{"damage":0,"enemies":"Lagavulin","floor":15,"turns":1},{"damage":0,"enemies":"Blue Slaver","floor":16,"turns":1},{"damage":22,"enemies":"The Guardian","floor":18,"turns":6},{"damage":21,"enemies":"theJungle:GiantWrat","floor":20,"turns":6},{"damage":25,"enemies":"conspire:MimicChest","floor":24,"turns":5},{"damage":9,"enemies":"theJungle:2_Phrogs","floor":26,"turns":3},{"damage":3,"enemies":"theJungle:MUSHROOMGANG","floor":29,"turns":1},{"damage":29,"enemies":"theJungle:MamaSnecko","floor":31,"turns":5},{"damage":18,"enemies":"theJungle:2_Snecko_Cultists","floor":32,"turns":4},{"damage":18,"enemies":"theJungle:SlimyTreeVines","floor":33,"turns":6},{"damage":24,"enemies":"theJungle:QueenSpyder","floor":35,"turns":8},{"damage":43,"enemies":"3 Darklings","floor":37,"turns":5},{"damage":63,"enemies":"2 Orb Walkers","floor":39,"turns":8},{"damage":13,"enemies":"3 Shapes","floor":41,"turns":2},{"damage":75,"enemies":"Nightmare","floor":42,"turns":6}],"seed_played":"7177842451469051695","potions_obtained":[{"floor":10,"key":"EntropicBrew"},{"floor":13,"key":"EntropicBrew"},{"floor":15,"key":"EntropicBrew"},{"floor":20,"key":"EntropicBrew"},{"floor":24,"key":"EntropicBrew"},{"floor":33,"key":"EntropicBrew"},{"floor":36,"key":"AntidotePotion"},{"floor":41,"key":"EntropicBrew"}],"is_trial":false,"path_per_floor":["M","$","?","?","PTL","PTL","$","R","E","M","T","R","M","$","E","M","R","B",null,"M","?","?","$","?","R","E","AVR","T","M","R","E","M","M","R","B",null,"M","$","?","?","M","NM"],"character_chosen":"THE_SILENT","items_purchased":["vexMod:Cooldron","conspire:DeflatedDodgeball","Nunchaku","Accuracy","EntropicBrew","Vajra","Strawberry","Grinning Jar","MerchantsRug"],"campfire_rested":3,"item_purchase_floors":[0,0,0,0,2,23,38,38,38],"current_hp_per_floor":[43,43,43,43,43,43,43,64,57,57,57,57,57,57,57,57,57,70,70,49,49,31,31,6,27,18,18,18,15,51,22,4,69,69,66,75,43,50,40,40,37,0,0],"gold":110,"neow_bonus":"","is_daily":false,"chose_seed":false,"campfire_upgraded":2,"win_rate":0.0,"timestamp":1608101475,"path_taken":["M","$","?","?","PTL","PTL","$","R","E","M","T","R","M","$","E","M","R","BOSS","M","?","?","?","?","R","E","AVR","T","?","R","E","M","M","R","BOSS","M","?","?","?","M","NM"],"items_purchased_type":["Relic","Relic","Relic","Card","Potion","Relic","Relic","Relic","Relic"],"build_version":"2020-12-13","purchased_purges":1,"victory":false,"max_hp_per_floor":[70,70,70,70,70,70,70,70,70,70,70,70,70,70,70,70,70,70,70,70,70,70,70,70,70,70,70,70,70,70,70,70,70,70,70,75,75,82,82,82,82,82,82],"card_choices":[{"not_picked":["Reflex","hubris:SlightOfHand"],"picked":"PiercingWail","floor":1},{"not_picked":["All Out Attack","infinitespire:Neurotoxin","Prepared"],"picked":"SKIP","floor":9},{"not_picked":["Flying Knee","hubris:Sniper"],"picked":"Terror","floor":10},{"not_picked":["Unload","Outmaneuver"],"picked":"Dagger Spray","floor":13},{"not_picked":["infinitespire:Neurotoxin","Prepared"],"picked":"ReplayTheSpireMod:Scrap Shanks","floor":15},{"not_picked":["Bane","Sucker Punch"],"picked":"Cloak And Dagger","floor":16},{"not_picked":["Bouncing Flask+1","hubris:Counter"],"picked":"Slice","floor":20},{"not_picked":["infinitespire:Fortify","infinitespire:Execution"],"picked":"Replay:Fractal Strike","floor":22},{"not_picked":["Endless Agony","Bane"],"picked":"Cloak And Dagger","floor":24},{"not_picked":["Corpse Explosion","Toxin Wave","Sucker Punch"],"picked":"SKIP","floor":26},{"not_picked":["Underhanded Strike+1","Setup+1"],"picked":"Dagger Spray","floor":29},{"not_picked":["Sucker Punch+1","Hidden Blade+1"],"picked":"Slice","floor":31},{"not_picked":["hubris:SlightOfHand","Skewer+1"],"picked":"ReplayTheSpireMod:Scrap Shanks","floor":32},{"not_picked":["Outmaneuver+1","Prepared"],"picked":"Footwork","floor":33},{"not_picked":["Unload","After Image"],"picked":"Adrenaline","floor":35},{"not_picked":["Backflip+1","Underhanded Strike"],"picked":"Cloak And Dagger+1","floor":37},{"not_picked":["Caltrops","Prepared"],"picked":"Blade Dance","floor":39},{"not_picked":["Dodge and Roll+1","Masterful Stab+1"],"picked":"Riddle With Holes+1","floor":41},{"not_picked":["Outmaneuver","Draining Mist+1"],"picked":"Dagger Spray","floor":41}],"player_experience":381701,"relics_obtained":[{"floor":9,"key":"Akabeko"},{"floor":11,"key":"aspiration:Lifesprig"},{"floor":15,"key":"Mirror"},{"floor":21,"key":"Ring of Misfortune"},{"floor":21,"key":"Ring of Hypnosis"},{"floor":24,"key":"vexMod:FocusSash"},{"floor":26,"key":"Regal Pillow"},{"floor":31,"key":"hubris:TenFootPole"},{"floor":39,"key":"Prayer Wheel"}],"event_choices":[{"damage_healed":0,"gold_gain":0,"player_choice":"Fight","damage_taken":0,"max_hp_gain":0,"max_hp_loss":0,"event_name":"Mysterious Sphere","floor":39,"gold_loss":0},{"cards_removed":["Defend_G"],"damage_healed":0,"gold_gain":0,"player_choice":"Took Card","damage_taken":0,"max_hp_gain":0,"max_hp_loss":0,"event_name":"NoteForYourself","floor":40,"gold_loss":0,"cards_obtained":["Defend_G"]}],"is_beta":false,"boss_relics":[{"not_picked":["vexMod:EndlessSickness","Snecko Eye"],"picked":"aspiration:RitualDagger"},{"not_picked":["ReplayTheSpireMod:DimensionalGlitch","aspiration:SecretTechniqueScroll"],"picked":"Tiny House"}],"items_purged_floors":[23],"is_endless":false,"potions_floor_spawned":[10,13,15,20,24,33,41],"killed_by":"Nightmare","ascension_level":0}}