{"host":"m6aaltr68g9tvoay","time":1608106136,"event":{"mods":["AchievementEnabler","BaseMod","Colored Map","Minty Spire (QoL Compilation)","StSLib"],"gold_per_floor":[117,117,128,49,67,67,96,96,121,136,15,15,90,101,101,101,101],"floor_reached":16,"playtime":1208,"items_purged":[],"score":195,"play_id":"1ba2e9a6-5370-4709-82f6-559e20a508bf","local_time":"20201216000856","is_ascension_mode":true,"campfire_choices":[{"data":"Night Terror","floor":6,"key":"SMITH"},{"floor":8,"key":"REST"},{"floor":12,"key":"REST"},{"data":"Flechettes","floor":15,"key":"SMITH"}],"circlet_count":0,"master_deck":["AscendersBane","Strike_G","Strike_G","Strike_G","Strike_G","Strike_G","Defend_G","Defend_G","Defend_G","Defend_G","Survivor","Neutralize","Night Terror+1","Slice","Heel Hook","PiercingWail","Riddle With Holes","Cloak And Dagger","Dash","Dagger Throw","Caltrops","Flechettes+1","Cloak And Dagger"],"relics":["Ring of the Snake","Vajra","Art of War"],"acts_visited":["Exordium"],"potions_floor_usage":[7,7,16],"damage_taken":[{"damage":11,"enemies":"Jaw Worm","floor":1,"turns":5},{"damage":4,"enemies":"Cultist","floor":3,"turns":5},{"damage":4,"enemies":"2 Louse","floor":5,"turns":3},{"damage":2,"enemies":"Gremlin Nob","floor":7,"turns":3},{"damage":5,"enemies":"Looter","floor":10,"turns":2},{"damage":7,"enemies":"Exordium Wildlife","floor":14,"turns":5},{"damage":50,"enemies":"Hexaghost","floor":16,"turns":9}],"seed_played":"-250482543862558772","potions_obtained":[{"floor":3,"key":"DistilledChaos"},{"floor":5,"key":"Explosive Potion"},{"floor":7,"key":"PowerPotion"}],"is_trial":false,"path_per_floor":["M","?","M","$","M","R","E","R","T","M","$","R","?","M","R","B"],"character_chosen":"THE_SILENT","items_purchased":["Riddle With Holes","Caltrops","Flechettes"],"campfire_rested":2,"item_purchase_floors":[4,11,11],"current_hp_per_floor":[48,48,44,44,40,40,38,57,57,52,52,66,55,48,48,0,0],"gold":101,"neow_bonus":"ONE_RANDOM_RARE_CARD","is_daily":false,"chose_seed":false,"campfire_upgraded":2,"win_rate":0.0,"timestamp":1608106136,"path_taken":["M","?","?","?","M","R","E","R","T","M","$","R","?","M","R","BOSS"],"items_purchased_type":["Card","Card","Card"],"build_version":"2020-12-13","purchased_purges":0,"victory":false,"max_hp_per_floor":[66,66,66,66,66,66,66,66,66,66,66,66,66,66,66,66,66],"card_choices":[{"not_picked":["Quick Slash","Terror"],"picked":"Slice","floor":1},{"not_picked":["Acrobatics","Footwork"],"picked":"PiercingWail","floor":3},{"not_picked":["Underhanded Strike","Escape Plan"],"picked":"Cloak And Dagger","floor":5},{"not_picked":["Reflex","Masterful Stab"],"picked":"Dash","floor":7},{"not_picked":["Bane","Deadly Poison"],"picked":"Dagger Throw","floor":10},{"not_picked":["Quick Slash","Calculated Gamble"],"picked":"Cloak And Dagger","floor":14}],"player_experience":1245456,"relics_obtained":[{"floor":7,"key":"Vajra"},{"floor":9,"key":"Art of War"}],"event_choices":[{"damage_healed":0,"gold_gain":0,"cards_transformed":["Defend_G"],"player_choice":"Transformed","damage_taken":0,"max_hp_gain":0,"max_hp_loss":0,"event_name":"Transmorgrifier","floor":2,"gold_loss":0,"cards_obtained":["Heel Hook"]},{"damage_healed":0,"gold_gain":75,"player_choice":"Gather Gold","damage_taken":11,"max_hp_gain":0,"max_hp_loss":0,"event_name":"World of Goop","floor":13,"gold_loss":0}],"is_beta":false,"boss_relics":[],"items_purged_floors":[],"is_endless":false,"potions_floor_spawned":[3,5,7],"killed_by":"Hexaghost","ascension_level":19}}