{"host":"wha9hktbkslqvblg","time":1608102716,"event":{"mods":["BaseMod","Colored Map","Minty Spire (QoL Compilation)","Relic Stats","SuperFastMode","everything is the same but u backflip on backflip"],"gold_per_floor":[110,110,35,35,35,70,86,86,86,86,121,121,121,145,145,145,145],"floor_reached":16,"playtime":236,"items_purged":["Strike_G"],"score":262,"play_id":"65eb211c-cf9c-4c5d-b65a-16fea92c0de0","local_time":"20201216161156","is_ascension_mode":true,"campfire_choices":[{"data":"Prepared","floor":10,"key":"SMITH"},{"data":"Calculated Gamble","floor":13,"key":"SMITH"},{"data":"Dagger Spray","floor":15,"key":"SMITH"}],"circlet_count":0,"master_deck":["AscendersBane","Strike_G","Strike_G","Strike_G","Strike_G","Defend_G","Defend_G","Defend_G","Defend_G","Survivor","Neutralize","Blade Dance","Prepared+1","Footwork","Calculated Gamble+1","Dagger Spray+1"],"relics":["Ring of the Snake","NeowsBlessing","Golden Idol","Gambling Chip","Bottled Tornado","Calipers"],"acts_visited":["Exordium"],"potions_floor_usage":[11],"damage_taken":[{"damage":0,"enemies":"Cultist","floor":1,"turns":1},{"damage":0,"enemies":"Gremlin Nob","floor":6,"turns":1},{"damage":0,"enemies":"Small Slimes","floor":7,"turns":1},{"damage":23,"enemies":"3 Sentries","floor":11,"turns":8},{"damage":7,"enemies":"Jaw Worm","floor":14,"turns":5},{"damage":15,"enemies":"The Guardian","floor":16,"turns":4}],"seed_played":"-6822224375470835218","potions_obtained":[{"floor":7,"key":"PowerPotion"},{"floor":11,"key":"GamblersBrew"},{"floor":14,"key":"Dexterity Potion"}],"is_trial":false,"path_per_floor":["M","?","$","?","?","E","M","?","T","R","E","?","R","M","R","B"],"character_chosen":"THE_SILENT","items_purchased":[],"campfire_rested":0,"item_purchase_floors":[],"current_hp_per_floor":[59,59,59,59,59,59,59,52,52,52,29,49,49,42,42,27,27],"gold":145,"neow_bonus":"THREE_ENEMY_KILL","is_daily":false,"chose_seed":false,"campfire_upgraded":3,"win_rate":0.0,"timestamp":1608102716,"path_taken":["M","?","$","?","?","E","?","?","T","R","E","?","R","M","R","BOSS"],"items_purchased_type":[],"build_version":"2020-12-13","purchased_purges":1,"victory":false,"max_hp_per_floor":[66,60,60,60,60,60,60,60,60,60,60,60,60,60,60,60,60],"relic_stats":{"counters":[6,20],"Golden Idol":22,"Gambling Chip":[7],"obtain_stats":[{"Calipers":11,"NeowsBlessing":0,"Golden Idol":2,"Gambling Chip":6,"Bottled Tornado":9,"Ring of the Snake":0},{"Calipers":4,"NeowsBlessing":0,"Golden Idol":1,"Gambling Chip":2,"Bottled Tornado":3,"Ring of the Snake":0},{"Calipers":11,"NeowsBlessing":0,"Golden Idol":1,"Gambling Chip":2,"Bottled Tornado":3,"Ring of the Snake":0}],"Ring of the Snake":[12]},"card_choices":[{"not_picked":["Poisoned Stab","Slice"],"picked":"Blade Dance","floor":1},{"not_picked":["Flying Knee","Underhanded Strike"],"picked":"Prepared","floor":6},{"not_picked":["Bane","Deflect"],"picked":"Footwork","floor":7},{"not_picked":["Die Die Die","Bullet Time"],"picked":"Calculated Gamble","floor":11},{"not_picked":["Flying Knee","Outmaneuver"],"picked":"Dagger Spray","floor":14}],"player_experience":854574,"relics_obtained":[{"floor":6,"key":"Gambling Chip"},{"floor":9,"key":"Bottled Tornado"},{"floor":11,"key":"Calipers"}],"event_choices":[{"damage_healed":0,"gold_gain":0,"player_choice":"Lose Max HP","damage_taken":0,"relics_obtained":["Golden Idol"],"max_hp_gain":0,"max_hp_loss":6,"event_name":"Golden Idol","floor":2,"gold_loss":0},{"damage_healed":0,"gold_gain":0,"player_choice":"Ignored","damage_taken":0,"max_hp_gain":0,"max_hp_loss":0,"event_name":"Liars Game","floor":4,"gold_loss":0},{"damage_healed":0,"gold_gain":0,"player_choice":"Leave","damage_taken":0,"max_hp_gain":0,"max_hp_loss":0,"event_name":"The Cleric","floor":5,"gold_loss":0},{"cards_removed":["Defend_G"],"damage_healed":0,"gold_gain":0,"player_choice":"Card Removal","damage_taken":7,"max_hp_gain":0,"max_hp_loss":0,"event_name":"Golden Wing","floor":8,"gold_loss":0},{"damage_healed":20,"gold_gain":0,"player_choice":"Banana","damage_taken":0,"max_hp_gain":0,"max_hp_loss":0,"event_name":"Big Fish","floor":12,"gold_loss":0}],"is_beta":false,"boss_relics":[],"items_purged_floors":[3],"is_endless":false,"potions_floor_spawned":[7,11,14],"killed_by":"The Guardian","ascension_level":20}}