{"host":"bux1pdxjwq4dkad9","time":1608110961,"event":{"mods":["BaseMod","Colored Map","Marisa（F雨　魔理沙）","Minty Spire (QoL Compilation)","Quick Restart","Robot Space Explorer","StSLib","SuperFastMode","【遗物Mod】简单游戏"],"gold_per_floor":[359,226,236,270,270,328,328,366,389,444,444,24,90,146,146,274,274,323,373,373,427,787,851,851,896,970,1021,733,799,845,920,920,1046,1046,1102,655,706,769,769,842,465,465,465,510,574,623,623,687,687,687,687,687,687,90,153,153],"floor_reached":57,"playtime":2022,"items_purged":["Strike_MRS","Strike_MRS","Strike_MRS","Normality"],"score":3911,"play_id":"00da832f-1aab-4e12-98d6-828de0dabc65","local_time":"20201216172921","is_ascension_mode":true,"campfire_choices":[{"data":"PowerUp","floor":15.0,"key":"SMITH"},{"data":"UltimateShortwave","floor":24.0,"key":"SMITH"},{"data":"MeteoricShower","floor":32,"key":"SMITH"},{"floor":42,"key":"RECALL"},{"data":"Apotheosis","floor":47,"key":"SMITH"},{"data":"SatelliteIllusion","floor":49,"key":"SMITH"},{"data":"DeepEcoloBomb","floor":53,"key":"SMITH"}],"circlet_count":0,"master_deck":["AscendersBane","Defend_MRS","Defend_MRS+1","Defend_MRS+1","UpSweep+1","GalacticHalo","PowerUp+1","WitchOfGreed+1","MilkyWay","Acceleration","MillisecondPulsars","UltimateShortwave+1","PropBag","PropBag","MeteoricShower+1","TreasureHunter","SatelliteIllusion+1","SporeBomb","Apotheosis+1","PowerUp+1","PulseMagic+1","DeepEcoloBomb+1","Parasite","Parasite","MagicChant","Master of Strategy","OortCloud","ManaConvection"],"relics":["MiniHakkero","EasyRelic","War Paint","Bag of Marbles","Dream Catcher","Golden Idol","HornCleat","HandmadeGrimoire","Cursed Key","Regal Pillow","ClockworkSouvenir","Centennial Puzzle","Blood Vial","Empty Cage","Mummified Hand","Ginger","Mercury Hourglass","White Beast Statue","TheAbacus","Shuriken","Mango","Molten Egg 2","ShroomBag","Strange Spoon","Pear","Bottled Tornado"],"acts_visited":["Exordium","TheCity","TheBeyond","TheEnding"],"potions_floor_usage":[45,46,50,56],"damage_taken":[{"damage":0.0,"enemies":"Cultist","floor":1.0,"turns":3.0},{"damage":0.0,"enemies":"Small Slimes","floor":3.0,"turns":2.0},{"damage":0.0,"enemies":"Jaw Worm","floor":4.0,"turns":3.0},{"damage":0.0,"enemies":"Gremlin Nob","floor":6.0,"turns":4.0},{"damage":0.0,"enemies":"Gremlin Gang","floor":8.0,"turns":4.0},{"damage":0.0,"enemies":"Lagavulin","floor":10.0,"turns":5.0},{"damage":0.0,"enemies":"3 Sentries","floor":13.0,"turns":5.0},{"damage":0.0,"enemies":"Blue Slaver","floor":14.0,"turns":3.0},{"damage":0.0,"enemies":"Slime Boss","floor":16.0,"turns":3.0},{"damage":0.0,"enemies":"Shell Parasite","floor":18.0,"turns":2.0},{"damage":0.0,"enemies":"3 Byrds","floor":21.0,"turns":3.0},{"damage":0.0,"enemies":"Slavers","floor":23.0,"turns":2.0},{"damage":0.0,"enemies":"Centurion and Healer","floor":25.0,"turns":3.0},{"damage":0,"enemies":"Snake Plant","floor":27,"turns":4},{"damage":0,"enemies":"Gremlin Leader","floor":29,"turns":4},{"damage":0,"enemies":"3 Cultists","floor":30,"turns":3},{"damage":0,"enemies":"Book of Stabbing","floor":31,"turns":5},{"damage":0,"enemies":"Collector","floor":33,"turns":4},{"damage":0,"enemies":"3 Darklings","floor":35,"turns":2},{"damage":0,"enemies":"Orb Walker","floor":37,"turns":2},{"damage":0,"enemies":"Mind Bloom Boss Battle","floor":38,"turns":4},{"damage":0,"enemies":"Nemesis","floor":40,"turns":3},{"damage":0,"enemies":"Spire Growth","floor":44,"turns":6},{"damage":0,"enemies":"Giant Head","floor":45,"turns":4},{"damage":0,"enemies":"Sphere and 2 Shapes","floor":46,"turns":2},{"damage":0,"enemies":"Nemesis","floor":48,"turns":7},{"damage":3,"enemies":"Awakened One","floor":50,"turns":8},{"damage":0,"enemies":"Time Eater","floor":51,"turns":5},{"damage":0,"enemies":"Shield and Spear","floor":55,"turns":2},{"damage":1,"enemies":"The Heart","floor":56,"turns":5}],"seed_played":"-7606488159645795682","potions_obtained":[{"floor":4.0,"key":"Explosive Potion"},{"floor":4.0,"key":"FearPotion"},{"floor":6.0,"key":"EssenceOfSteel"},{"floor":6.0,"key":"Swift Potion"},{"floor":14.0,"key":"DuplicationPotion"},{"floor":45,"key":"Fruit Juice"},{"floor":45,"key":"Block Potion"},{"floor":46,"key":"Fruit Juice"},{"floor":46,"key":"BottledSpark"},{"floor":55,"key":"Energy Potion"}],"is_trial":false,"path_per_floor":["M","$","M","M","?","E","?","M","T","E","?","$","E","M","R","B",null,"M","?","?","M","?","E","R","M","T","M","$","E","M","E","R","B",null,"M","$","M","?","?","E","$","R","T","M","E","M","R","E","R","B","B",null,"R","$","E","B",null],"character_chosen":"MARISA","items_purchased":["PowerUp","HornCleat","Acceleration","ClockworkSouvenir","Mummified Hand","SatelliteIllusion","TheAbacus","Apotheosis","Master of Strategy","OortCloud","Strange Spoon"],"campfire_rested":0,"item_purchase_floors":[2,12,12,28,36,36,41,41,54,54,54],"current_hp_per_floor":[63,63,63,63,44,44,37,37,37,37,15,15,15,15,15,15,51,51,51,42,42,6,6,6,6,6,18,18,18,18,18,18,20,52,54,54,56,58,58,60,60,60,60,62,82,87,87,87,87,84,87,87,87,87,97,96],"gold":153,"neow_bonus":"TWO_FIFTY_GOLD","is_daily":false,"chose_seed":false,"campfire_upgraded":6,"win_rate":0.0,"timestamp":1608110961,"path_taken":["M","$","M","M","?","E","?","M","T","E","?","$","E","M","R","BOSS","M","?","?","?","?","E","R","M","T","M","$","E","M","E","R","BOSS","M","$","?","?","?","E","$","R","T","M","E","M","R","E","R","BOSS","BOSS","R","$","E","BOSS"],"items_purchased_type":["Card","Relic","Card","Relic","Relic","Card","Relic","Card","Card","Card","Relic"],"build_version":"2020-12-13","purchased_purges":4,"victory":true,"max_hp_per_floor":[63,63,63,63,63,63,63,63,63,63,63,63,63,63,63,63,63,63,63,63,63,63,63,63,63,63,63,63,63,63,63,63,63,63,63,63,63,63,63,63,63,63,63,63,82,87,87,87,87,87,87,87,87,87,97,97],"card_choices":[{"not_picked":["EventHorizon","GravityBeat"],"picked":"GalacticHalo","floor":1.0},{"not_picked":["LuminesStrike","NonDirectionalLaser"],"picked":"WitchOfGreed","floor":3.0},{"not_picked":["NonDirectionalLaser","ChargeUpSpray","LuminesStrike"],"picked":"SKIP","floor":4.0},{"not_picked":["ChargeUpSpray","GrandCross"],"picked":"MilkyWay","floor":6.0},{"not_picked":["WitchLeyline","RefractionSpark","AsteroidBelt"],"picked":"SKIP","floor":8.0},{"not_picked":["ChargingUp","GrandCross","ChargeUpSpray"],"picked":"SKIP","floor":10.0},{"not_picked":["GravityBeat","GrandCross","DC"],"picked":"SKIP","floor":13.0},{"not_picked":["EnergyFlow","MysteriousBeam"],"picked":"MillisecondPulsars","floor":14.0},{"not_picked":["AbsoluteMagnitude","JA"],"picked":"UltimateShortwave","floor":16.0},{"not_picked":["MysteriousBeam","WitchOfGreed"],"picked":"PropBag","floor":18.0},{"not_picked":["MilkyWay","ChargingUp"],"picked":"PropBag","floor":21.0},{"not_picked":["SprinkleStarSeal","FairyDestructionRay","Acceleration"],"picked":"SKIP","floor":23.0},{"not_picked":["UnstableBomb","GrandCross","MilkyWay"],"picked":"SKIP","floor":25.0},{"not_picked":["MysteriousBeam","Occultation","CollectingQuirk"],"picked":"SKIP","floor":27},{"not_picked":["GasGiant","NonDirectionalLaser","ChargeUpSpray"],"picked":"SKIP","floor":29},{"not_picked":["EventHorizon","LuminesStrike+1","GalacticHalo"],"picked":"SKIP","floor":30},{"not_picked":["OneTimeOff","UnstableBomb"],"picked":"MeteoricShower","floor":31},{"not_picked":["FinalSpark","CasketOfStar"],"picked":"TreasureHunter","floor":33},{"not_picked":["LuminesStrike","UnstableBomb+1","AsteroidBelt"],"picked":"SKIP","floor":35},{"not_picked":["RefractionSpark+1","PulseMagic","SporeBomb"],"picked":"SKIP","floor":37},{"not_picked":["WitchLeyline","ChargingUp+1"],"picked":"SporeBomb","floor":38},{"not_picked":["GalacticHalo","NonDirectionalLaser","MilkyWay"],"picked":"SKIP","floor":40},{"not_picked":["GrandCross+1","DarkSpark"],"picked":"PowerUp+1","floor":44},{"not_picked":["GravityBeat+1","ShootingEcho+1"],"picked":"PulseMagic+1","floor":45},{"not_picked":["MysteriousBeam","NonDirectionalLaser"],"picked":"DeepEcoloBomb","floor":46},{"not_picked":["SporeBomb+1","Occultation"],"picked":"MagicChant","floor":48},{"not_picked":["BigCrunch","SprinkleStarSeal"],"picked":"ManaConvection","floor":55}],"player_experience":2503860,"relics_obtained":[{"floor":6.0,"key":"War Paint"},{"floor":9.0,"key":"Bag of Marbles"},{"floor":10.0,"key":"Dream Catcher"},{"floor":13.0,"key":"HandmadeGrimoire"},{"floor":23.0,"key":"Regal Pillow"},{"floor":29,"key":"Centennial Puzzle"},{"floor":31,"key":"Blood Vial"},{"floor":38,"key":"Ginger"},{"floor":40,"key":"Mercury Hourglass"},{"floor":40,"key":"White Beast Statue"},{"floor":43,"key":"Shuriken"},{"floor":45,"key":"Mango"},{"floor":48,"key":"Molten Egg 2"},{"floor":48,"key":"ShroomBag"},{"floor":55,"key":"Pear"},{"floor":55,"key":"Bottled Tornado"}],"event_choices":[{"damage_healed":0.0,"max_hp_gain":0.0,"max_hp_loss":0.0,"gold_gain":0.0,"event_name":"Shining Light","player_choice":"Entered Light","floor":5.0,"gold_loss":0.0,"damage_taken":19.0,"cards_upgraded":["WitchOfGreed","UpSweep"]},{"cards_removed":["Strike_MRS"],"damage_healed":0.0,"max_hp_gain":0.0,"max_hp_loss":0.0,"gold_gain":0.0,"event_name":"Golden Wing","player_choice":"Card Removal","floor":7.0,"gold_loss":0.0,"damage_taken":7.0},{"damage_healed":0.0,"max_hp_gain":0.0,"max_hp_loss":0.0,"gold_gain":0.0,"event_name":"Golden Idol","player_choice":"Take Damage","floor":11.0,"gold_loss":0.0,"damage_taken":22.0,"relics_obtained":["Golden Idol"]},{"damage_healed":0.0,"max_hp_gain":0.0,"max_hp_loss":0.0,"gold_gain":50.0,"event_name":"Nest","player_choice":"Stole From Cult","floor":19.0,"gold_loss":0.0,"damage_taken":0.0},{"damage_healed":0.0,"max_hp_gain":0.0,"max_hp_loss":0.0,"gold_gain":0.0,"event_name":"Wheel of Change","player_choice":"Damaged","floor":20.0,"gold_loss":0.0,"damage_taken":9.0},{"damage_healed":0.0,"max_hp_gain":0.0,"max_hp_loss":0.0,"gold_gain":360.0,"event_name":"Knowing Skull","player_choice":"GOLD GOLD GOLD GOLD ","floor":22.0,"potions_obtained":[],"gold_loss":0.0,"damage_taken":36.0,"cards_obtained":[]},{"damage_healed":0,"gold_gain":0,"player_choice":"Fight","damage_taken":0,"max_hp_gain":0,"max_hp_loss":0,"event_name":"MindBloom","floor":38,"gold_loss":0},{"cards_removed":["MasterSpark"],"damage_healed":0,"gold_gain":0,"player_choice":"Removed Attack","damage_taken":0,"max_hp_gain":0,"max_hp_loss":0,"event_name":"Falling","floor":39,"gold_loss":0}],"is_beta":false,"boss_relics":[{"not_picked":["SacredBark","Velvet Choker"],"picked":"Cursed Key"},{"not_picked":["Pandora\u0027s Box","BewitchedHakkero"],"picked":"Empty Cage"}],"items_purged_floors":[2,12,28,54],"is_endless":false,"potions_floor_spawned":[4,6,14,21,27,29,31,33,38,44,45,46],"ascension_level":20}}