{"host":"760a56s19xsdubqb","time":1608159490,"event":{"mods":["BaseMod","Minty Spire (QoL Compilation)","Quick Restart","Remove Card Discount Mod","StSLib"],"gold_per_floor":[114,114,129,129,144,174,174,204,229,244,244,259,274,124,124,224,224,239,254,269,144,159,159,189,189,214,229,80,80,95,110,110,210,210,225,275,275,275,200,200,215,215,215],"floor_reached":42,"playtime":4903,"items_purged":[],"score":555,"play_id":"29c6dc62-c605-46f5-8574-3eaed95e90e3","local_time":"20201216175810","daily_mods":["SealedDeck","ControlledChaos","Terminal"],"is_ascension_mode":false,"campfire_choices":[{"data":"Streamline","floor":7,"key":"SMITH"},{"data":"Ball Lightning","floor":11,"key":"SMITH"},{"data":"Streamline","floor":15,"key":"SMITH"},{"data":"Ball Lightning","floor":23,"key":"SMITH"},{"data":"Hyperbeam","floor":25,"key":"SMITH"},{"data":"Seek","floor":32,"key":"SMITH"}],"circlet_count":0,"master_deck":["Ball Lightning+1","Steam","Leap","Beam Cell","Ball Lightning+1","Steam","Gash","Streamline+1","Conserve Battery","Cold Snap","Ball Lightning","Steam","Go for the Eyes","Auto Shields","FTL","Streamline+1","Hyperbeam+1","Thunder Strike","Ball Lightning","Doom and Gloom+1","Consume","Conserve Battery","Glacier","Seek+1","Biased Cognition","Redo+1","Flash of Steel","Hyperbeam+1","Consume"],"relics":["Cracked Core","Frozen Eye","Symbiotic Virus","Kunai","Art of War","Membership Card","Philosopher\u0027s Stone","Ornamental Fan","Potion Belt","Omamori","Mercury Hourglass","InkBottle","Fusion Hammer","Peace Pipe","DollysMirror"],"acts_visited":["Exordium","TheCity","TheBeyond"],"potions_floor_usage":[24,24,33],"damage_taken":[{"damage":0,"enemies":"Jaw Worm","floor":1,"turns":2},{"damage":0,"enemies":"Cultist","floor":3,"turns":2},{"damage":0,"enemies":"2 Louse","floor":5,"turns":2},{"damage":7,"enemies":"Gremlin Nob","floor":6,"turns":3},{"damage":0,"enemies":"3 Sentries","floor":8,"turns":6},{"damage":0,"enemies":"Gremlin Gang","floor":10,"turns":3},{"damage":0,"enemies":"2 Fungi Beasts","floor":12,"turns":2},{"damage":0,"enemies":"3 Louse","floor":13,"turns":2},{"damage":0,"enemies":"Slime Boss","floor":16,"turns":5},{"damage":0,"enemies":"Chosen","floor":18,"turns":2},{"damage":0,"enemies":"Shell Parasite","floor":19,"turns":2},{"damage":0,"enemies":"3 Cultists","floor":20,"turns":3},{"damage":0,"enemies":"Snake Plant","floor":22,"turns":3},{"damage":0,"enemies":"Slavers","floor":24,"turns":4},{"damage":3,"enemies":"Chosen and Byrds","floor":27,"turns":3},{"damage":0,"enemies":"3 Cultists","floor":30,"turns":3},{"damage":0,"enemies":"Centurion and Healer","floor":31,"turns":3},{"damage":35,"enemies":"Champ","floor":33,"turns":10},{"damage":0,"enemies":"Orb Walker","floor":35,"turns":3},{"damage":0,"enemies":"Mind Bloom Boss Battle","floor":36,"turns":6},{"damage":20,"enemies":"3 Shapes","floor":41,"turns":3},{"damage":15,"enemies":"Giant Head","floor":42,"turns":5}],"seed_played":"4580661739168851385","potions_obtained":[{"floor":3,"key":"PowerPotion"},{"floor":10,"key":"Weak Potion"},{"floor":16,"key":"FocusPotion"},{"floor":22,"key":"Block Potion"},{"floor":33,"key":"GamblersBrew"},{"floor":35,"key":"Dexterity Potion"}],"is_trial":false,"path_per_floor":["M","?","M","?","M","E","R","E","T","M","R","M","M","$","R","B",null,"M","M","M","$","M","R","E","R","T","M","$","?","M","M","R","B",null,"M","?","?","?","$","?","M","E"],"character_chosen":"DEFECT","items_purchased":["Membership Card","Ornamental Fan","Mercury Hourglass","Conserve Battery","DollysMirror"],"campfire_rested":0,"item_purchase_floors":[14,21,28,28,39],"current_hp_per_floor":[73,72,71,70,69,62,62,62,62,62,62,62,61,60,59,58,57,56,55,54,53,52,51,50,49,48,45,45,45,44,43,42,7,40,39,38,37,36,35,32,12,0,0],"gold":215,"neow_bonus":"","is_daily":true,"chose_seed":false,"campfire_upgraded":6,"win_rate":0.0,"timestamp":1608159490,"path_taken":["M","?","?","?","M","E","R","E","T","M","R","M","M","$","R","BOSS","M","M","M","$","M","R","E","R","T","?","$","?","M","M","R","BOSS","M","?","?","?","$","?","M","E"],"items_purchased_type":["Relic","Relic","Relic","Card","Relic"],"build_version":"2020-12-13","purchased_purges":0,"victory":false,"max_hp_per_floor":[73,72,71,70,69,68,67,66,65,64,63,62,61,60,59,58,57,56,55,54,53,52,51,50,49,48,47,46,45,44,43,42,41,40,39,38,37,36,35,32,31,31,31],"card_choices":[{"not_picked":["Hello World","Consume"],"picked":"Cold Snap","floor":1},{"not_picked":["Leap","Conserve Battery"],"picked":"Ball Lightning","floor":3},{"not_picked":["Hologram","Fusion"],"picked":"Steam","floor":5},{"not_picked":["Redo","Static Discharge"],"picked":"Go for the Eyes","floor":6},{"not_picked":["Compile Driver","Chaos","Undo"],"picked":"SKIP","floor":8},{"not_picked":["Force Field","Darkness"],"picked":"Auto Shields","floor":10},{"not_picked":["Beam Cell","Auto Shields"],"picked":"FTL","floor":12},{"not_picked":["Beam Cell","Consume"],"picked":"Streamline","floor":13},{"not_picked":["Reboot","Rainbow"],"picked":"Hyperbeam","floor":16},{"not_picked":["Hologram","Beam Cell","Rebound"],"picked":"SKIP","floor":18},{"not_picked":["Steam+1","Leap"],"picked":"Thunder Strike","floor":19},{"not_picked":["Aggregate+1","Force Field+1","Capacitor"],"picked":"SKIP","floor":20},{"not_picked":["Force Field","Compile Driver"],"picked":"Ball Lightning","floor":22},{"not_picked":["Stack+1","Scrape"],"picked":"Doom and Gloom+1","floor":24},{"not_picked":["Steam","Coolheaded"],"picked":"Consume","floor":27},{"not_picked":["Steam Power","Stack"],"picked":"Glacier","floor":30},{"not_picked":["Darkness","Conserve Battery"],"picked":"Seek","floor":31},{"not_picked":["Reboot","Hyperbeam"],"picked":"Biased Cognition","floor":33},{"not_picked":["Sweeping Beam","Coolheaded+1"],"picked":"Redo+1","floor":35},{"not_picked":["Deep Breath","Enlightenment"],"picked":"Flash of Steel","floor":38},{"not_picked":["Steam Power+1","Reprogram+1"],"picked":"Consume","floor":41}],"player_experience":907405,"relics_obtained":[{"floor":6,"key":"Symbiotic Virus"},{"floor":8,"key":"Kunai"},{"floor":9,"key":"Art of War"},{"floor":24,"key":"Potion Belt"},{"floor":26,"key":"Omamori"},{"floor":36,"key":"Peace Pipe"}],"event_choices":[{"cards_removed":["Go for the Eyes"],"damage_healed":0,"gold_gain":0,"player_choice":"Card Removal","damage_taken":0,"max_hp_gain":0,"max_hp_loss":0,"event_name":"Wheel of Change","floor":2,"gold_loss":0},{"damage_healed":0,"gold_gain":0,"player_choice":"Ignored","damage_taken":0,"max_hp_gain":0,"max_hp_loss":0,"event_name":"Purifier","floor":4,"gold_loss":0},{"damage_healed":0,"gold_gain":0,"player_choice":"Stole Relic","damage_taken":0,"relics_obtained":["InkBottle"],"max_hp_gain":0,"max_hp_loss":0,"event_name":"Addict","floor":29,"gold_loss":0,"cards_obtained":["Shame"]},{"damage_healed":0,"gold_gain":0,"player_choice":"Fight","damage_taken":0,"max_hp_gain":0,"max_hp_loss":0,"event_name":"MindBloom","floor":36,"gold_loss":0},{"damage_healed":0,"gold_gain":0,"player_choice":"Ignored","damage_taken":0,"max_hp_gain":0,"max_hp_loss":0,"event_name":"Tomb of Lord Red Mask","floor":37,"gold_loss":0},{"damage_healed":0,"gold_gain":0,"player_choice":"Memory 1","damage_taken":0,"max_hp_gain":0,"max_hp_loss":0,"event_name":"SensoryStone","floor":38,"gold_loss":0},{"damage_healed":0,"gold_gain":0,"player_choice":"Max HP","damage_taken":0,"max_hp_gain":0,"max_hp_loss":2,"event_name":"Winding Halls","floor":40,"gold_loss":0}],"is_beta":false,"boss_relics":[{"not_picked":["SacredBark","Astrolabe"],"picked":"Philosopher\u0027s Stone"},{"not_picked":["Empty Cage","FrozenCore"],"picked":"Fusion Hammer"}],"items_purged_floors":[],"is_endless":false,"potions_floor_spawned":[3,10,16,18,19,22,33,35],"killed_by":"Giant Head","ascension_level":0}}