{"host":"ss2ocoam53r2lno0","time":1608131803,"event":{"mods":["Act Like it!","BaseMod","ChefMod","Colored Powertips","Displayed Cursed Tome","Downfall","Googly Eyes","Hallownest","Highlight Path","Minty Spire (QoL Compilation)","Rare Cards Sparkle","Robot Space Explorer","Shade Mod","Shop Mod","Spicy Shops","StSLib"],"gold_per_floor":[99,99,125,125,50,81,81,96,81,81,100,117,136,148,168,168,168],"floor_reached":16,"playtime":906,"items_purged":["champ:Execute"],"score":144,"play_id":"be039b60-f7e8-4227-b931-2be8722040e3","local_time":"20201216161643","is_ascension_mode":true,"campfire_choices":[{"data":"champ:Taunt","floor":1.0,"key":"SMITH"},{"data":"champ:Improvising","floor":10,"key":"SMITH"}],"circlet_count":0,"master_deck":["champ:Strike","champ:Strike","champ:Strike","champ:Strike","champ:Defend","champ:Defend","champ:Defend","champ:Defend","champ:Taunt+1","champ:Haymaker+1","champ:Improvising+1","champ:FocusedGladiator","champ:FocusedGladiator","champ:SwordSigil"],"relics":["champ:ChampionCrown","downfall:HeartsMalice","sneckomod:BlankCard","Vajra","Question Card"],"acts_visited":["Exordium"],"potions_floor_usage":[16,16],"damage_taken":[{"damage":0.0,"enemies":"Jaw Worm","floor":2.0,"turns":1.0},{"damage":0.0,"enemies":"Lagavulin","floor":3.0,"turns":1.0},{"damage":0.0,"enemies":"downfall:FleeingMerchant","floor":5.0,"turns":1.0},{"damage":19.0,"enemies":"3 Sentries","floor":6.0,"turns":8.0},{"damage":0.0,"enemies":"Cultist","floor":8.0,"turns":3.0},{"damage":0,"enemies":"downfall:FleeingMerchant","floor":9,"turns":4},{"damage":0,"enemies":"Small Slimes","floor":11,"turns":4},{"damage":16,"enemies":"3 Louse","floor":12,"turns":3},{"damage":0,"enemies":"Large Slime","floor":13,"turns":3},{"damage":15,"enemies":"2 Fungi Beasts","floor":14,"turns":4},{"damage":0,"enemies":"Red Slaver","floor":15,"turns":2},{"damage":41,"enemies":"downfall:Defect","floor":16,"turns":5}],"seed_played":"-3072784789405114434","potions_obtained":[{"floor":8.0,"key":"PowerPotion"},{"floor":11,"key":"PowerPotion"},{"floor":12,"key":"LiquidMemories"}],"is_trial":false,"path_per_floor":["R","M","E","?","$","E","T","M","$","R","M","M","M","M","M","B"],"character_chosen":"THE_CHAMP","items_purchased":[],"campfire_rested":0,"item_purchase_floors":[],"current_hp_per_floor":[90,90,90,90,90,71,71,71,71,71,71,55,55,40,40,0,0],"gold":168,"neow_bonus":"THREE_ENEMY_KILL","is_daily":false,"chose_seed":false,"campfire_upgraded":2,"win_rate":0.0,"timestamp":1608131803,"path_taken":["R","M","E","?","?","E","T","M","$","R","M","M","?","M","M","BOSS"],"items_purchased_type":[],"build_version":"2020-12-13","purchased_purges":1,"victory":false,"max_hp_per_floor":[90,90,90,90,90,90,90,90,90,90,90,90,90,90,90,90,90],"card_choices":[{"not_picked":["champ:GutPunch","champ:CrookedStrike"],"picked":"champ:Haymaker","floor":2.0},{"not_picked":["champ:GladiatorsShout","champ:CalledShot"],"picked":"champ:Improvising","floor":3.0},{"not_picked":["champ:Shatter","champ:EndlessRage","champ:EnragedBash"],"picked":"SKIP","floor":5.0},{"not_picked":["champ:RisingSlash","champ:PerfectedStrike"],"picked":"champ:FocusedGladiator","floor":6.0},{"not_picked":["champ:Circumvent","champ:Backstep","champ:GladiatorsShout"],"picked":"champ:FocusedGladiator","floor":8.0},{"not_picked":["champ:FanOfKnives","champ:Circumvent","champ:ShieldSigil"],"picked":"champ:SwordSigil","floor":9},{"not_picked":["champ:IronFortress","champ:RecklessLeap","champ:Balance","champ:BerserkersShout"],"picked":"SKIP","floor":11},{"not_picked":["champ:BladeFlurry","champ:StanceDance","champ:RisingSlash","champ:SteelEdge"],"picked":"SKIP","floor":12},{"not_picked":["champ:BerserkerStyle","champ:DefensiveShout","champ:ShieldSigil","champ:Circumvent"],"picked":"SKIP","floor":13},{"not_picked":["champ:Backstep","champ:CalledShot","champ:RageSigil","champ:FightOn"],"picked":"SKIP","floor":14},{"not_picked":["champ:TornadoPunch","champ:FocusedBerserking","champ:CrookedStrike","champ:GladiatorsShout"],"picked":"SKIP","floor":15}],"player_experience":554164,"relics_obtained":[{"floor":3.0,"key":"sneckomod:BlankCard"},{"floor":6.0,"key":"Vajra"},{"floor":7.0,"key":"Question Card"}],"event_choices":[{"damage_healed":0.0,"max_hp_gain":0.0,"max_hp_loss":0.0,"gold_gain":0.0,"event_name":"Accursed Blacksmith","player_choice":"Forge","floor":4.0,"gold_loss":0.0,"damage_taken":0.0,"cards_upgraded":["champ:Haymaker"]}],"is_beta":false,"boss_relics":[],"items_purged_floors":[5],"is_endless":false,"potions_floor_spawned":[8,11,12,15],"killed_by":"downfall:Defect","ascension_level":1}}