{"host":"0z6l31g9ps0v9zzp","time":1608086049,"event":{"mods":["Act Like it!","BaseMod","CapriCore","Minty Spire (QoL Compilation)","MostiFishMod","StSLib","Waifu the Spire"],"gold_per_floor":[118,118,168,188,201,229,229,229,229,249,249,249,249],"floor_reached":12,"playtime":186,"items_purged":[],"score":140,"play_id":"eca457f2-e57d-4386-bafe-ab405e58bbce","local_time":"20201216103409","is_ascension_mode":true,"campfire_choices":[{"data":"MostiFishMod:LinkProtocol","floor":7.0,"key":"SMITH"}],"circlet_count":0,"master_deck":["AscendersBane","Strike_B","Strike_B","Strike_B","Strike_B","Defend_B+1","Defend_B","Defend_B","Defend_B","Zap+1","Dualcast","MostiFishMod:LinkProtocol+1","Darkness+1"],"relics":["Cracked Core","DaveBox","Membership Card","NeowsBlessing","Question Card","Frozen Egg 2","Bottled Lightning"],"acts_visited":["Exordium"],"potions_floor_usage":[],"damage_taken":[{"damage":0.0,"enemies":"Jaw Worm","floor":1.0,"turns":1.0},{"damage":0.0,"enemies":"Cultist","floor":4.0,"turns":1.0},{"damage":0.0,"enemies":"2 Louse","floor":5.0,"turns":1.0},{"damage":21.0,"enemies":"Lagavulin","floor":6.0,"turns":8.0},{"damage":8.0,"enemies":"Blue Slaver","floor":10.0,"turns":4.0},{"damage":17,"enemies":"3 Sentries","floor":12,"turns":4}],"seed_played":"4430948284433598376","potions_obtained":[{"floor":5.0,"key":"PowerPotion"},{"floor":10.0,"key":"SteroidPotion"}],"is_trial":false,"path_per_floor":["M","?","?","M","M","E","R","?","T","M","?","E"],"character_chosen":"DEFECT","items_purchased":[],"campfire_rested":0,"item_purchase_floors":[],"current_hp_per_floor":[64,43,36,36,36,15,15,38,38,30,30,13,13],"gold":249,"neow_bonus":"THREE_ENEMY_KILL","is_daily":false,"chose_seed":false,"campfire_upgraded":1,"win_rate":0.0,"timestamp":1608086049,"path_taken":["M","?","?","M","?","E","R","?","T","M","?","E"],"items_purchased_type":[],"build_version":"2020-12-13","purchased_purges":0,"victory":false,"max_hp_per_floor":[71,71,71,71,71,71,71,71,71,71,71,71,71],"card_choices":[{"not_picked":["Hologram","Consume","Conserve Battery"],"picked":"SKIP","floor":1.0},{"not_picked":["Reinforced Body","Hologram","Turbo","Conserve Battery"],"picked":"SKIP","floor":4.0},{"not_picked":["Melter","Ball Lightning","Barrage","Rebound"],"picked":"SKIP","floor":5.0},{"not_picked":["Conserve Battery","Sweeping Beam","BootSequence"],"picked":"MostiFishMod:LinkProtocol","floor":6.0},{"not_picked":["Hologram","Gash","Streamline"],"picked":"Darkness","floor":10.0}],"player_experience":264072,"relics_obtained":[{"floor":1.0,"key":"Question Card"},{"floor":6.0,"key":"Frozen Egg 2"},{"floor":9.0,"key":"Bottled Lightning"}],"event_choices":[{"damage_healed":0.0,"max_hp_gain":0.0,"max_hp_loss":0.0,"gold_gain":0.0,"event_name":"Shining Light","player_choice":"Entered Light","floor":2.0,"gold_loss":0.0,"damage_taken":21.0,"cards_upgraded":["Defend_B","Zap"]},{"damage_healed":0.0,"max_hp_gain":0.0,"max_hp_loss":0.0,"gold_gain":50.0,"event_name":"FaceTrader","player_choice":"Touch","floor":3.0,"gold_loss":0.0,"damage_taken":7.0},{"damage_healed":23.0,"max_hp_gain":0.0,"max_hp_loss":0.0,"gold_gain":0.0,"event_name":"Big Fish","player_choice":"Banana","floor":8.0,"gold_loss":0.0,"damage_taken":0.0},{"damage_healed":0,"gold_gain":0,"player_choice":"Grow","damage_taken":0,"max_hp_gain":0,"max_hp_loss":0,"event_name":"Living Wall","floor":11,"gold_loss":0,"cards_upgraded":["Darkness"]}],"is_beta":false,"boss_relics":[],"items_purged_floors":[],"is_endless":false,"potions_floor_spawned":[5,10],"killed_by":"3 Sentries","ascension_level":16}}