{"host":"fqid566djxhwi0rl","time":1608125074,"event":{"mods":["2.2 Compatiblity","AchievementEnabler","Aspiration","BaseMod","Downfall","Energized Spire","Faster Ascension Climbing","GifTheSpireLib","Minty Spire (QoL Compilation)","Replay The Spire","StSLib","The Blackbeard","The Gatherer","Trackpad","Yuri Mod"],"gold_per_floor":[115,132,145,160,160,160,189,189,234,254,286,300,318,333,333,404,404,415,415,415,428,428,462,462,481,526,556,229,279,295,311,311,385,385,397,414,431,507,527,527,561,574,574,322,348,348,363,60,60,60],"floor_reached":51,"playtime":3078,"items_purged":["champ:Strike","champ:Strike"],"score":1360,"play_id":"31b27990-20f9-4920-ad11-c43e97cd7fca","local_time":"20201216152434","is_ascension_mode":true,"campfire_choices":[{"data":"champ:Taunt","floor":6,"key":"SMITH"},{"data":"Blade Dance","floor":8,"key":"SMITH"},{"floor":15,"key":"DIG"},{"data":"champ:RisingSlash","floor":24,"key":"SMITH"},{"data":"champ:Control","floor":32,"key":"SMITH"},{"data":"champ:RageSigil","floor":40,"key":"SMITH"},{"data":"champ:CrookedStrike","floor":46,"key":"SMITH"},{"data":"champ:RageSigil","floor":49,"key":"SMITH"}],"circlet_count":0,"master_deck":["AscendersBane","champ:Strike","champ:Defend","champ:Defend","champ:Defend+1","champ:Defend","champ:Execute","champ:Taunt+1","champ:TornadoPunch","Blade Dance+1","champ:CrookedStrike+1","champ:Control+1","Hidden Blade+1","champ:RisingSlash+1","champ:IgnorePain","champ:RageSigil+1","AbeCurse","champ:Backstep+1","champ:RisingSlash+1","champ:RageSigil+1"],"relics":["champ:ChampionCrown","aspiration:Nostalgia","m_SerpentRing","Eternal Feather","Blood Vial","Shuriken","Replay:Mystery Machine","Replay:Grab Bag","energizedSpire:DeadBattery","Busted Crown","Runic Pyramid","aspiration:SecretTechniqueScroll","CaptainsWheel","MealTicket","Replay:Rubber Ducky","trackpad:SneckoScepter","aspiration:FrozenJewel","Abe\u0027s Treasure","trackpad:IceCube","War Paint","Replay:Wax Seal","Lee\u0027s Waffle","Bag of Marbles","Kunai"],"acts_visited":["Exordium","TheCity","TheBeyond"],"potions_floor_usage":[11,30,33,33,45],"damage_taken":[{"damage":5,"enemies":"2 Louse","floor":1,"turns":3},{"damage":17,"enemies":"Jaw Worm","floor":2,"turns":4},{"damage":0,"enemies":"Small Slimes","floor":3,"turns":2},{"damage":8,"enemies":"Exordium Thugs","floor":4,"turns":4},{"damage":24,"enemies":"Replay:BlueRogue","floor":7,"turns":8},{"damage":18,"enemies":"Gremlin Gang","floor":10,"turns":6},{"damage":15,"enemies":"3 Sentries","floor":11,"turns":5},{"damage":18,"enemies":"Exordium Wildlife","floor":12,"turns":2},{"damage":0,"enemies":"3 Louse","floor":13,"turns":2},{"damage":15,"enemies":"Large Slime","floor":14,"turns":4},{"damage":56,"enemies":"Hexaghost","floor":16,"turns":8},{"damage":6,"enemies":"3 Byrds","floor":18,"turns":4},{"damage":11,"enemies":"Chosen","floor":21,"turns":3},{"damage":14,"enemies":"Gremlin Leader","floor":23,"turns":3},{"damage":18,"enemies":"Shelled Parasite and Fungi","floor":25,"turns":3},{"damage":26,"enemies":"Replay:Snechameleon","floor":27,"turns":4},{"damage":8,"enemies":"Centurion and Healer","floor":30,"turns":3},{"damage":18,"enemies":"3 Cultists","floor":31,"turns":4},{"damage":57,"enemies":"Collector","floor":33,"turns":6},{"damage":32,"enemies":"3 Darklings","floor":35,"turns":4},{"damage":19,"enemies":"3 Shapes","floor":36,"turns":4},{"damage":25,"enemies":"Jaw Worm Horde","floor":37,"turns":3},{"damage":14,"enemies":"3 Darklings","floor":39,"turns":3},{"damage":30,"enemies":"R_Hoarder","floor":41,"turns":8},{"damage":38,"enemies":"Spire Growth","floor":42,"turns":3},{"damage":53,"enemies":"Nemesis","floor":45,"turns":5},{"damage":35,"enemies":"Transient","floor":47,"turns":5},{"damage":77,"enemies":"Time Eater","floor":50,"turns":8}],"seed_played":"-6578895101000490494","potions_obtained":[{"floor":3,"key":"Fire Potion"},{"floor":11,"key":"champ:CounterPotion"},{"floor":12,"key":"Swift Potion"},{"floor":14,"key":"SmokeBomb"},{"floor":18,"key":"Elixir"},{"floor":27,"key":"DistilledChaos"},{"floor":30,"key":"Strength Potion"},{"floor":33,"key":"Fruit Juice"},{"floor":35,"key":"champ:CounterPotion"},{"floor":36,"key":"champ:OpenerPotion"}],"is_trial":false,"path_per_floor":["M","M","M","M","?","R","E","R","T","M","E","M","M","M","R","B",null,"M","?","?","M","?","E","R","M","T","E","$","?","M","M","R","B",null,"M","M","M","?","M","R","E","M","T","$","E","R","M","$","R","B",null],"character_chosen":"THE_CHAMP","items_purchased":["aspiration:FrozenJewel","Lee\u0027s Waffle","Kunai","Energy Potion"],"campfire_rested":0,"item_purchase_floors":[28,44,48,48],"current_hp_per_floor":[73,66,66,63,81,81,65,74,74,71,68,57,59,54,63,26,67,69,61,61,63,63,67,76,72,72,62,77,77,79,81,81,86,86,86,84,84,56,58,67,65,60,60,93,87,93,93,93,93,84],"gold":60,"neow_bonus":"NOSTALGIA","is_daily":false,"chose_seed":false,"campfire_upgraded":7,"win_rate":0.0,"timestamp":1608125074,"path_taken":["M","M","M","M","?","R","E","R","T","M","E","M","M","M","R","BOSS","M","?","?","?","?","E","R","M","T","E","$","?","?","M","R","BOSS","M","?","M","?","M","R","E","M","T","$","E","R","M","$","R","BOSS"],"items_purchased_type":["Relic","Relic","Relic","Potion"],"build_version":"2020-12-13","purchased_purges":2,"victory":true,"max_hp_per_floor":[81,81,81,81,81,81,81,81,81,81,81,81,81,81,81,81,81,81,81,81,81,81,81,81,81,81,81,81,81,81,81,81,86,86,86,86,86,86,86,86,86,86,86,93,93,93,93,93,93,93],"card_choices":[{"not_picked":["champ:RageSigil","champ:Circumvent"],"picked":"champ:TornadoPunch","floor":1},{"not_picked":["champ:EnchantSword","Hidden Blade"],"picked":"Blade Dance","floor":2},{"not_picked":["champ:PreciseThrust","champ:DefensiveShout"],"picked":"champ:CrookedStrike","floor":3},{"not_picked":["champ:FocusedBerserking","champ:BringItOn"],"picked":"champ:Control","floor":4},{"not_picked":["champ:CrownThrow","champ:FlashCut"],"picked":"Hidden Blade","floor":7},{"not_picked":["champ:TornadoPunch","champ:ShieldSigil"],"picked":"champ:RisingSlash","floor":10},{"not_picked":["champ:FanOfKnives","champ:SwordSigil","champ:AdrenalArmor"],"picked":"SKIP","floor":11},{"not_picked":["champ:FocusedBerserking","champ:FightOn","champ:HeartStrike"],"picked":"SKIP","floor":12},{"not_picked":["Hidden Blade","champ:Lariat","champ:Circumvent"],"picked":"SKIP","floor":13},{"not_picked":["champ:Backstep","champ:GladiatorsShout","champ:PerfectedStrike"],"picked":"SKIP","floor":14},{"not_picked":["champ:HeavySlash","champ:ShieldSlam"],"picked":"champ:IgnorePain","floor":16},{"not_picked":["champ:Encircle"],"picked":"SKIP","floor":18},{"not_picked":["champ:ViciousMockery"],"picked":"SKIP","floor":21},{"not_picked":["champ:BladeFlurry+1"],"picked":"SKIP","floor":23},{"not_picked":[],"picked":"champ:RageSigil","floor":25},{"not_picked":["champ:Haymaker"],"picked":"SKIP","floor":27},{"not_picked":["champ:IronFortress"],"picked":"SKIP","floor":30},{"not_picked":["champ:Encircle"],"picked":"SKIP","floor":31},{"not_picked":["champ:PerfectedStrike"],"picked":"SKIP","floor":35},{"not_picked":["champ:ArenaPreparation"],"picked":"SKIP","floor":36},{"not_picked":["champ:RageSigil"],"picked":"SKIP","floor":37},{"not_picked":[],"picked":"champ:Backstep+1","floor":39},{"not_picked":[],"picked":"champ:RisingSlash+1","floor":41},{"not_picked":["champ:Circumvent"],"picked":"SKIP","floor":42},{"not_picked":["champ:SteelEdge"],"picked":"SKIP","floor":45},{"not_picked":[],"picked":"champ:RageSigil","floor":47}],"player_experience":687876,"relics_obtained":[{"floor":7,"key":"Eternal Feather"},{"floor":9,"key":"Blood Vial"},{"floor":11,"key":"Shuriken"},{"floor":15,"key":"Replay:Mystery Machine"},{"floor":23,"key":"MealTicket"},{"floor":26,"key":"Replay:Rubber Ducky"},{"floor":27,"key":"trackpad:SneckoScepter"},{"floor":38,"key":"trackpad:IceCube"},{"floor":41,"key":"War Paint"},{"floor":43,"key":"Replay:Wax Seal"},{"floor":45,"key":"Bag of Marbles"}],"event_choices":[{"damage_healed":27,"gold_gain":0,"player_choice":"Banana","damage_taken":0,"max_hp_gain":0,"max_hp_loss":0,"event_name":"Big Fish","floor":5,"gold_loss":0},{"damage_healed":0,"gold_gain":0,"player_choice":"CaptainsWheel","damage_taken":0,"relics_obtained":["CaptainsWheel"],"max_hp_gain":0,"max_hp_loss":0,"event_name":"blackbeard:ShipwreckEvent","floor":19,"gold_loss":0},{"cards_removed":["champ:Strike"],"damage_healed":0,"gold_gain":0,"player_choice":"Elegance","damage_taken":0,"max_hp_gain":0,"max_hp_loss":0,"event_name":"Back to Basics","floor":20,"gold_loss":0},{"damage_healed":0,"gold_gain":50,"player_choice":"Pray","damage_taken":0,"max_hp_gain":0,"max_hp_loss":0,"event_name":"Golden Shrine","floor":29,"gold_loss":0}],"is_beta":false,"boss_relics":[{"not_picked":["aspiration:RitualDagger","Kintsugi"],"picked":"Replay:Grab Bag"},{"not_picked":["energizedSpire:SpiderWeb","Painkiller Herb"],"picked":"energizedSpire:DeadBattery"},{"not_picked":["energizedSpire:StickyHand","energizedSpire:RedRose"],"picked":"Busted Crown"},{"not_picked":["SacredBark","champ:ChampionCrownUpgraded"],"picked":"Runic Pyramid"},{"not_picked":["aspiration:RunicSpoon","Snecko Eye"],"picked":"aspiration:SecretTechniqueScroll"},{"not_picked":["Replay:Ancient Bell","ReplayTheSpireMod:DimensionalGlitch"],"picked":"Abe\u0027s Treasure"}],"items_purged_floors":[28,44],"is_endless":false,"potions_floor_spawned":[3,11,12,14,16,18,27,30,33,35,36,41],"ascension_level":15}}