{"host":"egyxg9lnjq7g2hmw","time":1608106606,"event":{"mods":["AchievementEnabler","BaseMod","Block Reminder","Colored Map","Colored Powertips","Highlight Path","Minty Spire (QoL Compilation)","Rare Cards Sparkle","StSLib"],"gold_per_floor":[365,384,384,175,191,218,218,218,245,245,263,263,263],"floor_reached":12,"playtime":508,"items_purged":["Strike_G"],"score":148,"play_id":"0b48b654-e0aa-4e01-9d63-59f942f5ec1a","local_time":"20201216001646","is_ascension_mode":true,"campfire_choices":[{"data":"Neutralize","floor":7,"key":"SMITH"}],"circlet_count":0,"master_deck":["AscendersBane","Strike_G","Strike_G","Strike_G","Strike_G","Defend_G","Defend_G","Defend_G","Defend_G","Defend_G","Survivor","Neutralize+1","Dodge and Roll","All Out Attack","Heel Hook","Tactician","Terror"],"relics":["Ring of the Snake","NlothsMask","Juzu Bracelet"],"acts_visited":["Exordium"],"potions_floor_usage":[6,6],"damage_taken":[{"damage":3.0,"enemies":"Jaw Worm","floor":1.0,"turns":4.0},{"damage":7.0,"enemies":"Cultist","floor":2.0,"turns":6.0},{"damage":3.0,"enemies":"2 Louse","floor":5.0,"turns":3.0},{"damage":26,"enemies":"Gremlin Nob","floor":6,"turns":4},{"damage":1,"enemies":"Large Slime","floor":11,"turns":5},{"damage":21,"enemies":"3 Sentries","floor":12,"turns":4}],"seed_played":"1727390973330520548","potions_obtained":[{"floor":2.0,"key":"DuplicationPotion"}],"is_trial":false,"path_per_floor":["M","M","?","$","M","E","R","?","T","?","M","E"],"character_chosen":"THE_SILENT","items_purchased":["Heel Hook","SteroidPotion"],"campfire_rested":0,"item_purchase_floors":[4,4],"current_hp_per_floor":[56,49,49,49,46,20,20,20,20,20,19,0,0],"gold":263,"neow_bonus":"TWO_FIFTY_GOLD","is_daily":false,"chose_seed":false,"campfire_upgraded":1,"win_rate":0.0,"timestamp":1608106606,"path_taken":["M","M","?","$","?","E","R","?","T","?","M","E"],"items_purchased_type":["Card","Potion"],"build_version":"2020-12-13","purchased_purges":1,"victory":false,"max_hp_per_floor":[60,60,60,60,60,60,60,60,60,60,60,60,60],"card_choices":[{"not_picked":["Deflect","Heel Hook"],"picked":"Dodge and Roll","floor":1.0},{"not_picked":["Dagger Spray","Deadly Poison"],"picked":"All Out Attack","floor":2.0},{"not_picked":["Endless Agony","Acrobatics"],"picked":"Tactician","floor":5.0},{"not_picked":["Blade Dance","Accuracy"],"picked":"Terror","floor":6},{"not_picked":["Choke","Backflip","Poisoned Stab"],"picked":"SKIP","floor":11}],"player_experience":485301,"relics_obtained":[{"floor":6,"key":"Juzu Bracelet"}],"event_choices":[{"damage_healed":0.0,"max_hp_gain":0.0,"max_hp_loss":0.0,"gold_gain":0.0,"event_name":"FaceTrader","player_choice":"Trade","floor":3.0,"gold_loss":0.0,"damage_taken":0.0,"relics_obtained":["NlothsMask"]},{"damage_healed":0,"gold_gain":0,"player_choice":"Ignored","damage_taken":0,"max_hp_gain":0,"max_hp_loss":0,"event_name":"Liars Game","floor":8,"gold_loss":0},{"damage_healed":0,"gold_gain":0,"player_choice":"Fled","damage_taken":0,"max_hp_gain":0,"max_hp_loss":0,"event_name":"Scrap Ooze","floor":10,"gold_loss":0}],"is_beta":false,"boss_relics":[],"items_purged_floors":[4],"is_endless":false,"potions_floor_spawned":[2,5],"killed_by":"3 Sentries","ascension_level":18}}