{"host":"i0avyit1s6jb1siw","time":1608127165,"event":{"mods":["BaseMod","DeckTracker","Dota2Spire","Highlight Path","Minty Spire (QoL Compilation)","Quick Restart","Replay The Spire","StSLib","SuperFastMode"],"gold_per_floor":[110,51,51,70,87,87,116,116,139,149,149,149,169,203,203,203,203],"floor_reached":16,"playtime":243,"items_purged":[],"score":220,"play_id":"40fa840a-31f4-4c4a-b03f-bc930469deeb","local_time":"20201216145925","is_ascension_mode":true,"campfire_choices":[{"data":"Flechettes","floor":6.0,"key":"SMITH"},{"data":"Bullet Time","floor":8.0,"key":"SMITH"},{"floor":15.0,"key":"REST"}],"circlet_count":0,"master_deck":["AscendersBane","Strike_G","Strike_G","Strike_G","Strike_G","Strike_G","Defend_G","Defend_G","Defend_G","Defend_G","Defend_G","Survivor","Neutralize","Escape Plan","Noxious Fumes+1","Deadly Poison","Flechettes+1","Bullet Time+1","Blade Dance","Infinite Blades+1","Pot Of Greed","Pot Of Greed","Escape Plan"],"relics":["Ring of the Snake","NeowsBlessing","Dota2Spire:BladeMail","Frozen Egg 2","Oddly Smooth Stone","Golden Idol","Grinning Jar"],"acts_visited":["Exordium"],"potions_floor_usage":[16],"damage_taken":[{"damage":0.0,"enemies":"2 Louse","floor":1.0,"turns":1.0},{"damage":0.0,"enemies":"Cultist","floor":4.0,"turns":1.0},{"damage":0.0,"enemies":"Jaw Worm","floor":5.0,"turns":1.0},{"damage":32.0,"enemies":"Gremlin Nob","floor":7.0,"turns":4.0},{"damage":6.0,"enemies":"Large Slime","floor":10.0,"turns":5.0},{"damage":8.0,"enemies":"Blue Slaver","floor":13.0,"turns":4.0},{"damage":12.0,"enemies":"3 Sentries","floor":14.0,"turns":6.0},{"damage":20,"enemies":"Slime Boss","floor":16,"turns":3}],"seed_played":"-8251719926256486630","potions_obtained":[{"floor":1.0,"key":"Toxic Potion"},{"floor":10.0,"key":"Languid Potion"},{"floor":13.0,"key":"Fire Potion"}],"is_trial":false,"path_per_floor":["M","$","?","M","M","R","E","R","T","M","?","?","M","E","R","B"],"character_chosen":"THE_SILENT","items_purchased":["Noxious Fumes+1"],"campfire_rested":1,"item_purchase_floors":[2],"current_hp_per_floor":[59,59,59,59,59,59,27,27,27,21,21,21,13,1,19,0,0],"gold":203,"neow_bonus":"THREE_ENEMY_KILL","is_daily":false,"chose_seed":false,"campfire_upgraded":2,"win_rate":0.0,"timestamp":1608127165,"path_taken":["M","$","?","?","M","R","E","R","T","M","?","?","M","E","R","BOSS"],"items_purchased_type":["Card"],"build_version":"2020-12-13","purchased_purges":0,"victory":false,"max_hp_per_floor":[66,66,66,66,66,66,66,66,66,66,60,60,60,60,60,60,60],"card_choices":[{"not_picked":["Outmaneuver","Calculated Gamble"],"picked":"Escape Plan","floor":1.0},{"not_picked":["Quick Slash","ReplayTheSpireMod:Speed Training"],"picked":"Deadly Poison","floor":4.0},{"not_picked":["Dagger Spray","ReplayTheSpireMod:Scrap Shanks"],"picked":"Flechettes","floor":5.0},{"not_picked":["Bane","Bullet Time","Masterful Stab"],"picked":"SKIP","floor":7.0},{"not_picked":["Bane","Masterful Stab"],"picked":"Bullet Time","floor":7.0},{"not_picked":["Accuracy+1","PiercingWail"],"picked":"Blade Dance","floor":10.0},{"not_picked":["Bane","Slice"],"picked":"Infinite Blades+1","floor":13.0},{"not_picked":["Slice","Deflect"],"picked":"Escape Plan","floor":14.0}],"player_experience":2079528,"relics_obtained":[{"floor":7.0,"key":"Frozen Egg 2"},{"floor":9.0,"key":"Oddly Smooth Stone"},{"floor":14.0,"key":"Grinning Jar"}],"event_choices":[{"damage_healed":0.0,"max_hp_gain":0.0,"max_hp_loss":0.0,"gold_gain":0.0,"event_name":"WeMeetAgain","player_choice":"Gave Potion","floor":3.0,"gold_loss":0.0,"damage_taken":0.0,"relics_obtained":["Dota2Spire:BladeMail"]},{"damage_healed":0.0,"max_hp_gain":0.0,"max_hp_loss":6.0,"gold_gain":0.0,"event_name":"Golden Idol","player_choice":"Lose Max HP","floor":11.0,"gold_loss":0.0,"damage_taken":0.0,"relics_obtained":["Golden Idol"]}],"is_beta":false,"boss_relics":[],"items_purged_floors":[],"is_endless":false,"potions_floor_spawned":[1,10,13],"killed_by":"Slime Boss","ascension_level":20}}