{"host":"2ixd8xwebcm7gar8","time":1608094442,"event":{"mods":["AchievementEnabler","Act Like it!","BaseMod","Beaked The Cultist","Conspire","Defuse TimeMaze Blight","Downfall","Googly Eyes","Hallownest","Hermit","Hubris","Infinite Spire","Mad Scientist","Minty Spire (QoL Compilation)","Replay The Spire","Robot Space Explorer","Shop Mod","StSLib","The Blackbeard","The Bug Knight","The Cursed","The Disciple","The Necromancer","Waifu the Spire"],"gold_per_floor":[99,157,157,157,157,157,209,242,242,252,252,252,252,263,279,279,279],"floor_reached":16,"playtime":684,"items_purged":[],"score":96,"play_id":"4862578f-1964-45f5-a782-48b76347bad2","local_time":"20201215205402","daily_mods":["Flight"],"is_ascension_mode":false,"campfire_choices":[{"data":"champ:Taunt","floor":1,"key":"SMITH"},{"data":"champ:Execute","floor":3,"key":"SMITH"},{"data":"champ:Strike","floor":4,"key":"SMITH"},{"data":"champ:Strike","floor":5,"key":"SMITH"},{"data":"champ:Defend","floor":6,"key":"SMITH"},{"data":"champ:SkillfulDodge","floor":9,"key":"SMITH"}],"circlet_count":0,"master_deck":["champ:Strike","champ:Strike","champ:Strike+1","champ:Strike+1","champ:Defend","champ:Defend","champ:Defend","champ:Defend+1","champ:Execute+1","champ:Taunt+1","champ:SkillfulDodge+1","champ:GutPunch","champ:EndlessRage"],"relics":["champ:ChampionCrown","Omamori","hubris:ToyBattleship","hubris:Towel"],"acts_visited":["Hallownest:Greenpath"],"potions_floor_usage":[15,16,16],"damage_taken":[{"damage":38,"enemies":"Hallownest:eliteMossKnight","floor":8,"turns":8},{"damage":16,"enemies":"Hallownest:monsterHuskGuard","floor":10,"turns":3},{"damage":6,"enemies":"2_ Uuma","floor":14,"turns":4},{"damage":5,"enemies":"Hallownest:2_Tiktiks_and_1_Crawlid","floor":15,"turns":2},{"damage":60,"enemies":"downfall:Defect","floor":16,"turns":8}],"seed_played":"2401590209608298928","potions_obtained":[{"floor":10,"key":"EssenceOfSteel"},{"floor":14,"key":"Fire Potion"},{"floor":15,"key":"Block Potion"}],"is_trial":true,"path_per_floor":["R","?","R","R","R","R","T","E","R","M","?","?","?","M","M","B"],"character_chosen":"THE_CHAMP","items_purchased":[],"campfire_rested":0,"item_purchase_floors":[],"current_hp_per_floor":[90,90,90,90,90,90,90,72,72,66,66,66,51,56,56,0,0],"gold":279,"neow_bonus":"","is_daily":false,"chose_seed":false,"campfire_upgraded":6,"win_rate":0.0,"timestamp":1608094442,"path_taken":["R","?","R","R","R","R","T","E","R","M","?","?","?","?","M","BOSS"],"items_purchased_type":[],"build_version":"2020-12-13","purchased_purges":0,"victory":false,"max_hp_per_floor":[90,90,90,90,90,90,90,90,90,90,90,90,90,90,90,90,90],"card_choices":[{"not_picked":["champ:Backstep","champ:BringItOn"],"picked":"champ:SkillfulDodge","floor":8},{"not_picked":["champ:Backstep","champ:CrookedStrike"],"picked":"champ:GutPunch","floor":10},{"not_picked":["champ:DeathBlow","champ:TornadoPunch"],"picked":"champ:EndlessRage","floor":14},{"not_picked":["champ:Haymaker","champ:CheapShot","champ:EnragedBash"],"picked":"SKIP","floor":15}],"player_experience":642088,"relics_obtained":[{"floor":7,"key":"Omamori"},{"floor":8,"key":"hubris:ToyBattleship"}],"event_choices":[],"is_beta":false,"boss_relics":[],"items_purged_floors":[],"is_endless":false,"potions_floor_spawned":[10,14,15],"killed_by":"downfall:Defect","ascension_level":0}}