{"host":"rhvnggv2pwqsaug0","time":1608121008,"event":{"mods":["BaseMod","Minty Spire (QoL Compilation)","Replay The Spire","StSLib"],"gold_per_floor":[118,82,82,95,107,134,149,149,149,174,27,27,38,38,38,50,50,153,203,218,237,237,256,16,16,16,51,51,51,51,70,80,106,106,209,209,219,231,211,225,34,34,34],"floor_reached":42,"playtime":1723,"items_purged":["Strike_B","Defend_B"],"score":669,"play_id":"32a1eeeb-1cc4-434d-a3b0-5bb097f47c36","local_time":"20201216201648","is_ascension_mode":true,"campfire_choices":[{"floor":8,"key":"REST"},{"data":"Defragment","floor":12,"key":"SMITH"},{"floor":17,"key":"REST"},{"data":"Lockon","floor":25,"key":"SMITH"},{"data":"Mirror Shield","floor":29,"key":"SMITH"},{"floor":34,"key":"REST"}],"circlet_count":0,"master_deck":["Defend_B+1","Defend_B","Defend_B","Zap","Dualcast+1","Capacitor","Cold Snap","Chaos","BasicCrystalCard","Cold Snap","Glacier","Pot Of Greed+1","Pot Of Greed","Defragment+1","Capacitor","Mirror Shield+1","Compile Driver","Chaos","Lockon+1","Barrage","Barrage","Pot Of Greed","Tempest+1","Barrage","Machine Learning","Blizzard+1","Panic Button+1","Bandage Up"],"relics":["Cracked Core","Symbiotic Virus","Eternal Feather","Grinning Jar","Tiny House","Bottled Tornado","ReplayTheSpireMod:Ring of Exchange","ReplayTheSpireMod:Ring of Addiction","Toy Ornithopter","White Beast Statue","Onion Ring","Nunchaku","Potion Belt","Empty Cage"],"acts_visited":["Exordium","TheCity","TheBeyond"],"potions_floor_usage":[6,18,23,27,27,31,33,33,35,35,38,40,42,42],"damage_taken":[{"damage":1,"enemies":"Cultist","floor":1,"turns":4},{"damage":2,"enemies":"Jaw Worm","floor":4,"turns":4},{"damage":0,"enemies":"2 Louse","floor":5,"turns":2},{"damage":44,"enemies":"Gremlin Nob","floor":6,"turns":5},{"damage":0,"enemies":"Exordium Wildlife","floor":7,"turns":2},{"damage":0,"enemies":"Gremlin Gang","floor":13,"turns":9},{"damage":3,"enemies":"Large Slime","floor":16,"turns":6},{"damage":11,"enemies":"Slime Boss","floor":18,"turns":15},{"damage":0,"enemies":"Chosen","floor":20,"turns":6},{"damage":4,"enemies":"3 Byrds","floor":21,"turns":8},{"damage":6,"enemies":"Cultist and Chosen","floor":23,"turns":9},{"damage":18,"enemies":"Slavers","floor":27,"turns":6},{"damage":18,"enemies":"Shelled Parasite and Fungi","floor":31,"turns":6},{"damage":8,"enemies":"Snecko","floor":32,"turns":6},{"damage":7,"enemies":"Book of Stabbing","floor":33,"turns":5},{"damage":37,"enemies":"Pondfish","floor":35,"turns":14},{"damage":1,"enemies":"3 Shapes","floor":37,"turns":7},{"damage":0,"enemies":"Orb Walker","floor":38,"turns":3},{"damage":48,"enemies":"3 Darklings","floor":40,"turns":6},{"damage":61,"enemies":"Giant Head","floor":42,"turns":9}],"seed_played":"-5800543434989935128","potions_obtained":[{"floor":5,"key":"Block Potion"},{"floor":13,"key":"Energy Potion"},{"floor":16,"key":"Weak Potion"},{"floor":19,"key":"Death Potion"},{"floor":21,"key":"Doom Potion"},{"floor":26,"key":"Block Potion"},{"floor":27,"key":"AttackPotion"},{"floor":31,"key":"Weak Potion"},{"floor":32,"key":"Dexterity Potion"},{"floor":33,"key":"Adrenaline Potion"},{"floor":35,"key":"Elixir"},{"floor":37,"key":"SkillPotion"},{"floor":38,"key":"Weak Potion"},{"floor":39,"key":"GamblersBrew"},{"floor":40,"key":"EssenceOfSteel"}],"is_trial":false,"path_per_floor":["M","?","?","M","M","E","M","R","T","T","$","R","M","PTL","PTL","M","R","B",null,"M","M","?","M","$","R","?","E","T","R","?","M","M","E","R","B",null,"M","M","?","M","$","E"],"character_chosen":"DEFECT","items_purchased":["Defragment","Bottled Tornado","Bandage Up"],"campfire_rested":3,"item_purchase_floors":[11,24,41],"current_hp_per_floor":[74,74,59,57,57,13,13,35,35,35,35,44,44,44,44,41,72,61,80,80,76,76,70,70,80,80,72,72,80,65,52,44,47,83,56,83,82,83,83,35,35,0,0],"gold":34,"neow_bonus":"THREE_CARDS","is_daily":false,"chose_seed":false,"campfire_upgraded":3,"win_rate":0.0,"timestamp":1608121008,"path_taken":["M","?","?","M","M","E","M","R","T","?","?","R","M","PTL","PTL","?","R","BOSS","M","?","?","?","?","R","?","E","T","R","?","?","M","E","R","BOSS","M","M","?","?","?","E"],"items_purchased_type":["Card","Relic","Card"],"build_version":"2020-12-13","purchased_purges":2,"victory":false,"max_hp_per_floor":[75,75,75,75,75,75,75,75,75,75,75,75,75,75,75,75,75,75,80,80,80,80,80,80,80,80,80,80,80,85,83,83,83,83,83,83,83,83,83,83,83,83,83],"card_choices":[{"not_picked":["Doom and Gloom","Conserve Battery"],"picked":"Capacitor","floor":0},{"not_picked":["Barrage","ReplaySort"],"picked":"Cold Snap","floor":1},{"not_picked":["Conserve Battery","Hologram"],"picked":"Chaos","floor":4},{"not_picked":["BootSequence","Go for the Eyes"],"picked":"BasicCrystalCard","floor":5},{"not_picked":["Echo Form","Darkness"],"picked":"Cold Snap","floor":6},{"not_picked":["Beam Cell","Stack"],"picked":"Glacier","floor":7},{"not_picked":["Barrage","Beam Cell","Reprogram"],"picked":"SKIP","floor":13},{"not_picked":["Rebound","Barrage"],"picked":"Capacitor","floor":16},{"not_picked":["Biased Cognition","Seek"],"picked":"Mirror Shield","floor":18},{"not_picked":["Melter","Stack"],"picked":"Compile Driver","floor":19},{"not_picked":["Stack+1","Ball Lightning"],"picked":"Chaos","floor":20},{"not_picked":["Aggregate+1","Hologram"],"picked":"Lockon","floor":21},{"not_picked":["Reinforced Body","Gash"],"picked":"Barrage","floor":23},{"not_picked":["Ball Lightning","ReplayTheSpireMod:Repulse+1"],"picked":"Barrage","floor":27},{"not_picked":["Conserve Battery","Storm"],"picked":"Tempest+1","floor":31},{"not_picked":["Heatsinks+1","Biased Cognition"],"picked":"Barrage","floor":32},{"not_picked":["Reinforced Body","Beam Cell+1","Reprogram"],"picked":"SKIP","floor":33},{"not_picked":["ReplayTheSpireMod:Omega Cannon","Mirror Shield"],"picked":"Machine Learning","floor":35},{"not_picked":["FIFO Queue","BasicCrystalCard+1"],"picked":"Blizzard+1","floor":37},{"not_picked":["Hello World+1","Go for the Eyes+1","Loop"],"picked":"SKIP","floor":38},{"not_picked":["Conserve Battery","Streamline+1"],"picked":"Panic Button+1","floor":40}],"player_experience":213197,"relics_obtained":[{"floor":6,"key":"Symbiotic Virus"},{"floor":9,"key":"Eternal Feather"},{"floor":10,"key":"Grinning Jar"},{"floor":26,"key":"ReplayTheSpireMod:Ring of Exchange"},{"floor":26,"key":"ReplayTheSpireMod:Ring of Addiction"},{"floor":26,"key":"Toy Ornithopter"},{"floor":26,"key":"White Beast Statue"},{"floor":27,"key":"Onion Ring"},{"floor":28,"key":"Nunchaku"},{"floor":33,"key":"Potion Belt"}],"event_choices":[{"damage_healed":0,"gold_gain":0,"player_choice":"Left Gold","damage_taken":0,"max_hp_gain":0,"max_hp_loss":0,"event_name":"World of Goop","floor":2,"gold_loss":36},{"damage_healed":0,"gold_gain":0,"player_choice":"Entered Light","damage_taken":15,"max_hp_gain":0,"max_hp_loss":0,"event_name":"Shining Light","floor":3,"gold_loss":0,"cards_upgraded":["Defend_B","Dualcast"]},{"cards_removed":["Strike_B"],"damage_healed":0,"gold_gain":0,"player_choice":"Purged","damage_taken":0,"max_hp_gain":0,"max_hp_loss":0,"event_name":"Purifier","floor":22,"gold_loss":0},{"damage_healed":0,"gold_gain":0,"player_choice":"Shed Blood","damage_taken":20,"max_hp_gain":5,"max_hp_loss":0,"event_name":"Forgotten Altar","floor":30,"gold_loss":0},{"damage_healed":0,"gold_gain":0,"player_choice":"Bought 1 Potion","damage_taken":0,"max_hp_gain":0,"max_hp_loss":0,"event_name":"The Woman in Blue","floor":39,"gold_loss":0}],"is_beta":false,"boss_relics":[{"not_picked":["Astrolabe","Runic Dome"],"picked":"Tiny House"},{"not_picked":["Medical Kit","Runic Pyramid"],"picked":"Empty Cage"}],"items_purged_floors":[11,41],"is_endless":false,"potions_floor_spawned":[5,13,16,21,27,31,32,33,35,37,38,40],"killed_by":"Giant Head","ascension_level":1}}