{"host":"q9718omregw4er46","time":1608157839,"event":{"mods":["BaseMod","Bestiary","Colored Powertips","Custom Start","Highlight Path","Minty Spire (QoL Compilation)","Practice Mode","Quick Restart","Relic Stats"],"gold_per_floor":[116,191,191,191,27,55,55,87,162,195,225,244,257,285,285,285,285],"floor_reached":16,"playtime":291,"items_purged":[],"score":343,"play_id":"8bf2fdcc-814b-484f-8e8c-6d9515597884","local_time":"20201217033039","is_ascension_mode":true,"campfire_choices":[{"data":"MentalFortress","floor":15.0,"key":"SMITH"}],"circlet_count":0,"master_deck":["AscendersBane","Strike_P","Strike_P","Strike_P","Strike_P","Defend_P","Defend_P","Defend_P","Defend_P","Eruption","Vigilance","EmptyFist","MentalFortress+1","Consecrate","DevaForm"],"relics":["PureWater","NeowsBlessing","Sling","Akabeko","Pen Nib","Singing Bowl","Regal Pillow","Anchor"],"acts_visited":["Exordium"],"potions_floor_usage":[16],"damage_taken":[{"damage":0.0,"enemies":"2 Louse","floor":1.0,"turns":2.0},{"damage":0.0,"enemies":"Lagavulin","floor":6.0,"turns":1.0},{"damage":0.0,"enemies":"Gremlin Nob","floor":8.0,"turns":1.0},{"damage":17.0,"enemies":"3 Sentries","floor":10.0,"turns":9.0},{"damage":0.0,"enemies":"Small Slimes","floor":12.0,"turns":3.0},{"damage":0.0,"enemies":"Jaw Worm","floor":13.0,"turns":1.0},{"damage":8.0,"enemies":"Gremlin Nob","floor":14.0,"turns":3.0},{"damage":43,"enemies":"Hexaghost","floor":16,"turns":8}],"seed_played":"-4415405603292459193","potions_obtained":[{"floor":1.0,"key":"SmokeBomb"},{"floor":8.0,"key":"SkillPotion"},{"floor":13.0,"key":"Explosive Potion"},{"floor":14.0,"key":"LiquidBronze"}],"is_trial":false,"path_per_floor":["M","?","?","$","$","E","?","E","T","E","?","M","M","E","R","B"],"character_chosen":"WATCHER","items_purchased":["Sling"],"campfire_rested":0,"item_purchase_floors":[5],"current_hp_per_floor":[61,50,55,55,55,55,55,55,55,38,38,38,38,32,32,0,0],"gold":285,"neow_bonus":"THREE_ENEMY_KILL","is_daily":false,"chose_seed":false,"campfire_upgraded":1,"win_rate":0.0,"timestamp":1608157839,"path_taken":["M","?","?","?","$","E","?","E","T","E","?","M","M","E","R","BOSS"],"items_purchased_type":["Relic"],"build_version":"2020-12-13","purchased_purges":0,"victory":false,"max_hp_per_floor":[68,68,73,73,73,73,73,73,73,73,73,73,73,75,75,75,75],"relic_stats":{"Regal Pillow":0,"Singing Bowl":2,"counters":[8,28],"Pen Nib":[4],"obtain_stats":[{"Regal Pillow":10,"Anchor":14,"NeowsBlessing":0,"Singing Bowl":9,"Pen Nib":8,"PureWater":0,"Sling":5,"Akabeko":6},{"Regal Pillow":4,"Anchor":7,"NeowsBlessing":0,"Singing Bowl":3,"Pen Nib":3,"PureWater":0,"Sling":1,"Akabeko":2},{"Regal Pillow":13,"Anchor":20,"NeowsBlessing":0,"Singing Bowl":4,"Pen Nib":4,"PureWater":0,"Sling":2,"Akabeko":3}]},"card_choices":[{"not_picked":["PathToVictory","Sanctity"],"picked":"EmptyFist","floor":1.0},{"not_picked":["DeceiveReality","ThirdEye","Collect"],"picked":"SKIP","floor":6.0},{"not_picked":["Prostrate","Crescendo","Nirvana"],"picked":"SKIP","floor":8.0},{"not_picked":["Crescendo","Nirvana"],"picked":"MentalFortress","floor":10.0},{"not_picked":["ThirdEye","FollowUp"],"picked":"Consecrate","floor":12.0},{"not_picked":["Indignation","BowlingBash"],"picked":"DevaForm","floor":13.0},{"not_picked":["Brilliance","Prostrate","ThirdEye"],"picked":"Singing Bowl","floor":14.0}],"player_experience":1032079,"relics_obtained":[{"floor":6.0,"key":"Akabeko"},{"floor":8.0,"key":"Pen Nib"},{"floor":9.0,"key":"Singing Bowl"},{"floor":10.0,"key":"Regal Pillow"},{"floor":14.0,"key":"Anchor"}],"event_choices":[{"damage_healed":0.0,"max_hp_gain":0.0,"max_hp_loss":0.0,"gold_gain":75.0,"event_name":"World of Goop","player_choice":"Gather Gold","floor":2.0,"gold_loss":0.0,"damage_taken":11.0},{"damage_healed":0.0,"max_hp_gain":5.0,"max_hp_loss":0.0,"gold_gain":0.0,"event_name":"Big Fish","player_choice":"Donut","floor":3.0,"gold_loss":0.0,"damage_taken":0.0},{"damage_healed":0.0,"max_hp_gain":0.0,"max_hp_loss":0.0,"gold_gain":0.0,"event_name":"The Cleric","player_choice":"Leave","floor":7.0,"gold_loss":0.0,"damage_taken":0.0},{"damage_healed":0.0,"max_hp_gain":0.0,"max_hp_loss":0.0,"gold_gain":30.0,"event_name":"Dead Adventurer","player_choice":"Searched \u00272\u0027 times","floor":11.0,"gold_loss":0.0,"damage_taken":0.0}],"is_beta":false,"boss_relics":[],"items_purged_floors":[],"is_endless":false,"potions_floor_spawned":[1,8,13,14],"killed_by":"Hexaghost","ascension_level":19}}