{"host":"7pal6f3elqhvlig9","time":1608144266,"event":{"mods":["2.2 Compatiblity","AchievementEnabler","BaseMod","Colored Map","Minty Spire (QoL Compilation)","StSLib","everything is the same but u backflip on backflip"],"gold_per_floor":[109,109,39,59,59,89,89,124,124,124,124,148,148,148],"floor_reached":13,"playtime":215,"items_purged":[],"score":148,"play_id":"b9ce8104-30d0-4d44-b603-8e5073e75e61","local_time":"20201217034426","is_ascension_mode":true,"campfire_choices":[{"data":"Dark Embrace","floor":7.0,"key":"SMITH"},{"floor":10,"key":"REST"}],"circlet_count":0,"master_deck":["Strike_R","Strike_R+1","Strike_R","Strike_R","Defend_R","Defend_R+1","Defend_R","Defend_R","Bash","Shrug It Off","Dark Embrace+1","Clothesline","Flex","Carnage"],"relics":["Burning Blood","NeowsBlessing","Turnip","Potion Belt","Ginger","Toy Ornithopter"],"acts_visited":["Exordium"],"potions_floor_usage":[],"damage_taken":[{"damage":0.0,"enemies":"2 Louse","floor":1.0,"turns":1.0},{"damage":0.0,"enemies":"Small Slimes","floor":4.0,"turns":1.0},{"damage":0.0,"enemies":"3 Sentries","floor":6.0,"turns":2.0},{"damage":65,"enemies":"Gremlin Nob","floor":8,"turns":6},{"damage":27,"enemies":"3 Sentries","floor":13,"turns":7}],"seed_played":"5884506109389818490","potions_obtained":[{"floor":8,"key":"FearPotion"}],"is_trial":false,"path_per_floor":["M","?","$","M","?","E","R","E","T","R","?","T","E"],"character_chosen":"IRONCLAD","items_purchased":["Dark Embrace"],"campfire_rested":1,"item_purchase_floors":[3],"current_hp_per_floor":[78,78,78,80,80,80,80,21,21,45,29,29,2,2],"gold":148,"neow_bonus":"THREE_ENEMY_KILL","is_daily":false,"chose_seed":false,"campfire_upgraded":1,"win_rate":0.0,"timestamp":1608144266,"path_taken":["M","?","$","M","?","E","R","E","T","R","?","?","E"],"items_purchased_type":["Card"],"build_version":"2020-12-13","purchased_purges":0,"victory":false,"max_hp_per_floor":[80,80,80,80,80,80,80,80,80,80,80,80,80,80],"card_choices":[{"not_picked":["Heavy Blade","Battle Trance"],"picked":"Shrug It Off","floor":1.0},{"not_picked":["Feel No Pain","Spot Weakness"],"picked":"Clothesline","floor":4.0},{"not_picked":["Ghostly Armor","Clash"],"picked":"Flex","floor":6.0},{"not_picked":["Iron Wave","Combust"],"picked":"Carnage","floor":8}],"player_experience":197376,"relics_obtained":[{"floor":6.0,"key":"Turnip"},{"floor":8,"key":"Potion Belt"},{"floor":9,"key":"Ginger"},{"floor":12,"key":"Toy Ornithopter"}],"event_choices":[{"cards_removed":["Strike_R"],"damage_healed":0.0,"max_hp_gain":0.0,"max_hp_loss":0.0,"gold_gain":0.0,"event_name":"Living Wall","player_choice":"Forget","floor":2.0,"gold_loss":0.0,"damage_taken":0.0},{"damage_healed":0.0,"max_hp_gain":0.0,"max_hp_loss":0.0,"gold_gain":0.0,"event_name":"Liars Game","player_choice":"Ignored","floor":5.0,"gold_loss":0.0,"damage_taken":0.0},{"damage_healed":0,"gold_gain":0,"player_choice":"Entered Light","damage_taken":16,"max_hp_gain":0,"max_hp_loss":0,"event_name":"Shining Light","floor":11,"gold_loss":0,"cards_upgraded":["Defend_R","Strike_R"]}],"is_beta":false,"boss_relics":[],"items_purged_floors":[],"is_endless":false,"potions_floor_spawned":[8],"killed_by":"3 Sentries","ascension_level":6}}