{"host":"jw4qy1ihmjslahm8","time":1608112950,"event":{"mods":["Act Like it!","BaseMod","BetterRewards","Colored Map","Downfall","Duelist Mod","Gensokyo","HololiveMod","Hubris","Infinite Spire","MarisaÅiñ∂âJÅ@ñÇóùçπÅj","Minty Spire (QoL Compilation)","Replay The Spire","StSLib","The Animator"],"gold_per_floor":[125,125,125,125,125,153,177,177,206,206,164,175,190,290,304,304,304],"floor_reached":16,"playtime":2330,"items_purged":[],"score":106,"play_id":"e7e7e819-1d2d-4f7c-92b2-f30dcdd2c670","local_time":"20201216020230","is_ascension_mode":false,"campfire_choices":[{"data":"theDuelist:BeaverWarrior","floor":1,"key":"SMITH"},{"floor":8,"key":"REST"},{"data":"theDuelist:RainbowNeos","floor":10,"key":"SMITH"}],"circlet_count":0,"master_deck":["theDuelist:BeaverWarrior","theDuelist:BeaverWarrior+1","theDuelist:CastleWalls","theDuelist:CastleWalls","theDuelist:FinalFlame","theDuelist:GiantSoldier","theDuelist:GiantSoldier","theDuelist:ScrapFactory","theDuelist:Sparks","theDuelist:Sparks","theDuelist:SpiritHarp","theDuelist:RainbowNeos+1","theDuelist:Sangan","theDuelist:Electrowhip","theDuelist:RedHeadedOni","theDuelist:CoreBlaster","theDuelist:FairyBox","theDuelist:CrossAttack","theDuelist:MeteorDestruction","theDuelist:RainbowNeos"],"relics":["theDuelist:MillenniumPuzzle","theDuelist:CardPoolRelic","theDuelist:CardPoolBasicRelic","theDuelist:BoosterPackPoolRelic","theDuelist:CardPoolAddRelic","theDuelist:CardPoolMinusRelic","theDuelist:CardPoolSaveRelic","theDuelist:CardPoolOptionsRelic","downfall:HeartsMalice","hubris:MobiusCoin","infinitespire:PuzzleCube","infinitespire:CheckeredPen"],"acts_visited":["Exordium"],"potions_floor_usage":[16],"damage_taken":[{"damage":0,"enemies":"Cultist","floor":2,"turns":1},{"damage":0,"enemies":"2 Louse","floor":3,"turns":1},{"damage":0,"enemies":"infinitespire:Voidling","floor":5,"turns":1},{"damage":45,"enemies":"Lagavulin","floor":6,"turns":12},{"damage":9,"enemies":"Replay:BlueRogue","floor":9,"turns":6},{"damage":1,"enemies":"downfall:FleeingMerchant","floor":11,"turns":4},{"damage":2,"enemies":"Large Slime","floor":12,"turns":2},{"damage":2,"enemies":"Blue Slaver","floor":13,"turns":3},{"damage":0,"enemies":"Red Slaver","floor":15,"turns":2},{"damage":52,"enemies":"downfall:Defect","floor":16,"turns":5}],"seed_played":"6460301503876237479","potions_obtained":[{"floor":6,"key":"FearPotion"},{"floor":13,"key":"theDuelist:BurningPotion"}],"is_trial":false,"path_per_floor":["R","M","M","?","M","E","T","R","E","R","$","M","M","?","M","B"],"character_chosen":"THE_DUELIST","items_purchased":["theDuelist:FairyBox"],"campfire_rested":1,"item_purchase_floors":[11],"current_hp_per_floor":[80,80,80,85,85,40,40,65,56,56,55,53,51,51,51,0,0],"gold":304,"neow_bonus":"THREE_ENEMY_KILL","is_daily":false,"chose_seed":false,"campfire_upgraded":2,"win_rate":0.0,"timestamp":1608112950,"path_taken":["R","M","?","?","M","E","T","R","E","R","$","M","M","?","M","BOSS"],"items_purchased_type":["Card"],"build_version":"2020-12-13","purchased_purges":0,"victory":false,"max_hp_per_floor":[80,80,80,85,85,85,85,85,85,85,85,85,85,85,85,85,85],"card_choices":[{"not_picked":["theDuelist:Hinotama","theDuelist:OnslaughtFireKings","theDuelist:SpellShatteringArrow","theDuelist:DarkBurningAttack"],"picked":"theDuelist:SpiritHarp","floor":2},{"not_picked":["theDuelist:CombinationAttack","theDuelist:Invigoration","theDuelist:AfterTheStorm","theDuelist:MagnumShield"],"picked":"theDuelist:RainbowNeos","floor":3},{"not_picked":["theDuelist:MythicalBeast","theDuelist:WhiteNinja","theDuelist:BattleFootballer","theDuelist:WormApocalypse"],"picked":"theDuelist:Sangan","floor":5},{"not_picked":["theDuelist:WhiteHowling","theDuelist:ElectromagneticShield","theDuelist:MiraculousDescent","theDuelist:SwordsConcealing"],"picked":"theDuelist:Electrowhip","floor":6},{"not_picked":["theDuelist:Eva","theDuelist:BlueBloodedOni","theDuelist:GreenGraveOni","theDuelist:PurplePainOni"],"picked":"theDuelist:RedHeadedOni","floor":9},{"not_picked":["theDuelist:WhiteMagicalHat","theDuelist:WormApocalypse","theDuelist:EgoBoost","theDuelist:FairyBox"],"picked":"theDuelist:CoreBlaster","floor":11},{"not_picked":["theDuelist:DoubleTool","theDuelist:CoreBlaster","theDuelist:CombinationAttack","theDuelist:RainbowNeos"],"picked":"theDuelist:CrossAttack","floor":12},{"not_picked":["theDuelist:DoubleTool","theDuelist:SilverApples","theDuelist:WhiteMagicalHat","theDuelist:BigFire"],"picked":"theDuelist:MeteorDestruction","floor":13},{"not_picked":["theDuelist:SpiritHarp","theDuelist:GiantSoldier","theDuelist:BeaverWarrior","theDuelist:MonsterEgg"],"picked":"theDuelist:RainbowNeos","floor":15}],"player_experience":31055,"relics_obtained":[{"floor":6,"key":"hubris:MobiusCoin"},{"floor":7,"key":"infinitespire:PuzzleCube"},{"floor":9,"key":"infinitespire:CheckeredPen"}],"event_choices":[{"damage_healed":0,"gold_gain":0,"player_choice":"Donut","damage_taken":0,"max_hp_gain":5,"max_hp_loss":0,"event_name":"Big Fish","floor":4,"gold_loss":0}],"is_beta":false,"boss_relics":[],"items_purged_floors":[],"is_endless":false,"potions_floor_spawned":[6,13],"killed_by":"downfall:Defect","ascension_level":0}}