{"host":"b94931fzay7ri6da","time":1608102489,"event":{"mods":["AchievementEnabler","BaseMod","Colored Map","Colored Powertips","Downfall","Minty Spire (QoL Compilation)","Quick Restart","StSLib","SuperFastMode"],"gold_per_floor":[115,115,130,156,167,167,202,227,227,227,250,250,268,14,14,143,143,163,93,93,109,109,145,145,165,241,241,257,257,257,270,270,394,394,408,408,426,440,440,440,290,326,373,387,387,426,44,95,95,95],"floor_reached":51,"playtime":1960,"items_purged":[],"score":823,"play_id":"aa15157c-d30e-4639-a0e1-2d4de6bbc0e2","local_time":"20201216070809","is_ascension_mode":false,"campfire_choices":[{"data":"Eruption","floor":10,"key":"SMITH"},{"floor":15,"key":"REST"},{"data":"Establishment","floor":24,"key":"SMITH"},{"data":"Crescendo","floor":27,"key":"SMITH"},{"data":"TalkToTheHand","floor":32,"key":"SMITH"},{"data":"Evaluate","floor":40,"key":"SMITH"},{"floor":45,"key":"REST"},{"floor":49,"key":"REST"}],"circlet_count":0,"master_deck":["Strike_P","Strike_P","Strike_P","Strike_P","Defend_P","Defend_P","Defend_P","Defend_P","Eruption+1","Vigilance","BattleHymn+1","Evaluate+1","EmptyBody","Indignation","Crescendo+1","Establishment+1","CurseOfTheBell","Meditate","Consecrate+1","ThirdEye","Meditate+1","Evaluate+1","TalkToTheHand+1","BattleHymn+1","DeusExMachina+1","FlurryOfBlows+1","CrushJoints+1","Protect+1","expansioncontent:ManipulateTime"],"relics":["PureWater","NeowsBlessing","Tiny Chest","Pen Nib","Golden Idol","Bird Faced Urn","Meat on the Bone","Oddly Smooth Stone","Shuriken","Calling Bell","PreservedInsect","Mercury Hourglass","Pocketwatch","CaptainsWheel","Mummified Hand","Blue Candle","White Beast Statue","Strawberry","Busted Crown","TheAbacus","Centennial Puzzle","Dream Catcher","Ancient Tea Set","FossilizedHelix","Smiling Mask"],"acts_visited":["Exordium","TheCity","TheBeyond"],"potions_floor_usage":[16,16,18,50,50,50],"damage_taken":[{"damage":0,"enemies":"Jaw Worm","floor":1,"turns":1},{"damage":0,"enemies":"Cultist","floor":3,"turns":1},{"damage":0,"enemies":"Small Slimes","floor":5,"turns":2},{"damage":28,"enemies":"Gremlin Nob","floor":7,"turns":3},{"damage":2,"enemies":"Looter","floor":8,"turns":4},{"damage":10,"enemies":"Lots of Slimes","floor":13,"turns":3},{"damage":17,"enemies":"Hexaghost","floor":16,"turns":6},{"damage":2,"enemies":"Spheric Guardian","floor":18,"turns":3},{"damage":5,"enemies":"Shell Parasite","floor":21,"turns":3},{"damage":0,"enemies":"Gremlin Leader","floor":23,"turns":4},{"damage":19,"enemies":"Centurion and Healer","floor":25,"turns":3},{"damage":2,"enemies":"Cultist and Chosen","floor":28,"turns":4},{"damage":14,"enemies":"Shelled Parasite and Fungi","floor":31,"turns":3},{"damage":17,"enemies":"Collector","floor":33,"turns":6},{"damage":12,"enemies":"3 Shapes","floor":35,"turns":4},{"damage":19,"enemies":"Orb Walker","floor":37,"turns":3},{"damage":34,"enemies":"4 Shapes","floor":38,"turns":3},{"damage":16,"enemies":"Giant Head","floor":42,"turns":5},{"damage":6,"enemies":"Sphere and 2 Shapes","floor":44,"turns":4},{"damage":46,"enemies":"Nemesis","floor":46,"turns":5},{"damage":51,"enemies":"Awakened One","floor":50,"turns":6}],"seed_played":"1969708039916188581","potions_obtained":[{"floor":1,"key":"Regen Potion"},{"floor":8,"key":"BlessingOfTheForge"},{"floor":13,"key":"Guardian:BlockOnCardUsePotion"},{"floor":25,"key":"Guardian:BlockOnCardUsePotion"},{"floor":28,"key":"Fire Potion"},{"floor":31,"key":"SkillPotion"},{"floor":35,"key":"Strength Potion"}],"is_trial":false,"path_per_floor":["M","?","M","T","M","?","E","M","T","R","T","?","M","$","R","B",null,"M","?","T","M","?","E","R","M","T","R","M","?","T","M","R","B",null,"M","?","M","M","?","R","$","E","T","M","R","E","$","T","R","B",null],"character_chosen":"WATCHER","items_purchased":["Shuriken","TheAbacus","FossilizedHelix","expansioncontent:ManipulateTime"],"campfire_rested":3,"item_purchase_floors":[14,41,47,47],"current_hp_per_floor":[72,60,60,60,60,42,14,14,14,14,14,14,18,18,39,39,72,70,70,70,67,67,71,71,53,53,53,55,55,62,54,54,43,79,67,67,54,38,43,43,43,45,45,45,68,40,40,40,63,30],"gold":95,"neow_bonus":"THREE_ENEMY_KILL","is_daily":false,"chose_seed":false,"campfire_upgraded":5,"win_rate":0.0,"timestamp":1608102489,"path_taken":["M","?","M","?","?","?","E","M","T","R","?","?","?","$","R","BOSS","M","?","?","M","?","E","R","M","T","R","?","?","?","M","R","BOSS","M","?","M","?","?","R","$","E","T","M","R","E","$","?","R","BOSS"],"items_purchased_type":["Relic","Relic","Relic","Card"],"build_version":"2020-12-13","purchased_purges":0,"victory":true,"max_hp_per_floor":[72,72,72,72,72,72,72,72,72,72,72,72,72,72,72,72,72,72,72,72,72,72,72,72,72,72,72,72,72,79,79,79,79,79,79,79,79,79,79,79,79,79,79,79,79,79,79,79,79,79],"card_choices":[{"not_picked":["Consecrate","JustLucky"],"picked":"BattleHymn","floor":1},{"not_picked":["Halt","ThirdEye"],"picked":"Evaluate","floor":3},{"not_picked":["ClearTheMind","Protect","PathToVictory"],"picked":"SKIP","floor":5},{"not_picked":["Evaluate","Brilliance"],"picked":"EmptyBody","floor":7},{"not_picked":["BattleHymn","FlyingSleeves"],"picked":"Indignation","floor":8},{"not_picked":["EmptyBody","SashWhip"],"picked":"Crescendo","floor":13},{"not_picked":["ConjureBlade","MasterReality"],"picked":"Establishment","floor":16},{"not_picked":["Weave","Protect"],"picked":"Meditate","floor":18},{"not_picked":["ClearTheMind+1","EmptyFist"],"picked":"Consecrate+1","floor":21},{"not_picked":["EmptyBody+1","EmptyFist"],"picked":"Meditate+1","floor":23},{"not_picked":["SignatureMove+1","CutThroughFate"],"picked":"Evaluate+1","floor":25},{"not_picked":["FollowUp","Protect"],"picked":"TalkToTheHand","floor":28},{"not_picked":["SashWhip","EmptyBody","ClearTheMind+1"],"picked":"SKIP","floor":31},{"not_picked":["Establishment","Judgement"],"picked":"DeusExMachina","floor":33},{"not_picked":[],"picked":"BowlingBash+1","floor":35},{"not_picked":[],"picked":"FlurryOfBlows+1","floor":37},{"not_picked":["Crescendo+1"],"picked":"SKIP","floor":38},{"not_picked":["JustLucky"],"picked":"SKIP","floor":42},{"not_picked":[],"picked":"CrushJoints+1","floor":44},{"not_picked":[],"picked":"Protect+1","floor":45},{"not_picked":["FlyingSleeves"],"picked":"SKIP","floor":46}],"player_experience":292927,"relics_obtained":[{"floor":4,"key":"Pen Nib"},{"floor":7,"key":"Bird Faced Urn"},{"floor":9,"key":"Meat on the Bone"},{"floor":11,"key":"Oddly Smooth Stone"},{"floor":17,"key":"PreservedInsect"},{"floor":17,"key":"Mercury Hourglass"},{"floor":17,"key":"Pocketwatch"},{"floor":20,"key":"Mummified Hand"},{"floor":23,"key":"Blue Candle"},{"floor":26,"key":"White Beast Statue"},{"floor":30,"key":"Strawberry"},{"floor":42,"key":"Centennial Puzzle"},{"floor":43,"key":"Dream Catcher"},{"floor":46,"key":"Ancient Tea Set"},{"floor":48,"key":"Smiling Mask"}],"event_choices":[{"damage_healed":0,"gold_gain":0,"player_choice":"Success","damage_taken":12,"relics_obtained":["Tiny Chest"],"max_hp_gain":0,"max_hp_loss":0,"event_name":"Scrap Ooze","floor":2,"gold_loss":0},{"damage_healed":0,"gold_gain":0,"player_choice":"Take Damage","damage_taken":18,"relics_obtained":["Golden Idol"],"max_hp_gain":0,"max_hp_loss":0,"event_name":"Golden Idol","floor":6,"gold_loss":0},{"damage_healed":0,"gold_gain":0,"player_choice":"Upgraded","damage_taken":0,"max_hp_gain":0,"max_hp_loss":0,"event_name":"Upgrade Shrine","floor":12,"gold_loss":0,"cards_upgraded":["BattleHymn"]},{"damage_healed":0,"gold_gain":0,"player_choice":"Paid Gold","damage_taken":0,"relics_obtained":["CaptainsWheel"],"max_hp_gain":0,"max_hp_loss":0,"event_name":"WeMeetAgain","floor":19,"gold_loss":70},{"damage_healed":0,"gold_gain":0,"player_choice":"1 cards matched","damage_taken":0,"max_hp_gain":0,"max_hp_loss":0,"event_name":"Match and Keep!","floor":22,"gold_loss":0,"cards_obtained":["ThirdEye"]},{"damage_healed":0,"gold_gain":0,"player_choice":"Copied","damage_taken":0,"max_hp_gain":0,"max_hp_loss":0,"event_name":"Duplicator","floor":29,"gold_loss":0,"cards_obtained":["BattleHymn"]},{"damage_healed":0,"gold_gain":0,"player_choice":"Upgraded","damage_taken":0,"max_hp_gain":0,"max_hp_loss":0,"event_name":"Upgrade Shrine","floor":36,"gold_loss":0,"cards_upgraded":["DeusExMachina"]},{"cards_removed":["BowlingBash"],"damage_healed":5,"gold_gain":0,"player_choice":"Offered Common","damage_taken":0,"max_hp_gain":0,"max_hp_loss":0,"event_name":"Bonfire Elementals","floor":39,"gold_loss":0},{"cards_removed":["BowlingBash"],"damage_healed":5,"gold_gain":0,"player_choice":"Offered Special","damage_taken":0,"max_hp_gain":0,"max_hp_loss":0,"event_name":"Bonfire Elementals","floor":39,"gold_loss":0}],"is_beta":false,"boss_relics":[{"not_picked":["Ectoplasm","Snecko Eye"],"picked":"Calling Bell"},{"not_picked":["Fusion Hammer","Cursed Key"],"picked":"Busted Crown"}],"items_purged_floors":[],"is_endless":false,"potions_floor_spawned":[1,8,13,25,28,31,33,35,37,38,42,44,46],"ascension_level":0}}