{"host":"9anmc1688xy4jiyg","time":1608141413,"event":{"mods":["AchievementEnabler","BaseMod","Highlight Path","Minty Spire (QoL Compilation)","Relic Stats","StSLib","ojb\u0027s Info Mod"],"gold_per_floor":[111,36,36,136,151,177,177,196,265,288,329,329,329,329,329,329,329],"floor_reached":16,"playtime":423,"items_purged":["Strike_R"],"score":266,"play_id":"29f48861-fa54-40b8-80b0-1d7788b7b008","local_time":"20201216185653","is_ascension_mode":true,"campfire_choices":[{"data":"Body Slam","floor":12.0,"key":"SMITH"},{"floor":15.0,"key":"REST"}],"circlet_count":0,"master_deck":["AscendersBane","Strike_R","Strike_R","Strike_R","Strike_R","Defend_R","Defend_R","Defend_R","Defend_R","Bash+1","Shrug It Off","Cleave","Shrug It Off","Entrench","Body Slam+1","Shrug It Off"],"relics":["Burning Blood","NeowsBlessing","Oddly Smooth Stone","Golden Idol","Self Forming Clay","Orichalcum","Mummified Hand"],"acts_visited":["Exordium"],"potions_floor_usage":[16],"damage_taken":[{"damage":0.0,"enemies":"Small Slimes","floor":1.0,"turns":1.0},{"damage":0.0,"enemies":"Cultist","floor":5.0,"turns":1.0},{"damage":0.0,"enemies":"Gremlin Nob","floor":6.0,"turns":1.0},{"damage":2.0,"enemies":"2 Louse","floor":8.0,"turns":4.0},{"damage":13.0,"enemies":"Blue Slaver","floor":10.0,"turns":3.0},{"damage":35.0,"enemies":"3 Sentries","floor":11.0,"turns":9.0},{"damage":58,"enemies":"Slime Boss","floor":16,"turns":9}],"seed_played":"-2650634946848257136","potions_obtained":[{"floor":5.0,"key":"Ancient Potion"},{"floor":8.0,"key":"BlessingOfTheForge"},{"floor":11.0,"key":"GamblersBrew"},{"floor":14.0,"key":"Fruit Juice"},{"floor":14.0,"key":"Strength Potion"}],"is_trial":false,"path_per_floor":["M","$","?","?","M","E","?","M","T","M","E","R","T","?","R","B"],"character_chosen":"IRONCLAD","items_purchased":[],"campfire_rested":1,"item_purchase_floors":[],"current_hp_per_floor":[74,74,74,74,75,75,49,53,53,46,17,17,17,22,46,0,0],"gold":329,"neow_bonus":"THREE_ENEMY_KILL","is_daily":false,"chose_seed":false,"campfire_upgraded":1,"win_rate":0.0,"timestamp":1608141413,"path_taken":["M","$","?","?","?","E","?","M","T","M","E","R","?","?","R","BOSS"],"items_purchased_type":[],"build_version":"2020-12-13","purchased_purges":1,"victory":false,"max_hp_per_floor":[75,75,75,75,75,75,75,75,75,75,75,75,75,80,80,80,80],"relic_stats":{"counters":[7,28],"Golden Idol":17,"Self Forming Clay":[30],"Mummified Hand":[0],"Orichalcum":[24],"obtain_stats":[{"NeowsBlessing":0,"Golden Idol":7,"Self Forming Clay":9,"Mummified Hand":13,"Oddly Smooth Stone":6,"Orichalcum":11,"Burning Blood":0},{"NeowsBlessing":0,"Golden Idol":3,"Self Forming Clay":4,"Mummified Hand":6,"Oddly Smooth Stone":3,"Orichalcum":6,"Burning Blood":0},{"NeowsBlessing":0,"Golden Idol":3,"Self Forming Clay":7,"Mummified Hand":19,"Oddly Smooth Stone":3,"Orichalcum":19,"Burning Blood":0}],"Burning Blood":25},"card_choices":[{"not_picked":["Headbutt","Flex"],"picked":"Shrug It Off","floor":1.0},{"not_picked":["Demon Form","Flex"],"picked":"Cleave","floor":5.0},{"not_picked":["Burning Pact","Dropkick"],"picked":"Shrug It Off","floor":6.0},{"not_picked":["Cleave","Disarm"],"picked":"Entrench","floor":8.0},{"not_picked":["Spot Weakness","Wild Strike"],"picked":"Body Slam","floor":10.0},{"not_picked":["Headbutt","Warcry"],"picked":"Shrug It Off","floor":11.0}],"player_experience":450485,"relics_obtained":[{"floor":6.0,"key":"Oddly Smooth Stone"},{"floor":9.0,"key":"Self Forming Clay"},{"floor":11.0,"key":"Orichalcum"},{"floor":13.0,"key":"Mummified Hand"}],"event_choices":[{"damage_healed":0.0,"max_hp_gain":0.0,"max_hp_loss":0.0,"gold_gain":0.0,"event_name":"Living Wall","player_choice":"Grow","floor":3.0,"gold_loss":0.0,"damage_taken":0.0,"cards_upgraded":["Bash"]},{"damage_healed":0.0,"max_hp_gain":0.0,"max_hp_loss":0.0,"gold_gain":100.0,"event_name":"Wheel of Change","player_choice":"Gold","floor":4.0,"gold_loss":0.0,"damage_taken":0.0},{"damage_healed":0.0,"max_hp_gain":0.0,"max_hp_loss":0.0,"gold_gain":0.0,"event_name":"Golden Idol","player_choice":"Take Damage","floor":7.0,"gold_loss":0.0,"damage_taken":26.0,"relics_obtained":["Golden Idol"]},{"damage_healed":0.0,"max_hp_gain":0.0,"max_hp_loss":0.0,"gold_gain":0.0,"event_name":"Lab","player_choice":"Got Potions","floor":14.0,"gold_loss":0.0,"damage_taken":0.0}],"is_beta":false,"boss_relics":[],"items_purged_floors":[2],"is_endless":false,"potions_floor_spawned":[5,8,11],"killed_by":"Slime Boss","ascension_level":20}}