{"host":"ilxricga2547gmyy","time":1608131641,"event":{"mods":["AchievementEnabler","BaseMod","Minty Spire (QoL Compilation)","Quick Restart","Replay The Spire","StSLib"],"gold_per_floor":[111,127,147,163,163,196,210,210,210,210,229,249,262,275,275,380,380,392,77,93,93,93,93,93,112,137,137,137],"floor_reached":27,"playtime":2450,"items_purged":["Spreading Infection"],"score":277,"play_id":"b668ec93-726b-452c-9291-adf8c7ad8f6b","local_time":"20201216161401","is_ascension_mode":true,"campfire_choices":[{"floor":8,"key":"REST"},{"floor":15,"key":"REST"},{"floor":23,"key":"REST"}],"circlet_count":0,"master_deck":["Strike_G+1","Strike_G+1","Strike_G+1","Strike_G+1","Strike_G+1","Defend_G+1","Defend_G+1","Defend_G+1","Defend_G+1","Defend_G+1","Survivor","Neutralize","Blade Dance","PiercingWail","Well Laid Plans","Backflip","Unload","Poisoned Stab","Dagger Throw","Draining Mist+1","Blade Dance","A Thousand Cuts","CurseOfTheBell","Finisher","Fluid Movement","Cloak And Dagger","Ghostly","Ghostly","Ghostly","Ghostly","Ghostly"],"relics":["SlaversCollar","Replay:Multitool","Divine Protection","Calling Bell","Art of War","Singing Bowl","Gambling Chip","ReplayTheSpireMod:CursedCoin","Ice Cream","MealTicket"],"acts_visited":["Exordium","TheCity"],"potions_floor_usage":[6,16,20,20,25,25],"damage_taken":[{"damage":0,"enemies":"Cultist","floor":1,"turns":4},{"damage":16,"enemies":"Jaw Worm","floor":2,"turns":6},{"damage":4,"enemies":"Small Slimes","floor":3,"turns":4},{"damage":1,"enemies":"2 Fungi Beasts","floor":4,"turns":4},{"damage":23,"enemies":"Lagavulin","floor":6,"turns":7},{"damage":4,"enemies":"Lots of Slimes","floor":7,"turns":6},{"damage":0,"enemies":"Looter","floor":11,"turns":3},{"damage":0,"enemies":"Blue Slaver","floor":12,"turns":3},{"damage":1,"enemies":"3 Louse","floor":13,"turns":3},{"damage":0,"enemies":"Red Slaver","floor":14,"turns":3},{"damage":63,"enemies":"Fading Forest","floor":16,"turns":11},{"damage":27,"enemies":"Shell Parasite","floor":18,"turns":6},{"damage":39,"enemies":"Spheric Guardian","floor":20,"turns":8},{"damage":12,"enemies":"Snake Plant","floor":25,"turns":9},{"damage":19,"enemies":"Gremlin Leader","floor":27,"turns":8}],"seed_played":"-2759896285387831376","potions_obtained":[{"floor":3,"key":"SteroidPotion"},{"floor":7,"key":"Poison Potion"},{"floor":10,"key":"Venom Potion"},{"floor":10,"key":"EssenceOfSteel"},{"floor":12,"key":"Dexterity Potion"},{"floor":16,"key":"Cursed Concoction"},{"floor":20,"key":"Swift Potion"}],"is_trial":false,"path_per_floor":["M","M","M","M","?","E","M","R","T","R","M","M","M","M","R","B",null,"M","$","M","?","?","R","?","M","T","E"],"character_chosen":"THE_SILENT","items_purchased":["ReplayTheSpireMod:CursedCoin","Ice Cream","Fluid Movement"],"campfire_rested":3,"item_purchase_floors":[19,19,19],"current_hp_per_floor":[70,54,50,49,49,26,22,43,43,43,43,43,42,42,63,16,70,43,43,4,4,4,14,14,4,4,0,0],"gold":137,"neow_bonus":"BOSS_RELIC","is_daily":false,"chose_seed":false,"campfire_upgraded":0,"win_rate":0.0,"timestamp":1608131641,"path_taken":["M","M","M","?","?","E","M","R","T","R","M","M","M","M","R","BOSS","M","$","M","?","?","R","?","?","T","E"],"items_purchased_type":["Relic","Relic","Card"],"build_version":"2020-12-13","purchased_purges":1,"victory":false,"max_hp_per_floor":[70,70,70,70,70,70,70,70,70,70,70,70,70,70,70,70,70,70,70,70,70,35,35,35,37,37,37,37],"card_choices":[{"not_picked":["ReplayTheSpireMod:Shiv Toss","Accuracy"],"picked":"Blade Dance","floor":1},{"not_picked":["Noxious Fumes","Flying Knee"],"picked":"PiercingWail","floor":2},{"not_picked":["Quick Slash","Bouncing Flask"],"picked":"Well Laid Plans","floor":3},{"not_picked":["Dagger Throw","Poisoned Stab"],"picked":"Backflip","floor":4},{"not_picked":["Slice","Sucker Punch"],"picked":"Unload","floor":6},{"not_picked":["Slice","Deflect","Dodge and Roll"],"picked":"SKIP","floor":7},{"not_picked":["Outmaneuver","Catalyst"],"picked":"Poisoned Stab","floor":11},{"not_picked":["Noxious Fumes","Quick Slash"],"picked":"Dagger Throw","floor":12},{"not_picked":["Deflect","Bouncing Flask"],"picked":"Draining Mist","floor":13},{"not_picked":["Sneak Up","Escape Plan"],"picked":"Blade Dance","floor":14},{"not_picked":["Poison Darts","Phantasmal Killer"],"picked":"A Thousand Cuts","floor":16},{"not_picked":["Deadly Poison","Bane+1"],"picked":"Finisher","floor":18},{"not_picked":["ReplayTheSpireMod:From All Sides","Dodge and Roll"],"picked":"Cloak And Dagger","floor":20},{"not_picked":["Reflex+1","Flechettes","PiercingWail"],"picked":"Singing Bowl","floor":25}],"player_experience":226237,"relics_obtained":[{"floor":6,"key":"Replay:Multitool"},{"floor":9,"key":"Divine Protection"},{"floor":17,"key":"Art of War"},{"floor":17,"key":"Singing Bowl"},{"floor":17,"key":"Gambling Chip"},{"floor":26,"key":"MealTicket"}],"event_choices":[{"damage_healed":0,"gold_gain":0,"player_choice":"Ignored","damage_taken":0,"max_hp_gain":0,"max_hp_loss":0,"event_name":"Liars Game","floor":5,"gold_loss":0},{"damage_healed":0,"gold_gain":0,"player_choice":"Simplicity","damage_taken":0,"max_hp_gain":0,"max_hp_loss":0,"event_name":"Back to Basics","floor":21,"gold_loss":0,"cards_upgraded":["Strike_G","Strike_G","Strike_G","Strike_G","Strike_G","Defend_G","Defend_G","Defend_G","Defend_G","Defend_G"]},{"damage_healed":0,"gold_gain":0,"player_choice":"Became a Ghost","damage_taken":0,"max_hp_gain":0,"max_hp_loss":35,"event_name":"Ghosts","floor":22,"gold_loss":0,"cards_obtained":["Ghostly","Ghostly","Ghostly","Ghostly","Ghostly"]},{"damage_healed":0,"gold_gain":0,"player_choice":"Forge","damage_taken":0,"max_hp_gain":0,"max_hp_loss":0,"event_name":"Accursed Blacksmith","floor":24,"gold_loss":0,"cards_upgraded":["Draining Mist"]}],"is_beta":false,"boss_relics":[{"not_picked":["Replay:Bronze Core","ChewingGum"],"picked":"Calling Bell"}],"items_purged_floors":[19],"is_endless":false,"potions_floor_spawned":[3,7,11,12,13,16,20],"killed_by":"Gremlin Leader","ascension_level":3}}