{"host":"3srbdas3e7jgqz5l","time":1608154093,"event":{"mods":["BaseMod","Downfall","Minty Spire (QoL Compilation)","StSLib","The Cursed"],"gold_per_floor":[99,429,429,429,461,461,461,495,568,418,428,454,454,54,78,176,176,176,107,122,162,180,180,261,261,272,308,308,324,324,324,334,334,334],"floor_reached":33,"playtime":3025,"items_purged":["hexamod:Strike","Regret"],"score":376,"play_id":"f008e0ed-ab75-4b13-8fc8-77a757f37c9a","local_time":"20201216212813","is_ascension_mode":false,"campfire_choices":[{"floor":1,"key":"RECALL"},{"data":"hexamod:SkipABeat","floor":10,"key":"SMITH"},{"data":"hexamod:CatchUp","floor":18,"key":"SMITH"},{"floor":25,"key":"REST"}],"circlet_count":0,"master_deck":["hexamod:Strike+1","hexamod:Strike+1","hexamod:Defend+1","hexamod:Defend","hexamod:Defend","hexamod:Defend","hexamod:Sear","hexamod:Float+1","hexamod:EmpoweredFlame","hexamod:SpectersWail+1","hexamod:SkipABeat+1","hexamod:FirstSeal","hexamod:SecondSeal","hexamod:InspiringFlames","hexamod:AdvancingGuard","hexamod:NightmareStrike","hexamod:CatchUp+1","hexamod:HauntingEcho","hexamod:FifthSeal","hexamod:ThirdSeal","hexamod:GhostflameInferno","hexamod:FastForward","hexamod:FastForward+1","hexamod:GhostflameBarrier+1","hexamod:FourthSeal","hexamod:ThermalTransfer+1","hexamod:ShieldOfDarkness","hexamod:VolcanoVisage","hexamod:NecessarySacrifice","RitualDagger+1"],"relics":["hexamod:SpiritBrand","downfall:HeartsMalice","Old Coin","Smiling Mask","Orichalcum","InkBottle","downfall:HeartBlessingRed","downfall:HeartBlessingBlue","Membership Card","Bronze Scales","Whetstone","SlaversCollar","Pocketwatch","Pantograph","Juzu Bracelet","Strawberry"],"acts_visited":["Exordium","TheCity"],"potions_floor_usage":[16,21,26,33,33,33],"damage_taken":[{"damage":0,"enemies":"3 Sentries","floor":2,"turns":1},{"damage":0,"enemies":"Small Slimes","floor":4,"turns":1},{"damage":0,"enemies":"Gremlin Nob","floor":5,"turns":1},{"damage":30,"enemies":"3 Sentries","floor":8,"turns":10},{"damage":3,"enemies":"Jaw Worm","floor":11,"turns":4},{"damage":2,"enemies":"Cultist","floor":12,"turns":4},{"damage":5,"enemies":"downfall:FleeingMerchant","floor":14,"turns":4},{"damage":14,"enemies":"3 Louse","floor":15,"turns":3},{"damage":48,"enemies":"downfall:Silent","floor":16,"turns":9},{"damage":11,"enemies":"downfall:FleeingMerchant","floor":19,"turns":4},{"damage":9,"enemies":"3 Byrds","floor":20,"turns":3},{"damage":64,"enemies":"Gremlin Leader","floor":21,"turns":9},{"damage":9,"enemies":"Spheric Guardian","floor":22,"turns":4},{"damage":15,"enemies":"Shelled Parasite and Fungi","floor":26,"turns":6},{"damage":13,"enemies":"Book of Stabbing","floor":27,"turns":5},{"damage":10,"enemies":"Snecko","floor":29,"turns":5},{"damage":12,"enemies":"Snake Plant","floor":32,"turns":3},{"damage":35,"enemies":"downfall:Watcher","floor":33,"turns":6}],"seed_played":"3266223835803819071","potions_obtained":[{"floor":5,"key":"Ancient Potion"},{"floor":8,"key":"hexamod:DoubleChargePotion"},{"floor":15,"key":"Regen Potion"},{"floor":20,"key":"LiquidMemories"},{"floor":22,"key":"champ:CounterPotion"},{"floor":26,"key":"SmokeBomb"},{"floor":26,"key":"BlessingOfTheForge"},{"floor":29,"key":"EntropicBrew"},{"floor":31,"key":"CultistPotion"}],"is_trial":false,"path_per_floor":["R","E","?","M","E","?","T","E","T","R","M","M","?","$","M","B",null,"R","$","M","E","M","?","T","R","M","E","?","M","?","?","M","B"],"character_chosen":"THE_SPIRIT","items_purchased":["Membership Card","hexamod:CatchUp","Bronze Scales","Whetstone","hexamod:FastForward"],"campfire_rested":1,"item_purchase_floors":[14,14,14,14,19],"current_hp_per_floor":[70,70,70,70,70,63,63,40,40,50,47,52,52,47,40,7,80,80,76,74,17,15,15,15,39,31,25,25,15,22,22,10,0,0],"gold":334,"neow_bonus":"THREE_ENEMY_KILL","is_daily":false,"chose_seed":false,"campfire_upgraded":2,"win_rate":0.0,"timestamp":1608154093,"path_taken":["R","E","?","M","E","?","T","E","?","R","?","M","?","$","M","BOSS","R","$","M","E","M","?","T","R","?","E","?","M","?","?","M","BOSS"],"items_purchased_type":["Relic","Card","Relic","Relic","Card"],"build_version":"2020-12-13","purchased_purges":2,"victory":false,"max_hp_per_floor":[70,70,70,70,70,70,70,70,70,80,80,80,80,80,80,80,80,80,80,80,80,80,80,80,80,80,80,80,80,87,87,87,87,87],"card_choices":[{"not_picked":["hexamod:FastForward","hexamod:GhostShield"],"picked":"hexamod:EmpoweredFlame","floor":2},{"not_picked":["hexamod:GhostOfSpireFuture","hexamod:Hexaguard"],"picked":"hexamod:SpectersWail","floor":4},{"not_picked":["hexamod:PhantomFireball","hexamod:NecessarySacrifice"],"picked":"hexamod:SkipABeat","floor":5},{"not_picked":["hexamod:GhostflameBarrier","hexamod:Firestarter"],"picked":"hexamod:SecondSeal","floor":8},{"not_picked":["hexamod:SwordOfDarkness","hexamod:SkipABeat"],"picked":"hexamod:InspiringFlames","floor":11},{"not_picked":["hexamod:FastForward","hexamod:ThermalTransfer"],"picked":"hexamod:AdvancingGuard","floor":12},{"not_picked":["hexamod:CrushingStance","hexamod:Firestarter"],"picked":"hexamod:NightmareStrike","floor":14},{"not_picked":["hexamod:SwordOfDarkness","hexamod:GhostOfSpirePast"],"picked":"hexamod:HauntingEcho","floor":15},{"not_picked":["hexamod:GhostflameInferno","hexamod:WildfireWeapon"],"picked":"hexamod:FifthSeal","floor":16},{"not_picked":["hexamod:FirstSeal","hexamod:SecondSeal"],"picked":"hexamod:ThirdSeal","floor":19},{"not_picked":["hexamod:GhostShield","hexamod:PhantomFireball"],"picked":"hexamod:GhostflameInferno","floor":19},{"not_picked":["hexamod:PhantomCloak","hexamod:GhostLash"],"picked":"hexamod:FastForward+1","floor":20},{"not_picked":["hexamod:InspiringFlames+1","hexamod:RainOfEmbers"],"picked":"hexamod:GhostflameBarrier+1","floor":20},{"not_picked":["hexamod:FifthSeal","hexamod:SecondSeal"],"picked":"hexamod:FourthSeal","floor":21},{"not_picked":["hexamod:GhostLash","hexamod:FirstSeal"],"picked":"hexamod:ThermalTransfer+1","floor":21},{"not_picked":["hexamod:ThermalTransfer","hexamod:FastForward","hexamod:PhantomFireball"],"picked":"SKIP","floor":22},{"not_picked":["hexamod:CatchUp","hexamod:ThirdSeal"],"picked":"hexamod:ShieldOfDarkness","floor":26},{"not_picked":["hexamod:Incineration","hexamod:RainOfEmbers"],"picked":"hexamod:VolcanoVisage","floor":27},{"not_picked":["hexamod:RetreatToShadows+1","hexamod:ParanormalForm"],"picked":"hexamod:NecessarySacrifice","floor":29},{"not_picked":["hexamod:SecondSeal","hexamod:FifthSeal","hexamod:ThirdSeal"],"picked":"SKIP","floor":29},{"not_picked":["hexamod:BacktrackSmack","hexamod:GhostLash","hexamod:FastForward+1"],"picked":"SKIP","floor":32}],"player_experience":412315,"relics_obtained":[{"floor":2,"key":"Old Coin"},{"floor":5,"key":"Smiling Mask"},{"floor":8,"key":"Orichalcum"},{"floor":9,"key":"InkBottle"},{"floor":21,"key":"Pocketwatch"},{"floor":24,"key":"Pantograph"},{"floor":27,"key":"Juzu Bracelet"}],"event_choices":[],"is_beta":false,"boss_relics":[{"not_picked":["Black Star","SacredBark"],"picked":"SlaversCollar"}],"items_purged_floors":[14,19],"is_endless":false,"potions_floor_spawned":[5,8,15,20,26,29,32],"killed_by":"downfall:Watcher","ascension_level":0}}