{"host":"yg5zlh94n4pwyfib","time":1608098514,"event":{"mods":["BaseMod","Minty Spire (QoL Compilation)","StSLib","The Administrix","noobMod"],"gold_per_floor":[120,295,295,52,65,93,368,386,386,406,421,421,432,449,449,544,544,564,580,592,611,526,539,555,555,555,555,587,130,145,145,145,242,242,259,259,259],"floor_reached":36,"playtime":2196,"items_purged":["Regret"],"score":490,"play_id":"2e1a8b49-8df1-4711-9323-5a4eb152b99d","local_time":"20201216140154","is_ascension_mode":false,"campfire_choices":[{"floor":12.0,"key":"REST"},{"floor":15.0,"key":"REST"},{"floor":25.0,"key":"REST"},{"data":"AdministrixMod:Strike_Administrix","floor":27.0,"key":"SMITH"},{"data":"AdministrixMod:CrackingPangu","floor":32.0,"key":"SMITH"}],"circlet_count":0,"master_deck":["AdministrixMod:Strike_Administrix+1","AdministrixMod:Strike_Administrix+1","AdministrixMod:Strike_Administrix+1","AdministrixMod:Strike_Administrix+1","AdministrixMod:RedCloak","AdministrixMod:Defend_Administrix+1","AdministrixMod:Defend_Administrix+1","AdministrixMod:Defend_Administrix+1","AdministrixMod:Defend_Administrix+1","AdministrixMod:BlueCloak","AdministrixMod:Transition","Doubt","AdministrixMod:ExtolVirtue","Secret Weapon","AdministrixMod:CrackingPangu+1","AdministrixMod:BishamonBlessing","AdministrixMod:Katabasis","AdministrixMod:UnstableVigor","AdministrixMod:CenturiesAscent","AdministrixMod:RebukeDesires","AdministrixMod:Transition","AdministrixMod:DeathByGlamour+1","CurseOfTheBell","AdministrixMod:ShadowPlay","AdministrixMod:BegetEternity+1","AdministrixMod:FiendishCrimson+1","AdministrixMod:HiddenPower+1","AdministrixMod:CrackingPangu+1","AdministrixMod:QuietConspiracy","AdministrixMod:JustRewards","AdministrixMod:FearOfDeath+1","AdministrixMod:RisingSunPrince","AdministrixMod:StarSwordSoul+1"],"relics":["AdministrixMod:ConductorRitualBaton","ice","Potion Belt","Frozen Egg 2","Calling Bell","Omamori","Matryoshka","Gambling Chip","Smiling Mask","Bag of Marbles","HornCleat","Gremlin Horn","StrikeDummy","AdministrixMod:ElixirOfImmorality"],"acts_visited":[],"potions_floor_usage":[],"damage_taken":[{"damage":0.0,"enemies":"Small Slimes","floor":1.0,"turns":4.0},{"damage":3.0,"enemies":"Jaw Worm","floor":5.0,"turns":5.0},{"damage":41.0,"enemies":"Lagavulin","floor":6.0,"turns":8.0},{"damage":0.0,"enemies":"2 Louse","floor":8.0,"turns":2.0},{"damage":26.0,"enemies":"Gremlin Gang","floor":10.0,"turns":5.0},{"damage":11.0,"enemies":"Red Slaver","floor":11.0,"turns":3.0},{"damage":0.0,"enemies":"2 Fungi Beasts","floor":13.0,"turns":2.0},{"damage":3.0,"enemies":"Lots of Slimes","floor":14.0,"turns":3.0},{"damage":12.0,"enemies":"Slime Boss","floor":16.0,"turns":8.0},{"damage":36.0,"enemies":"3 Byrds","floor":18.0,"turns":7.0},{"damage":29.0,"enemies":"Spheric Guardian","floor":19.0,"turns":4.0},{"damage":16.0,"enemies":"Centurion and Healer","floor":20.0,"turns":6.0},{"damage":10.0,"enemies":"Chosen and Byrds","floor":21.0,"turns":4.0},{"damage":6.0,"enemies":"3 Cultists","floor":23.0,"turns":3.0},{"damage":6.0,"enemies":"Centurion and Healer","floor":24.0,"turns":3.0},{"damage":12.0,"enemies":"Book of Stabbing","floor":28.0,"turns":3.0},{"damage":15.0,"enemies":"Snake Plant","floor":30.0,"turns":2.0},{"damage":0.0,"enemies":"Automaton","floor":33.0,"turns":4.0},{"damage":4.0,"enemies":"3 Darklings","floor":35.0,"turns":1.0},{"damage":0,"enemies":"3 Shapes","floor":36,"turns":1}],"seed_played":"-4368059587434041575","potions_obtained":[{"floor":1.0,"key":"Weak Potion"},{"floor":8.0,"key":"BlessingOfTheForge"},{"floor":14.0,"key":"LiquidMemories"},{"floor":20.0,"key":"Fire Potion"},{"floor":21.0,"key":"Dexterity Potion"},{"floor":24.0,"key":"SpeedPotion"},{"floor":33.0,"key":"Block Potion"},{"floor":35,"key":"DuplicationPotion"}],"is_trial":false,"path_per_floor":["M","?","?","$","M","E","?","M","T","M","M","R","M","M","R","B",null,"M","M","M","M","?","M","M","R","T","R","E","$","M","?","R","B",null,"M","M"],"character_chosen":"TheAdministrix","items_purchased":["AdministrixMod:ExtolVirtue","Secret Weapon","StrikeDummy","AdministrixMod:FearOfDeath+1"],"campfire_rested":3,"item_purchase_floors":[4,4,29,29],"current_hp_per_floor":[71,71,76,76,73,32,32,32,32,6,67,77,77,74,79,67,82,46,17,1,120,120,121,122,133,133,133,128,128,120,120,120,127,145,141,141,141],"gold":259,"neow_bonus":"TEN_PERCENT_HP_BONUS","is_daily":false,"chose_seed":false,"campfire_upgraded":2,"win_rate":0.0,"timestamp":1608098514,"path_taken":["M","?","?","$","M","E","?","M","T","M","?","R","M","M","R","BOSS","M","M","M","M","?","M","M","R","T","R","E","$","M","?","R","BOSS","M","M"],"items_purchased_type":["Card","Card","Relic","Card"],"build_version":"2020-12-13","purchased_purges":1,"victory":false,"max_hp_per_floor":[71,71,76,76,76,76,76,76,76,76,77,77,77,79,79,82,82,114,117,120,131,131,132,133,133,133,133,138,138,141,141,141,145,145,145,145,145],"card_choices":[{"not_picked":["AdministrixMod:HarmonicReverence","AdministrixMod:LightOfYourLife"],"picked":"AdministrixMod:Transition","floor":1.0},{"not_picked":["AdministrixMod:CenturiesAscent","AdministrixMod:Convergence"],"picked":"AdministrixMod:CrackingPangu","floor":5.0},{"not_picked":["AdministrixMod:ImmortalGrace","AdministrixMod:ImmortalClarity"],"picked":"AdministrixMod:BishamonBlessing","floor":6.0},{"not_picked":["AdministrixMod:QuietConspiracy","AdministrixMod:FeastOfDew"],"picked":"AdministrixMod:Katabasis","floor":8.0},{"not_picked":["AdministrixMod:HiddenPower+1","AdministrixMod:Wuji+1"],"picked":"AdministrixMod:UnstableVigor","floor":10.0},{"not_picked":["AdministrixMod:Transition","AdministrixMod:Convergence+1"],"picked":"AdministrixMod:CenturiesAscent","floor":11.0},{"not_picked":["AdministrixMod:GuanyinBlessing","AdministrixMod:RegentEdict"],"picked":"AdministrixMod:RebukeDesires","floor":13.0},{"not_picked":["AdministrixMod:XianArts+1","AdministrixMod:TouchOfCinnabar"],"picked":"AdministrixMod:Transition","floor":14.0},{"not_picked":["AdministrixMod:FearOfDeath+1","AdministrixMod:AmassedMasks"],"picked":"AdministrixMod:DeathByGlamour+1","floor":16.0},{"not_picked":["AdministrixMod:NewWardrobe+1","AdministrixMod:CenturiesAscent+1"],"picked":"AdministrixMod:ShadowPlay","floor":18.0},{"not_picked":["AdministrixMod:CrackingPangu","AdministrixMod:TouchOfCinnabar"],"picked":"AdministrixMod:BegetEternity+1","floor":19.0},{"not_picked":["AdministrixMod:PlateOfAntiquity+1","AdministrixMod:ExtolVirtue+1"],"picked":"AdministrixMod:FiendishCrimson+1","floor":20.0},{"not_picked":["AdministrixMod:RisingSunPrince","AdministrixMod:HarmonicReverence+1"],"picked":"AdministrixMod:HiddenPower+1","floor":21.0},{"not_picked":["AdministrixMod:RegentEdict","AdministrixMod:GuanyinBlessing"],"picked":"AdministrixMod:CrackingPangu+1","floor":23.0},{"not_picked":["AdministrixMod:FuneraryRites","AdministrixMod:WickedPunishment"],"picked":"AdministrixMod:QuietConspiracy","floor":24.0},{"not_picked":["AdministrixMod:BattleforgedBonds","AdministrixMod:Katabasis"],"picked":"AdministrixMod:JustRewards","floor":28.0},{"not_picked":["AdministrixMod:ExtolVirtue","AdministrixMod:PlateOfAntiquity+1"],"picked":"AdministrixMod:RisingSunPrince","floor":30.0},{"not_picked":["AdministrixMod:Schism","AdministrixMod:Mastermind"],"picked":"AdministrixMod:StarSwordSoul+1","floor":33.0},{"not_picked":["AdministrixMod:FuneraryRites","AdministrixMod:CenturiesAscent","AdministrixMod:ShadowPlay+1"],"picked":"SKIP","floor":35}],"player_experience":3180,"relics_obtained":[{"floor":6.0,"key":"Potion Belt"},{"floor":9.0,"key":"Frozen Egg 2"},{"floor":17.0,"key":"Omamori"},{"floor":17.0,"key":"Matryoshka"},{"floor":17.0,"key":"Gambling Chip"},{"floor":26.0,"key":"Bag of Marbles"},{"floor":26.0,"key":"HornCleat"},{"floor":28.0,"key":"Gremlin Horn"}],"event_choices":[{"damage_healed":0.0,"max_hp_gain":0.0,"max_hp_loss":0.0,"gold_gain":175.0,"event_name":"Liars Game","player_choice":"AGREE","floor":2.0,"gold_loss":0.0,"damage_taken":0.0,"cards_obtained":["Doubt"]},{"damage_healed":0.0,"max_hp_gain":5.0,"max_hp_loss":0.0,"gold_gain":0.0,"event_name":"Big Fish","player_choice":"Donut","floor":3.0,"gold_loss":0.0,"damage_taken":0.0},{"damage_healed":0.0,"max_hp_gain":0.0,"max_hp_loss":0.0,"gold_gain":275.0,"event_name":"Golden Shrine","player_choice":"Desecrate","floor":7.0,"gold_loss":0.0,"damage_taken":0.0,"cards_obtained":["Regret"]},{"damage_healed":0.0,"max_hp_gain":0.0,"max_hp_loss":0.0,"gold_gain":0.0,"event_name":"Addict","player_choice":"Obtained Relic","floor":22.0,"gold_loss":85.0,"damage_taken":0.0,"relics_obtained":["Smiling Mask"]},{"damage_healed":0.0,"max_hp_gain":0.0,"max_hp_loss":0.0,"gold_gain":0.0,"event_name":"Back to Basics","player_choice":"Simplicity","floor":31.0,"gold_loss":0.0,"damage_taken":0.0,"cards_upgraded":["AdministrixMod:Strike_Administrix","AdministrixMod:Strike_Administrix","AdministrixMod:Strike_Administrix","AdministrixMod:Defend_Administrix","AdministrixMod:Defend_Administrix","AdministrixMod:Defend_Administrix","AdministrixMod:Defend_Administrix"]}],"is_beta":false,"boss_relics":[{"not_picked":["Tiny House","Fusion Hammer"],"picked":"Calling Bell"},{"not_picked":["Pandora\u0027s Box","SacredBark"],"picked":"AdministrixMod:ElixirOfImmorality"}],"items_purged_floors":[29],"is_endless":false,"potions_floor_spawned":[1,8,14,20,21,24,33,35],"killed_by":"3 Shapes","ascension_level":0}}