{"host":"igi9xpgoc000gxf5","time":1608161957,"event":{"mods":["BaseMod","Colored Powertips","Downfall","Minty Spire (QoL Compilation)","StSLib"],"gold_per_floor":[99,112,137,137,237,0,25,92,92,124,174,245,264,276,293,395,395,395,445,495,8,27,77,77,90,15,0,11,79,121,22,22,22],"floor_reached":32,"playtime":2301,"items_purged":[],"score":298,"play_id":"9b19d247-5ecc-4972-b927-a7501ae13dbe","local_time":"20201217003917","is_ascension_mode":false,"campfire_choices":[{"data":"hexamod:Float","floor":1,"key":"SMITH"},{"floor":4,"key":"REST"},{"floor":9,"key":"REST"},{"data":"hexamod:HexaLevel","floor":18,"key":"SMITH"},{"floor":26,"key":"RECALL"}],"circlet_count":0,"master_deck":["hexamod:Strike","hexamod:Strike","hexamod:Strike","hexamod:Strike","hexamod:Defend","hexamod:Defend","hexamod:Defend","hexamod:Sear","hexamod:Float+1","hexamod:NightmareGuise","hexamod:ExtraCrispy","hexamod:HauntingEcho","hexamod:SpectersWail","hexamod:SpectersWail","hexamod:HeatCrush+1","hexamod:ShieldOfDarkness","hexamod:NecessarySacrifice","hexamod:Firestarter","hexamod:Firestarter","hexamod:PowerFromBeyond","hexamod:Firestarter","hexamod:HexaLevel+1","CurseOfTheBell","hexamod:FastForward+1","hexamod:GhostOfSpireFuture","hexamod:SearingWound","hexamod:FlamesFromBeyond+1","hexamod:InspiringFlames","hexamod:FirstSeal","hexamod:HeatShield","hexamod:Firestarter+1","hexamod:SecondSeal","hexamod:PowerFromBeyond","expansioncontent:DonusPower"],"relics":["hexamod:SpiritBrand","Lantern","downfall:CloakOfManyFaces","CultistMask","FaceOfCleric","NlothsMask","GremlinMask","SsserpentHead","ClockworkSouvenir","Eternal Feather","Odd Mushroom","Calling Bell","Pantograph","Ginger","downfall:RedIOU","Du-Vu Doll","downfall:HeartBlessingBlue"],"acts_visited":["Exordium","TheCity"],"potions_floor_usage":[16,16,25,31],"damage_taken":[{"damage":5,"enemies":"Small Slimes","floor":2,"turns":5},{"damage":23,"enemies":"Lagavulin","floor":3,"turns":8},{"damage":11,"enemies":"downfall:FaceTrader","floor":5,"turns":8},{"damage":0,"enemies":"downfall:FleeingMerchant","floor":6,"turns":4},{"damage":0,"enemies":"Cultist","floor":8,"turns":3},{"damage":24,"enemies":"Gremlin Nob","floor":10,"turns":5},{"damage":8,"enemies":"The Mushroom Lair","floor":12,"turns":4},{"damage":2,"enemies":"2 Louse","floor":13,"turns":2},{"damage":0,"enemies":"2 Fungi Beasts","floor":14,"turns":3},{"damage":0,"enemies":"Red Slaver","floor":15,"turns":3},{"damage":22,"enemies":"downfall:Ironclad","floor":16,"turns":7},{"damage":0,"enemies":"downfall:FleeingMerchant","floor":21,"turns":4},{"damage":15,"enemies":"Shell Parasite","floor":22,"turns":7},{"damage":16,"enemies":"3 Byrds","floor":25,"turns":5},{"damage":14,"enemies":"downfall:FleeingMerchant","floor":27,"turns":4},{"damage":12,"enemies":"Centurion and Healer","floor":28,"turns":6},{"damage":24,"enemies":"3 Cultists","floor":29,"turns":6},{"damage":9,"enemies":"downfall:FleeingMerchant","floor":31,"turns":4},{"damage":42,"enemies":"Sentry and Sphere","floor":32,"turns":5}],"seed_played":"8392255633803744308","potions_obtained":[{"floor":2,"key":"CultistPotion"},{"floor":10,"key":"Swift Potion"},{"floor":12,"key":"Fire Potion"},{"floor":25,"key":"hexamod:EctoCoolerPotion"},{"floor":28,"key":"DuplicationPotion"}],"is_trial":false,"path_per_floor":["R","M","E","R","?","$","T","M","R","E","?","?","M","M","M","B",null,"R","?","?","$","M","?","T","M","R","$","M","M","?","$","M"],"character_chosen":"THE_SPIRIT","items_purchased":["hexamod:HeatCrush","ClockworkSouvenir","hexamod:GhostOfSpireFuture","hexamod:SearingWound","Du-Vu Doll","expansioncontent:DonusPower"],"campfire_rested":2,"item_purchase_floors":[6,6,21,21,21,31],"current_hp_per_floor":[70,65,42,63,52,53,53,54,72,49,49,42,41,42,43,22,78,78,78,78,79,65,65,65,50,75,62,58,42,42,41,0,0],"gold":22,"neow_bonus":"THREE_CARDS","is_daily":false,"chose_seed":false,"campfire_upgraded":2,"win_rate":0.0,"timestamp":1608161957,"path_taken":["R","M","E","R","?","$","T","?","R","E","?","?","M","M","M","BOSS","R","?","?","$","M","?","T","M","R","$","M","?","?","$","M"],"items_purchased_type":["Card","Relic","Card","Card","Relic","Card"],"build_version":"2020-12-13","purchased_purges":0,"victory":false,"max_hp_per_floor":[70,70,70,70,70,71,71,72,72,73,73,74,75,76,77,78,78,78,78,78,79,80,80,80,81,91,92,93,94,94,95,95,95],"card_choices":[{"not_picked":["hexamod:PhantomCloak","hexamod:GhostShield"],"picked":"hexamod:NightmareGuise","floor":0},{"not_picked":["hexamod:BacktrackSmack","hexamod:CatchUp"],"picked":"hexamod:ExtraCrispy","floor":2},{"not_picked":["hexamod:GhostShield","hexamod:NecessarySacrifice"],"picked":"hexamod:HauntingEcho","floor":3},{"not_picked":["hexamod:EmpoweredFlame","hexamod:EtherealExpedition"],"picked":"hexamod:SpectersWail","floor":5},{"not_picked":["hexamod:ShieldOfDarkness","hexamod:RainOfEmbers"],"picked":"hexamod:SpectersWail","floor":6},{"not_picked":["hexamod:Haunt","hexamod:ThermalTransfer"],"picked":"hexamod:ShieldOfDarkness","floor":8},{"not_picked":["hexamod:ShieldOfDarkness","hexamod:Haunt"],"picked":"hexamod:NecessarySacrifice","floor":10},{"not_picked":["hexamod:TimeOfNeed","hexamod:HauntingEcho"],"picked":"hexamod:Firestarter","floor":12},{"not_picked":["hexamod:SpectersWail","hexamod:StepThrough"],"picked":"hexamod:Firestarter","floor":13},{"not_picked":["hexamod:SpectralAdrenaline","hexamod:Again"],"picked":"hexamod:PowerFromBeyond","floor":14},{"not_picked":["hexamod:PowerFromBeyond","hexamod:RetreatToShadows"],"picked":"hexamod:Firestarter","floor":15},{"not_picked":["hexamod:GiftsFromTheDead","hexamod:SixthSeal"],"picked":"hexamod:HexaLevel","floor":16},{"not_picked":["hexamod:Haunt","hexamod:RainOfEmbers+1"],"picked":"hexamod:FastForward+1","floor":21},{"not_picked":["hexamod:SkipABeat","hexamod:InspiringFlames"],"picked":"hexamod:FlamesFromBeyond+1","floor":22},{"not_picked":["hexamod:FlamesFromBeyond","hexamod:FastForward"],"picked":"hexamod:InspiringFlames","floor":25},{"not_picked":["hexamod:SwordOfDarkness","hexamod:Incineration"],"picked":"hexamod:FirstSeal","floor":27},{"not_picked":["hexamod:SwordOfDarkness","hexamod:BurningTouch"],"picked":"hexamod:HeatShield","floor":28},{"not_picked":["hexamod:Haunt","hexamod:BacktrackSmack"],"picked":"hexamod:Firestarter+1","floor":29},{"not_picked":["hexamod:ThermalTransfer","hexamod:ParanormalForm"],"picked":"hexamod:PowerFromBeyond","floor":31}],"player_experience":876805,"relics_obtained":[{"floor":3,"key":"Lantern"},{"floor":5,"key":"downfall:CloakOfManyFaces"},{"floor":10,"key":"Eternal Feather"},{"floor":12,"key":"Odd Mushroom"},{"floor":17,"key":"Smiling Mask"},{"floor":17,"key":"Pantograph"},{"floor":17,"key":"Ginger"}],"event_choices":[{"damage_healed":0,"gold_gain":0,"player_choice":"Grow","damage_taken":0,"max_hp_gain":0,"max_hp_loss":0,"event_name":"Living Wall","floor":11,"gold_loss":0,"cards_upgraded":["hexamod:HeatCrush"]},{"damage_healed":0,"gold_gain":0,"player_choice":"Fought Mushrooms","damage_taken":0,"max_hp_gain":0,"max_hp_loss":0,"event_name":"Mushrooms","floor":12,"gold_loss":0},{"cards_removed":["hexamod:Defend"],"damage_healed":0,"gold_gain":0,"player_choice":"Offered Basic","damage_taken":0,"max_hp_gain":0,"max_hp_loss":0,"event_name":"Bonfire Elementals","floor":23,"gold_loss":0}],"is_beta":false,"boss_relics":[{"not_picked":["Philosopher\u0027s Stone","Fusion Hammer"],"picked":"Calling Bell"}],"items_purged_floors":[],"is_endless":false,"potions_floor_spawned":[2,10,12,25,28],"killed_by":"Sentry and Sphere","ascension_level":0}}