{"host":"newqdrzxfhh2im9e","time":1608154741,"event":{"mods":["AchievementEnabler","BaseMod","BetterRewards","Block Reminder","Colored Map","Jorbs\u0027s Wanderer Trilogy","Minty Spire (QoL Compilation)","Rare Cards Sparkle","Shop Mod","StSLib"],"gold_per_floor":[109,128,31,31,31,59,59,78,78,78,78],"floor_reached":10,"playtime":354,"items_purged":[],"score":83,"play_id":"d5959305-77c8-46e3-8ac7-e2eac0d0ad0f","local_time":"20201216133901","is_ascension_mode":true,"campfire_choices":[{"floor":7,"key":"REST"}],"circlet_count":0,"master_deck":["Strike_G","Strike_G","Strike_G","Strike_G","Strike_G","Defend_G","Defend_G","Defend_G","Defend_G","Defend_G","Survivor","Neutralize","Tools of the Trade","Backstab","Accuracy","Panacea","Eviscerate","Masterful Stab"],"relics":["Ring of the Snake","Kunai","Darkstone Periapt"],"acts_visited":["Exordium"],"potions_floor_usage":[],"damage_taken":[{"damage":0.0,"enemies":"Jaw Worm","floor":1.0,"turns":5.0},{"damage":0.0,"enemies":"Small Slimes","floor":2.0,"turns":3.0},{"damage":49,"enemies":"3 Sentries","floor":6,"turns":16},{"damage":0,"enemies":"2 Louse","floor":8,"turns":1},{"damage":48,"enemies":"Lagavulin","floor":10,"turns":5}],"seed_played":"-4447302293961294768","potions_obtained":[],"is_trial":false,"path_per_floor":["M","M","$","?","$","E","R","M","T","E"],"character_chosen":"THE_SILENT","items_purchased":["Panacea"],"campfire_rested":1,"item_purchase_floors":[3],"current_hp_per_floor":[70,70,70,75,75,26,48,48,48,0,0],"gold":78,"neow_bonus":"ONE_RANDOM_RARE_CARD","is_daily":false,"chose_seed":false,"campfire_upgraded":0,"win_rate":0.0,"timestamp":1608154741,"path_taken":["M","M","$","?","$","E","R","M","T","E"],"items_purchased_type":["Card"],"build_version":"2020-12-13","purchased_purges":0,"victory":false,"max_hp_per_floor":[70,70,70,75,75,75,75,75,75,75,75],"card_choices":[{"not_picked":["Dagger Spray","Bane"],"picked":"Backstab","floor":1.0},{"not_picked":["Quick Slash","PiercingWail"],"picked":"Accuracy","floor":2.0},{"not_picked":["Quick Slash","Deflect"],"picked":"Eviscerate","floor":6},{"not_picked":["Footwork","Heel Hook"],"picked":"Masterful Stab","floor":8}],"player_experience":606573,"relics_obtained":[{"floor":6,"key":"Kunai"},{"floor":9,"key":"Darkstone Periapt"}],"event_choices":[{"damage_healed":0.0,"max_hp_gain":5.0,"max_hp_loss":0.0,"gold_gain":0.0,"event_name":"Big Fish","player_choice":"Donut","floor":4.0,"gold_loss":0.0,"damage_taken":0.0}],"is_beta":false,"boss_relics":[],"items_purged_floors":[],"is_endless":false,"potions_floor_spawned":[],"killed_by":"Lagavulin","ascension_level":5}}