{"host":"p245q48pmopyklqs","time":1608092820,"event":{"mods":["AchievementEnabler","BaseMod","Better Third Choice","DeckTracker","Minty Spire (QoL Compilation)","Relic Stats","StSLib","SuperFastMode"],"gold_per_floor":[111,125,125,125,200,200,214,51,51,51,51,85,85,99,99,177,177,190,140,153,153,168,168,183,209,233,233,233],"floor_reached":27,"playtime":547,"items_purged":["Strike_R"],"score":462,"play_id":"36391dba-6580-4ee3-9e5a-5c352c4c8fb5","local_time":"20201216132700","is_ascension_mode":true,"campfire_choices":[{"floor":6.0,"key":"REST"},{"floor":11.0,"key":"REST"},{"floor":15,"key":"RECALL"},{"floor":23,"key":"REST"}],"circlet_count":0,"master_deck":["AscendersBane","Strike_R","Strike_R","Strike_R+1","Defend_R","Defend_R","Defend_R","Defend_R","Bash","Apotheosis+1","Shrug It Off","Fire Breathing","Uppercut","Entrench","Feed","Battle Trance","Bloodletting","Corruption","Flame Barrier","Body Slam","Shrug It Off"],"relics":["Burning Blood","Potion Belt","Ornamental Fan","Fusion Hammer","Eternal Feather"],"acts_visited":["Exordium","TheCity"],"potions_floor_usage":[12,18,24,25],"damage_taken":[{"damage":4.0,"enemies":"Jaw Worm","floor":1.0,"turns":5.0},{"damage":7.0,"enemies":"Small Slimes","floor":2.0,"turns":4.0},{"damage":6.0,"enemies":"Cultist","floor":7.0,"turns":4.0},{"damage":28,"enemies":"Gremlin Nob","floor":12,"turns":4},{"damage":3,"enemies":"Looter","floor":14,"turns":4},{"damage":30,"enemies":"Slime Boss","floor":16,"turns":7},{"damage":5,"enemies":"Shell Parasite","floor":18,"turns":8},{"damage":27,"enemies":"Chosen","floor":20,"turns":5},{"damage":35,"enemies":"Sentry and Sphere","floor":22,"turns":6},{"damage":25,"enemies":"Shelled Parasite and Fungi","floor":24,"turns":4},{"damage":19,"enemies":"Gremlin Leader","floor":25,"turns":6},{"damage":20,"enemies":"3 Cultists","floor":27,"turns":3}],"seed_played":"-7169106545935848315","potions_obtained":[{"floor":2.0,"key":"DistilledChaos"},{"floor":14,"key":"SteroidPotion"},{"floor":16,"key":"DistilledChaos"},{"floor":20,"key":"Weak Potion"},{"floor":24,"key":"LiquidMemories"}],"is_trial":false,"path_per_floor":["M","M","?","?","?","R","M","$","T","$","R","E","?","M","R","B",null,"M","?","M","?","M","R","M","E","T","M"],"character_chosen":"IRONCLAD","items_purchased":["Fire Breathing"],"campfire_rested":3,"item_purchase_floors":[8],"current_hp_per_floor":[52,51,44,21,10,32,32,32,32,32,54,32,37,40,40,16,64,69,69,48,48,19,44,29,20,20,0,0],"gold":233,"neow_bonus":"RANDOM_COLORLESS_2","is_daily":false,"chose_seed":false,"campfire_upgraded":0,"win_rate":0.0,"timestamp":1608092820,"path_taken":["M","M","?","?","?","R","M","$","T","$","R","E","?","M","R","BOSS","M","?","?","?","M","R","M","E","T","M"],"items_purchased_type":["Card"],"build_version":"2020-12-13","purchased_purges":1,"victory":false,"max_hp_per_floor":[75,75,75,75,75,75,75,75,75,75,75,75,80,80,80,80,80,84,84,84,84,84,84,88,92,92,92,92],"relic_stats":{"counters":[12,60],"Ornamental Fan":[28],"Eternal Feather":0,"obtain_stats":[{"Potion Belt":9,"Ornamental Fan":12,"Eternal Feather":25,"Fusion Hammer":17,"Burning Blood":0},{"Potion Belt":3,"Ornamental Fan":4,"Eternal Feather":11,"Fusion Hammer":6,"Burning Blood":0},{"Potion Belt":13,"Ornamental Fan":17,"Eternal Feather":57,"Fusion Hammer":28,"Burning Blood":0}],"Burning Blood":66},"card_choices":[{"not_picked":["Sadistic Nature","Secret Technique"],"picked":"Apotheosis","floor":0.0},{"not_picked":["Havoc","Thunderclap","Blood for Blood"],"picked":"SKIP","floor":1.0},{"not_picked":["Rage","True Grit","Sword Boomerang"],"picked":"SKIP","floor":2.0},{"not_picked":["Wild Strike","Cleave"],"picked":"Shrug It Off","floor":7.0},{"not_picked":["Shrug It Off","Havoc"],"picked":"Uppercut","floor":12},{"not_picked":["Corruption","Heavy Blade"],"picked":"Entrench","floor":14},{"not_picked":["Berserk","Demon Form"],"picked":"Feed","floor":16},{"not_picked":["Perfected Strike","Shrug It Off"],"picked":"Battle Trance","floor":18},{"not_picked":["Cleave","Warcry+1"],"picked":"Bloodletting","floor":20},{"not_picked":["Pommel Strike+1","Heavy Blade","Demon Form"],"picked":"SKIP","floor":22},{"not_picked":["Heavy Blade","Wild Strike"],"picked":"Body Slam","floor":24},{"not_picked":["Rampage","Fire Breathing"],"picked":"Shrug It Off","floor":25}],"player_experience":2279483,"relics_obtained":[{"floor":9.0,"key":"Potion Belt"},{"floor":12,"key":"Ornamental Fan"},{"floor":25,"key":"Eternal Feather"}],"event_choices":[{"cards_removed":["Strike_R"],"damage_healed":0.0,"max_hp_gain":0.0,"max_hp_loss":0.0,"gold_gain":0.0,"event_name":"Golden Wing","player_choice":"Card Removal","floor":3.0,"gold_loss":0.0,"damage_taken":7.0},{"damage_healed":44.0,"max_hp_gain":0.0,"max_hp_loss":75.0,"gold_gain":0.0,"event_name":"betterThird:BetterShining","player_choice":"Upgrade","floor":4.0,"gold_loss":0.0,"damage_taken":23.0,"cards_upgraded":["Apotheosis","Strike_R"]},{"damage_healed":0.0,"max_hp_gain":0.0,"max_hp_loss":0.0,"gold_gain":75.0,"event_name":"betterThird:BetterGoop","player_choice":"Gold","floor":5.0,"gold_loss":0.0,"damage_taken":11.0},{"damage_healed":0,"gold_gain":0,"player_choice":"Donut","damage_taken":0,"max_hp_gain":5,"max_hp_loss":0,"event_name":"Big Fish","floor":13,"gold_loss":0},{"damage_healed":0,"gold_gain":0,"player_choice":"Bet on Murderer","damage_taken":0,"max_hp_gain":0,"max_hp_loss":0,"event_name":"The Joust","floor":19,"gold_loss":50},{"damage_healed":0,"gold_gain":0,"player_choice":"2 cards matched","damage_taken":0,"max_hp_gain":0,"max_hp_loss":0,"event_name":"Match and Keep!","floor":21,"gold_loss":0,"cards_obtained":["Corruption","Flame Barrier"]}],"is_beta":false,"boss_relics":[{"not_picked":["Runic Pyramid","Velvet Choker"],"picked":"Fusion Hammer"}],"items_purged_floors":[8],"is_endless":false,"potions_floor_spawned":[2,14,16,20,24],"killed_by":"3 Cultists","ascension_level":20}}