{"host":"6xsbn6ynqlzwllfm","time":1608150466,"event":{"mods":["2.2 Compatiblity","BaseMod","Bestiary","Colored Map","Colored Powertips","Curses Come First","Downfall","Highlight Path","Keyboard Shortcuts","Minty Spire (QoL Compilation)","Quick Restart","Relic Stats","Slay the Relics Exporter","StSLib","SuperFastMode"],"gold_per_floor":[118,134,134,146,246,246,274,274,274,294,312,357,282,308,308,411,411,428,428,428,428,161,161,188,188,214,227,238,113,113,133,133,234,234,245,7,20,39,39,39,66,0,0,0,0,30,46,72,72,72],"floor_reached":51,"playtime":2512,"items_purged":["hexamod:Strike","Writhe","hexamod:Strike"],"score":875,"play_id":"903d16b0-c3bb-4883-82f5-6ae3dfffdcfa","local_time":"20201216152746","is_ascension_mode":true,"campfire_choices":[{"data":"hexamod:Float","floor":6.0,"key":"SMITH"},{"data":"hexamod:EmpoweringStance","floor":8.0,"key":"SMITH"},{"data":"hexamod:BurningTouch","floor":15.0,"key":"SMITH"},{"data":"hexamod:Rewind","floor":23.0,"key":"SMITH"},{"data":"hexamod:RainOfEmbers","floor":25.0,"key":"SMITH"},{"floor":30.0,"key":"RECALL"},{"data":"hexamod:GhostOfSpirePast","floor":32.0,"key":"SMITH"},{"data":"hexamod:Again","floor":40,"key":"SMITH"},{"floor":44,"key":"REST"},{"floor":49,"key":"REST"}],"circlet_count":0,"master_deck":["hexamod:Strike","hexamod:Defend","hexamod:Defend","hexamod:Defend","hexamod:Sear","hexamod:Float+1","hexamod:BurningTouch+1","hexamod:GhostOfSpirePast+1","hexamod:BacktrackSmack","hexamod:EmpoweringStance+1","hexamod:AdvancingGuard+1","hexamod:FastForward","hexamod:Hexaguard","hexamod:HexaLevel+1","hexamod:SoulSteal+1","hexamod:CatchUp+1","hexamod:CatchUp+1","hexamod:Rewind+1","hexamod:InspiringFlames","hexamod:HeatMetal","hexamod:RainOfEmbers+1","hexamod:PowerFromBeyond","hexamod:ShieldOfDarkness+1","hexamod:Again+1","hexamod:VolcanoVisage+1","hexamod:HeatMetal+1","hexamod:SpectersWail+1","hexamod:GhostOfSpireFuture+1","hexamod:StepThrough","hexamod:ShieldOfDarkness+1","hexamod:Again"],"relics":["hexamod:SpiritBrand","MealTicket","Lizard Tail","Matryoshka","Art of War","Pocketwatch","Frozen Egg 2","Bag of Preparation","Bag of Marbles","SlaversCollar","Blood Vial","Enchiridion","War Paint","Anchor","Cursed Key","Mummified Hand","Mercury Hourglass","Red Mask","Calipers","hexamod:MatchstickCase"],"acts_visited":["Exordium","TheCity","TheBeyond"],"potions_floor_usage":[],"damage_taken":[{"damage":0.0,"enemies":"Cultist","floor":1.0,"turns":3.0},{"damage":3.0,"enemies":"Jaw Worm","floor":2.0,"turns":6.0},{"damage":0.0,"enemies":"Small Slimes","floor":4.0,"turns":3.0},{"damage":10.0,"enemies":"Gremlin Nob","floor":7.0,"turns":3.0},{"damage":0.0,"enemies":"Exordium Wildlife","floor":10.0,"turns":3.0},{"damage":0.0,"enemies":"3 Louse","floor":11.0,"turns":4.0},{"damage":0.0,"enemies":"3 Sentries","floor":14.0,"turns":6.0},{"damage":27.0,"enemies":"Hexaghost","floor":16.0,"turns":9.0},{"damage":0.0,"enemies":"Chosen","floor":18.0,"turns":4.0},{"damage":22.0,"enemies":"Slavers","floor":24.0,"turns":4.0},{"damage":3.0,"enemies":"3 Byrds","floor":27.0,"turns":4.0},{"damage":0.0,"enemies":"Centurion and Healer","floor":28.0,"turns":4.0},{"damage":0.0,"enemies":"Snake Plant","floor":31.0,"turns":3.0},{"damage":19,"enemies":"Automaton","floor":33,"turns":11},{"damage":20,"enemies":"3 Shapes","floor":35,"turns":4},{"damage":0,"enemies":"Orb Walker","floor":37,"turns":3},{"damage":16,"enemies":"3 Darklings","floor":38,"turns":4},{"damage":25,"enemies":"Nemesis","floor":41,"turns":5},{"damage":0,"enemies":"Giant Head","floor":46,"turns":6},{"damage":0,"enemies":"Sphere and 2 Shapes","floor":47,"turns":4},{"damage":12,"enemies":"Nemesis","floor":48,"turns":5},{"damage":4,"enemies":"Donu and Deca","floor":50,"turns":8}],"seed_played":"-3029173862627222512","potions_obtained":[{"floor":1.0,"key":"SteroidPotion"},{"floor":7.0,"key":"LiquidMemories"},{"floor":10.0,"key":"hexamod:DoubleChargePotion"}],"is_trial":false,"path_per_floor":["M","M","?","M","?","R","E","R","T","M","M","T","$","E","R","B",null,"M","?","?","?","$","R","E","R","T","M","M","$","R","M","R","B",null,"M","$","M","M","?","R","E","?","T","R","?","E","M","E","R","B",null],"character_chosen":"THE_SPIRIT","items_purchased":["hexamod:Rewind","hexamod:InspiringFlames","hexamod:HeatMetal","Mummified Hand"],"campfire_rested":2,"item_purchase_floors":[22,22,22,36],"current_hp_per_floor":[70,67,60,60,60,60,50,50,50,50,50,50,65,65,65,38,70,70,70,70,54,69,69,48,48,48,47,49,64,64,66,66,49,70,50,65,67,53,53,53,30,30,30,51,51,53,55,45,66,64],"gold":72,"neow_bonus":"RANDOM_COMMON_RELIC","is_daily":false,"chose_seed":false,"campfire_upgraded":7,"win_rate":0.0,"timestamp":1608150466,"path_taken":["M","M","?","M","?","R","E","R","T","M","?","?","$","E","R","BOSS","M","?","?","?","$","R","E","R","T","M","M","$","R","M","R","BOSS","M","$","M","M","?","R","E","?","T","R","?","E","?","E","R","BOSS"],"items_purchased_type":["Card","Card","Card","Relic"],"build_version":"2020-12-13","purchased_purges":3,"victory":true,"max_hp_per_floor":[70,70,70,70,70,70,70,70,70,70,70,70,70,70,70,70,70,70,70,70,70,70,70,70,70,70,70,70,70,70,70,70,70,70,70,70,70,70,70,70,70,70,70,70,70,70,70,70,70,70],"relic_stats":{"Blood Vial":23,"Lizard Tail":0,"counters":[22,106],"Mummified Hand":[40],"MealTicket":60,"Art of War":[18],"Bag of Preparation":[32],"War Paint":["hexamod:AdvancingGuard","hexamod:CatchUp"],"Cursed Key":0,"obtain_stats":[{"Calipers":46,"Enchiridion":21,"Bag of Preparation":12,"Frozen Egg 2":12,"War Paint":24,"Cursed Key":34,"Mercury Hourglass":41,"hexamod:MatchstickCase":48,"Blood Vial":20,"SlaversCollar":17,"Lizard Tail":3,"Anchor":26,"Matryoshka":7,"Mummified Hand":36,"MealTicket":0,"Art of War":9,"Bag of Marbles":14,"Red Mask":42,"hexamod:SpiritBrand":0,"Pocketwatch":9},{"Calipers":19,"Enchiridion":9,"Bag of Preparation":6,"Frozen Egg 2":6,"War Paint":10,"Cursed Key":14,"Mercury Hourglass":18,"hexamod:MatchstickCase":21,"Blood Vial":9,"SlaversCollar":8,"Lizard Tail":2,"Anchor":10,"Matryoshka":4,"Mummified Hand":15,"MealTicket":0,"Art of War":4,"Bag of Marbles":7,"Red Mask":18,"hexamod:SpiritBrand":0,"Pocketwatch":4},{"Calipers":89,"Enchiridion":41,"Bag of Preparation":22,"Frozen Egg 2":22,"War Paint":45,"Cursed Key":67,"Mercury Hourglass":83,"hexamod:MatchstickCase":98,"Blood Vial":41,"SlaversCollar":37,"Lizard Tail":9,"Anchor":45,"Matryoshka":15,"Mummified Hand":71,"MealTicket":0,"Art of War":15,"Bag of Marbles":28,"Red Mask":83,"hexamod:SpiritBrand":0,"Pocketwatch":15}],"Pocketwatch":[39],"Mercury Hourglass":[78]},"card_choices":[{"not_picked":["hexamod:GhostOfSpireFuture","hexamod:GhostflameBarrier"],"picked":"hexamod:BurningTouch","floor":1.0},{"not_picked":["hexamod:RecurringNightmare","hexamod:GhostShield"],"picked":"hexamod:GhostOfSpirePast","floor":2.0},{"not_picked":["hexamod:SpectralAdrenaline","hexamod:NightmareGuise"],"picked":"hexamod:BacktrackSmack","floor":4.0},{"not_picked":["hexamod:GhostOfSpirePresent","hexamod:Rewind"],"picked":"hexamod:EmpoweringStance","floor":7.0},{"not_picked":["hexamod:BacktrackSmack","hexamod:DynamicBlow"],"picked":"hexamod:AdvancingGuard","floor":10.0},{"not_picked":["hexamod:FirstSeal","hexamod:GhostShield"],"picked":"hexamod:FastForward","floor":11.0},{"not_picked":["hexamod:BurningTouch","hexamod:GhostLash"],"picked":"hexamod:Hexaguard","floor":14.0},{"not_picked":["hexamod:UnleashSpirits","hexamod:TurnItUp"],"picked":"hexamod:HexaLevel+1","floor":16.0},{"not_picked":["hexamod:RainOfEmbers","hexamod:Incineration"],"picked":"hexamod:SoulSteal+1","floor":18.0},{"not_picked":["hexamod:ThermalTransfer","hexamod:SpectersWail"],"picked":"hexamod:RainOfEmbers","floor":24.0},{"not_picked":["hexamod:RecurringNightmare","hexamod:Haunt"],"picked":"hexamod:PowerFromBeyond","floor":27.0},{"not_picked":["hexamod:Firestarter+1","hexamod:ChargedBarrage+1"],"picked":"hexamod:ShieldOfDarkness+1","floor":28.0},{"not_picked":["hexamod:GhostOfSpirePresent+1","hexamod:Hexaguard"],"picked":"hexamod:Again","floor":31.0},{"not_picked":["hexamod:GiftsFromTheDead+1","hexamod:EmpoweringStance+1"],"picked":"hexamod:VolcanoVisage+1","floor":33},{"not_picked":["hexamod:SpectersWail","hexamod:GhostflameBarrier"],"picked":"hexamod:HeatMetal+1","floor":35},{"not_picked":["hexamod:SwordOfDarkness+1","hexamod:GhostShield"],"picked":"hexamod:SpectersWail+1","floor":37},{"not_picked":["hexamod:EmpoweredFlame+1","hexamod:NightmareGuise"],"picked":"hexamod:GhostOfSpireFuture+1","floor":38},{"not_picked":["hexamod:HeatCrush+1","hexamod:TimeOfNeed","hexamod:GhostOfSpirePresent+1"],"picked":"SKIP","floor":41},{"not_picked":["hexamod:Firestarter+1","hexamod:SearingWound"],"picked":"hexamod:StepThrough","floor":46},{"not_picked":["hexamod:RecurringNightmare","hexamod:Firestarter"],"picked":"hexamod:ShieldOfDarkness+1","floor":47},{"not_picked":["hexamod:FlamesFromBeyond+1","hexamod:GhostLash"],"picked":"hexamod:Again","floor":48}],"player_experience":1231498,"relics_obtained":[{"floor":7.0,"key":"Matryoshka"},{"floor":9.0,"key":"Art of War"},{"floor":9.0,"key":"Pocketwatch"},{"floor":12.0,"key":"Frozen Egg 2"},{"floor":12.0,"key":"Bag of Preparation"},{"floor":14.0,"key":"Bag of Marbles"},{"floor":21.0,"key":"Enchiridion"},{"floor":24.0,"key":"War Paint"},{"floor":26.0,"key":"Anchor"},{"floor":41,"key":"Mercury Hourglass"},{"floor":46,"key":"Calipers"},{"floor":48,"key":"hexamod:MatchstickCase"}],"event_choices":[{"damage_healed":0.0,"max_hp_gain":0.0,"max_hp_loss":0.0,"gold_gain":0.0,"event_name":"Scrap Ooze","player_choice":"Success","floor":3.0,"gold_loss":0.0,"damage_taken":7.0,"relics_obtained":["Lizard Tail"]},{"damage_healed":0.0,"max_hp_gain":0.0,"max_hp_loss":0.0,"gold_gain":100.0,"event_name":"Golden Shrine","player_choice":"Pray","floor":5.0,"gold_loss":0.0,"damage_taken":0.0},{"damage_healed":0.0,"max_hp_gain":0.0,"max_hp_loss":0.0,"gold_gain":0.0,"cards_transformed":["hexamod:Defend","hexamod:Strike"],"event_name":"Drug Dealer","player_choice":"Became Test Subject","floor":19.0,"gold_loss":0.0,"damage_taken":0.0,"cards_obtained":["hexamod:CatchUp","hexamod:CatchUp"]},{"damage_healed":0.0,"max_hp_gain":0.0,"max_hp_loss":0.0,"gold_gain":0.0,"event_name":"The Mausoleum","player_choice":"Opened","floor":20.0,"gold_loss":0.0,"damage_taken":0.0,"relics_obtained":["Blood Vial"],"cards_obtained":["Writhe"]},{"damage_healed":0.0,"max_hp_gain":0.0,"max_hp_loss":0.0,"gold_gain":0.0,"event_name":"Cursed Tome","player_choice":"Obtained Book","floor":21.0,"gold_loss":0.0,"damage_taken":16.0},{"damage_healed":0,"gold_gain":0,"player_choice":"Paid","damage_taken":0,"relics_obtained":["Red Mask"],"max_hp_gain":0,"max_hp_loss":0,"event_name":"Tomb of Lord Red Mask","floor":42,"gold_loss":66},{"damage_healed":0,"gold_gain":0,"player_choice":"Upgraded","damage_taken":0,"max_hp_gain":0,"max_hp_loss":0,"event_name":"Upgrade Shrine","floor":45,"gold_loss":0,"cards_upgraded":["hexamod:CatchUp"]}],"is_beta":false,"boss_relics":[{"not_picked":["Empty Cage","Tiny House"],"picked":"SlaversCollar"},{"not_picked":["Philosopher\u0027s Stone","Black Star"],"picked":"Cursed Key"}],"items_purged_floors":[13,22,29],"is_endless":false,"potions_floor_spawned":[1,7,10,16,24,27,28,35,46,48],"ascension_level":1}}