{"host":"1c52r9kaxdyo25eq","time":1608096684,"event":{"mods":["AchievementEnabler","BaseMod","Minty Spire (QoL Compilation)","Rare Cards Sparkle","SuperFastMode","everything is the same but u backflip on backflip"],"gold_per_floor":[113,113,24,40,115,154,167,167,239,239,239,262,276,319,319,319,319],"floor_reached":16,"playtime":252,"items_purged":[],"score":270,"play_id":"baa77f18-f995-4ec0-8ce8-2a5072b93065","local_time":"20201216143124","is_ascension_mode":true,"campfire_choices":[{"floor":11,"key":"REST"},{"data":"Catalyst","floor":15,"key":"SMITH"}],"circlet_count":0,"master_deck":["AscendersBane","Strike_G+1","Strike_G+1","Strike_G","Strike_G","Strike_G","Defend_G","Defend_G","Defend_G","Defend_G","Defend_G","Survivor","Neutralize","Crippling Poison","Catalyst+1","Backflip","Predator","Deadly Poison"],"relics":["Ring of the Snake","NeowsBlessing","Golden Idol","Whetstone","Blood Vial","Kunai","Ginger"],"acts_visited":["Exordium"],"potions_floor_usage":[14,14],"damage_taken":[{"damage":0.0,"enemies":"Jaw Worm","floor":1.0,"turns":1.0},{"damage":0.0,"enemies":"Small Slimes","floor":4.0,"turns":1.0},{"damage":0.0,"enemies":"Gremlin Nob","floor":6.0,"turns":1.0},{"damage":7.0,"enemies":"Cultist","floor":7.0,"turns":4.0},{"damage":10,"enemies":"3 Louse","floor":12,"turns":3},{"damage":8,"enemies":"Looter","floor":13,"turns":4},{"damage":11,"enemies":"3 Sentries","floor":14,"turns":12},{"damage":12,"enemies":"The Guardian","floor":16,"turns":2}],"seed_played":"-5622505579768914915","potions_obtained":[{"floor":4.0,"key":"ColorlessPotion"},{"floor":13,"key":"Weak Potion"}],"is_trial":false,"path_per_floor":["M","?","$","M","?","E","M","?","T","?","R","M","M","E","R","B"],"character_chosen":"THE_SILENT","items_purchased":["Catalyst"],"campfire_rested":1,"item_purchase_floors":[3],"current_hp_per_floor":[59,36,36,36,25,25,18,13,13,13,32,24,18,9,9,0,0],"gold":319,"neow_bonus":"THREE_ENEMY_KILL","is_daily":false,"chose_seed":false,"campfire_upgraded":1,"win_rate":0.0,"timestamp":1608096684,"path_taken":["M","?","$","M","?","E","M","?","T","?","R","M","?","E","R","BOSS"],"items_purchased_type":["Card"],"build_version":"2020-12-13","purchased_purges":0,"victory":false,"max_hp_per_floor":[66,66,66,66,66,66,66,66,66,66,66,66,66,66,66,66,66],"card_choices":[{"not_picked":["Backflip","PiercingWail"],"picked":"Crippling Poison","floor":1.0},{"not_picked":["Dash","PiercingWail"],"picked":"Backflip","floor":4.0},{"not_picked":["Leg Sweep","Endless Agony"],"picked":"Predator","floor":6.0},{"not_picked":["Dagger Throw","Quick Slash","Cloak And Dagger"],"picked":"SKIP","floor":7.0},{"not_picked":["Eviscerate","PiercingWail"],"picked":"Deadly Poison","floor":12},{"not_picked":["Backstab","Outmaneuver","Dagger Spray"],"picked":"SKIP","floor":13},{"not_picked":["Flechettes","PiercingWail","Skewer"],"picked":"SKIP","floor":14}],"player_experience":481713,"relics_obtained":[{"floor":6.0,"key":"Whetstone"},{"floor":9.0,"key":"Kunai"},{"floor":14,"key":"Ginger"}],"event_choices":[{"damage_healed":0.0,"max_hp_gain":0.0,"max_hp_loss":0.0,"gold_gain":0.0,"event_name":"Golden Idol","player_choice":"Take Damage","floor":2.0,"gold_loss":0.0,"damage_taken":23.0,"relics_obtained":["Golden Idol"]},{"damage_healed":0.0,"max_hp_gain":0.0,"max_hp_loss":0.0,"gold_gain":75.0,"event_name":"World of Goop","player_choice":"Gather Gold","floor":5.0,"gold_loss":0.0,"damage_taken":11.0},{"damage_healed":0.0,"max_hp_gain":0.0,"max_hp_loss":0.0,"gold_gain":0.0,"event_name":"Scrap Ooze","player_choice":"Success","floor":8.0,"gold_loss":0.0,"damage_taken":5.0,"relics_obtained":["Blood Vial"]},{"damage_healed":0,"gold_gain":0,"player_choice":"Searched \u00270\u0027 times","damage_taken":0,"max_hp_gain":0,"max_hp_loss":0,"event_name":"Dead Adventurer","floor":10,"gold_loss":0}],"is_beta":false,"boss_relics":[],"items_purged_floors":[],"is_endless":false,"potions_floor_spawned":[4,13],"killed_by":"The Guardian","ascension_level":20}}