{"host":"k5j3culymg4irp71","time":1608111687,"event":{"mods":["2.2 Compatiblity","Act Like it!","Art Attack!","Aspiration","Astrologer","Bard","BaseMod","Bestiary","Better Match","BetterRewards","Block Reminder","CCEM","Colored Map","Colored Powertips","Conspire","Downfall","Emptier Cage","Energized Spire","GifTheSpireLib","Halation","Hallownest","Hermit","Hubris","Infinite Spire","Ironclad Rager","Minty Spire (QoL Compilation)","Pale of the Ancients","Quarter Circle Forward PUNCH!","Rare Cards Sparkle","Replay The Spire","Shade Mod","Shop Mod","Spikes Relics","StSLib","Stuff the Spire","The Animator","The Blackbeard","The Bladedancer","The Blue Laboratory","The Cursed","The Druid","The Forsaken","The Gatherer","The Hayseed","The Hierophant","The Juggle","The Runesmith","The Servant 0.9.4","TheArtist","Waifu the Spire","Wandering Minibosses","slay the spire mod where everything is the same but ironclad has a cowboy hat","vexMod"],"gold_per_floor":[99,119,119,44,44,44,119,133,133,159,159,175,89,109,126,231,231,81,96,96,81,104,119,119,132,132,147,147,165,183,183,183,183],"floor_reached":32,"playtime":2525,"items_purged":[],"score":319,"play_id":"3f4ae467-b820-4528-b360-9b682b39e451","local_time":"20201216014127","is_ascension_mode":false,"campfire_choices":[{"data":"sneckomod:Unknown","floor":1.0,"key":"SMITH"},{"floor":6.0,"key":"RECALL"},{"data":"sneckomod:MasterEye","floor":18.0,"key":"SMITH"},{"floor":26,"key":"REST"}],"circlet_count":0,"master_deck":["sneckomod:Strike","sneckomod:Strike","sneckomod:Strike","sneckomod:Defend","sneckomod:Defend","sneckomod:Defend+1","sneckomod:TailWhip","sneckomod:SnekBite+1","sneckomod:Unknown+1","sneckomod:Unknown+2","sneckomod:SoulRoll+1","sneckomod:RainOfDice+1","sneckomod:RainOfDice","sneckomod:WideSting","sneckomod:UnknownEthereal","sneckomod:MorePower","sneckomod:MasterEye+1","sneckomod:UnknownClassEV_BLUE_COLOR+1","sneckomod:RainOfDice","sneckomod:UnknownRareAttack+1","sneckomod:Unknown0Cost","sneckomod:UnknownExhaust+1","sneckomod:UnknownRarePower","sneckomod:UnknownClassBLESSING+1","sneckomod:UnknownRarePower","sneckomod:UnknownExhaust+1","sneckomod:UnknownUncommonSkill","sneckomod:UnknownClassEV_BLUE_COLOR+1","sneckomod:Nope","sneckomod:UnknownCommonAttack","sneckomod:UnknownClassEV_BLUE_COLOR+1","sneckomod:Unknown0Cost+1","sneckomod:DangerNoodle","sneckomod:UnknownClassINFINITE_BLACK+1","sneckomod:UnknownRarePower","sneckomod:SoulDraw","ReplayTheSpireMod:Black Plague"],"relics":["sneckomod:SneckoSoul","halation:StarCompass","Centennial Puzzle","Kunai","energizedSpire:MagnifyingGlass","downfall:HeartBlessingRed","downfall:HeartBlessingBlue","CCEMRelics:TechnogenicHelmet","hubris:64BitClover","vexMod:DeviousBotling","qcfpunch:School_Backpack"],"acts_visited":["Exordium","TheCity"],"potions_floor_usage":[32],"damage_taken":[{"damage":6.0,"enemies":"2 Louse","floor":2.0,"turns":3.0},{"damage":0.0,"enemies":"Cultist","floor":8.0,"turns":2.0},{"damage":27.0,"enemies":"Lagavulin","floor":10.0,"turns":6.0},{"damage":0.0,"enemies":"Jaw Worm","floor":12.0,"turns":1.0},{"damage":0.0,"enemies":"downfall:FleeingMerchant","floor":13.0,"turns":4.0},{"damage":19.0,"enemies":"Large Slime","floor":14.0,"turns":4.0},{"damage":13.0,"enemies":"3 Louse","floor":15.0,"turns":4.0},{"damage":21.0,"enemies":"downfall:Watcher","floor":16.0,"turns":6.0},{"damage":24.0,"enemies":"Spheric Guardian","floor":19.0,"turns":4.0},{"damage":0,"enemies":"downfall:FleeingMerchant","floor":21,"turns":4},{"damage":18,"enemies":"Chosen","floor":22,"turns":4},{"damage":43,"enemies":"Snake Plant","floor":23,"turns":5},{"damage":27,"enemies":"Sentry and Sphere","floor":25,"turns":6},{"damage":44,"enemies":"Shelled Parasite and Fungi","floor":27,"turns":5},{"damage":10,"enemies":"Centurion and Healer","floor":29,"turns":6},{"damage":0,"enemies":"Snecko","floor":30,"turns":4},{"damage":13,"enemies":"conspire:HollyBat","floor":32,"turns":2}],"seed_played":"-4364481070298563620","potions_obtained":[{"floor":8.0,"key":"blueLaboratory:BottleOfRum"},{"floor":12.0,"key":"blueLaboratory:Moonshine"},{"floor":16.0,"key":"SpeedPotion"},{"floor":30,"key":"AttackPotion"}],"is_trial":false,"path_per_floor":["R","M","?","?","?","R","T","M","?","E","T","M","$","M","M","B",null,"R","M","?","$","M","M","T","M","R","M","T","M","M","AVR","M"],"character_chosen":"THE_SNECKO","items_purchased":["sneckomod:MasterEye"],"campfire_rested":1,"item_purchase_floors":[13],"current_hp_per_floor":[99,93,93,93,93,93,93,93,93,66,66,67,67,49,40,21,105,115,93,93,95,82,50,50,24,60,17,17,9,9,9,0,0],"gold":183,"neow_bonus":"TEN_PERCENT_HP_BONUS","is_daily":false,"chose_seed":false,"campfire_upgraded":2,"win_rate":0.0,"timestamp":1608111687,"path_taken":["R","M","?","?","?","R","T","M","?","E","?","M","?","M","M","BOSS","R","M","?","?","?","M","T","M","R","M","?","M","M","AVR","M"],"items_purchased_type":["Card"],"build_version":"2020-12-13","purchased_purges":0,"victory":false,"max_hp_per_floor":[99,99,99,99,99,99,99,99,99,99,99,100,100,101,103,105,105,115,117,117,119,120,121,121,122,122,123,123,125,125,125,125,125],"card_choices":[{"not_picked":["sneckomod:UnknownClassHEXA_GHOST_PURPLE","sneckomod:UnknownClassTHE_SIMPLETON_BLUE"],"picked":"sneckomod:SoulRoll","floor":2.0},{"not_picked":["sneckomod:UnknownWeak+1","sneckomod:UnknownVulnerable+1"],"picked":"sneckomod:RainOfDice+1","floor":4.0},{"not_picked":["sneckomod:Unknown0Cost","sneckomod:UnknownClassFORSAKEN_GOLD_COLOR"],"picked":"sneckomod:RainOfDice","floor":8.0},{"not_picked":["sneckomod:IronFang","sneckomod:UnknownBlock"],"picked":"sneckomod:WideSting","floor":10.0},{"not_picked":["sneckomod:UnknownClassORANGE","sneckomod:UnknownCommonSkill"],"picked":"sneckomod:UnknownEthereal","floor":12.0},{"not_picked":["sneckomod:Nope","sneckomod:UnknownClassGREEN"],"picked":"sneckomod:MorePower","floor":13.0},{"not_picked":["sneckomod:UnknownClassTHE_UNNAMED+1","sneckomod:UnknownClassBLACKBEARD_BLACK+1"],"picked":"sneckomod:UnknownClassEV_BLUE_COLOR+1","floor":14.0},{"not_picked":["sneckomod:IronFang","sneckomod:UnknownCommonAttack"],"picked":"sneckomod:RainOfDice","floor":14.0},{"not_picked":["sneckomod:UnknownClassARTIST_RAINBOW_COLOR+1","sneckomod:UnknownCommonAttack+1"],"picked":"sneckomod:UnknownRareAttack+1","floor":15.0},{"not_picked":["sneckomod:UnknownClassSILVER","sneckomod:Unknown1Cost"],"picked":"sneckomod:Unknown0Cost","floor":15.0},{"not_picked":["sneckomod:UnknownClassPALE_SHOWMAN_PURPLE_COLOR+1","sneckomod:UnknownClassBLADEMASTER_GRAY+1"],"picked":"sneckomod:UnknownExhaust+1","floor":16.0},{"not_picked":["sneckomod:SoulExchange","sneckomod:UnknownRareSkill"],"picked":"sneckomod:UnknownRarePower","floor":16.0},{"not_picked":["sneckomod:UnknownClassPURPLE+1","sneckomod:UnknownClassSHADE_COLOR+1"],"picked":"sneckomod:UnknownClassBLESSING+1","floor":19.0},{"not_picked":["sneckomod:QuickBite+1","sneckomod:UnknownWeak"],"picked":"sneckomod:UnknownRarePower","floor":19.0},{"not_picked":["sneckomod:UnknownClassJUGGLER_ORANGE+1","sneckomod:UnknownClassTHE_SIMPLETON_BLUE+1"],"picked":"sneckomod:UnknownExhaust+1","floor":21},{"not_picked":["sneckomod:RainOfDice","sneckomod:UnknownStrike"],"picked":"sneckomod:UnknownUncommonSkill","floor":21},{"not_picked":["sneckomod:UnknownCommonSkill+1","sneckomod:Unknown+1"],"picked":"sneckomod:UnknownClassEV_BLUE_COLOR+1","floor":22},{"not_picked":["sneckomod:UnknownClassBLUE","sneckomod:UnknownUncommonSkill"],"picked":"sneckomod:Nope","floor":22},{"not_picked":["sneckomod:DiceBlock+1","sneckomod:SlitherStrike"],"picked":"sneckomod:UnknownCommonAttack","floor":23},{"not_picked":["sneckomod:UnknownCommonSkill","sneckomod:DiceCrush"],"picked":"sneckomod:UnknownClassEV_BLUE_COLOR+1","floor":25},{"not_picked":["sneckomod:UnknownClassRED+1","sneckomod:UnknownClassHEXA_GHOST_PURPLE+1"],"picked":"sneckomod:Unknown0Cost+1","floor":27},{"not_picked":["sneckomod:UnknownCommonAttack","sneckomod:Nope"],"picked":"sneckomod:DangerNoodle","floor":27},{"not_picked":["sneckomod:UnknownX+1","sneckomod:UnknownEthereal+1"],"picked":"sneckomod:UnknownClassINFINITE_BLACK+1","floor":29},{"not_picked":["sneckomod:DiceBlock+1","sneckomod:UnknownClassRUNESMITH_BEIGE"],"picked":"sneckomod:UnknownRarePower","floor":29},{"not_picked":["sneckomod:UnknownCommonSkill","sneckomod:UnknownClassFORSAKEN_GOLD_COLOR"],"picked":"sneckomod:SoulDraw","floor":30}],"player_experience":20076,"relics_obtained":[{"floor":10.0,"key":"Centennial Puzzle"},{"floor":11.0,"key":"Kunai"},{"floor":24,"key":"CCEMRelics:TechnogenicHelmet"},{"floor":28,"key":"hubris:64BitClover"}],"event_choices":[{"damage_healed":0.0,"max_hp_gain":0.0,"max_hp_loss":0.0,"gold_gain":0.0,"event_name":"betterMatch:BetterMatch","player_choice":"2","floor":4.0,"gold_loss":0.0,"damage_taken":0.0,"cards_obtained":["betterMatch:CommonCard"]}],"is_beta":false,"boss_relics":[{"not_picked":["conspire:SeveredTorchhead","CosmicIsotope"],"picked":"energizedSpire:MagnifyingGlass"}],"items_purged_floors":[],"is_endless":false,"potions_floor_spawned":[8,12,16,23,29,30],"killed_by":"conspire:HollyBat","ascension_level":0}}