{"host":"cxlfijb3ipw68228","time":1608088033,"event":{"mods":["2.2 Compatiblity","AchievementEnabler","Aspiration","BaseMod","Better Altar","Better Note","Better Sensory Stone","Better Skull","Better Third Choice","BetterRewards","CCEM","Colored Map","Conspire","Downfall","Halation","Highlight Path","Hubris","Minty Spire (QoL Compilation)","StSLib","The Servant 0.9.4"],"gold_per_floor":[99,1701,1711,1729,1729,1729,1729,1729,566,594,606,2621,1409,1420,1434,1534,1534,1459,1459,1559,1573,1590,678,678,706,706,755,226,226,261,261,289,399,399,399,399,458,458,477,498,522,522,522,563,584,612,636,169,190,190],"floor_reached":51,"playtime":5121,"items_purged":["Guardian:Strike_Guardian","Injury","Guardian:Strike_Guardian","Guardian:Defend_Guardian","Guardian:Strike_Guardian","Guardian:Strike_Guardian"],"score":949,"play_id":"9a2f60de-184e-4fcc-b0d0-98a5573aa93c","local_time":"20201215220713","is_ascension_mode":false,"campfire_choices":[{"data":"Guardian:TwinSlam","floor":1,"key":"SMITH"},{"data":"Guardian:PrismaticBarrier","floor":5,"key":"SMITH"},{"data":"Guardian:PrismaticBeam","floor":18,"key":"SMITH"},{"data":"conspire:Banana","floor":26,"key":"SMITH"},{"data":"Guardian:CrystalBeam","floor":35,"key":"SMITH"},{"data":"champ:HoldFirm","floor":38,"key":"SMITH"}],"circlet_count":0,"master_deck":["Guardian:Defend_Guardian","Guardian:Defend_Guardian","Guardian:Defend_Guardian","Guardian:CurlUp","Guardian:TwinSlam+1","Guardian:CrystalBeam+1","Guardian:PrismaticBeam+1","Guardian:FloatingOrbs","Guardian:PrismaticBarrier+1","expansioncontent:BronzeBeam","Guardian:BronzeOrb","Guardian:ArmoredProtocol+1","Magnetism+1","expansioncontent:DarkVoid+1","Guardian:WalkerClaw","Guardian:BronzeArmor","Poisoned Stab","Go for the Eyes","Shrug It Off","Swift Strike+1","Guardian:TimeSifter+1","Guardian:Incinerate+1","Turbo","conspire:DoublingDagger","Reboot","champ:Taunt+1","Consecrate+1","Genetic Algorithm","conspire:Banana+1","Guardian:ExploitGems","expansioncontent:DecasProtection","Guardian:DecasProtection","Master of Strategy+1","hexamod:FirstSeal","Mind Blast+1","champ:DefensiveStyle+1","champ:ShieldSlam+1","Guardian:SpikerProtocol+1","Guardian:PolyBeam+1","Madness+1","Slice+1","Bloodletting","champ:HoldFirm+1","Bloodletting+1","expansioncontent:DefensiveMode+1","Slimebound:MassFeed+1","Pummel+1","Beam Cell+1","sneckomod:MasterEye+1","Guardian:Gem_Fragmented","Guardian:GuardianWhirl+1"],"relics":["Snecko Eye","aspiration:FetidBarrel","CCEMRelics:SpiritsEdge","halation:EternalFortune","Frozen Egg 2","PrismaticShard","Ancient Tea Set","Bottled Flame","hubris:SlimyHat","hubris:EmptyBottle","Molten Egg 2","Guardian:SackOfGems","hubris:Stopwatch","downfall:HeartBlessingBlue","CeramicFish","Pantograph","CCEMRelics:FestiveHat","CCEMRelics:OverlyComfyChair","halation:LostSnail","aspiration:FrozenJewel","halation:SelfBoilingWater","hubris:Towel","hubris:VirtuousBlindfold","StoneCalendar","Omamori","aspiration:Lifesprig","hubris:SphereOfDissonance"],"acts_visited":["Exordium","TheCity","TheBeyond"],"potions_floor_usage":[12,13,16,16,16,16,16,23,25,32,33,33,33,44,49,49,50,50,50],"damage_taken":[{"damage":0,"enemies":"downfall:FleeingMerchant","floor":2,"turns":4},{"damage":0,"enemies":"Small Slimes","floor":3,"turns":1},{"damage":11,"enemies":"Jaw Worm","floor":4,"turns":2},{"damage":0,"enemies":"downfall:FleeingMerchant","floor":9,"turns":4},{"damage":0,"enemies":"3 Sentries","floor":10,"turns":3},{"damage":0,"enemies":"2 Louse","floor":11,"turns":1},{"damage":0,"enemies":"Exordium Wildlife","floor":12,"turns":3},{"damage":9,"enemies":"downfall:FleeingMerchant","floor":13,"turns":4},{"damage":7,"enemies":"Blue Slaver","floor":14,"turns":2},{"damage":21,"enemies":"Gremlin Gang","floor":15,"turns":4},{"damage":0,"enemies":"downfall:Ironclad","floor":16,"turns":3},{"damage":0,"enemies":"Spheric Guardian","floor":21,"turns":1},{"damage":17,"enemies":"Shell Parasite","floor":22,"turns":5},{"damage":11,"enemies":"downfall:FleeingMerchant","floor":23,"turns":4},{"damage":16,"enemies":"3 Cultists","floor":25,"turns":4},{"damage":19,"enemies":"conspire:SneckoGhost","floor":27,"turns":6},{"damage":0,"enemies":"downfall:FleeingMerchant","floor":28,"turns":1},{"damage":0,"enemies":"Snake Plant","floor":30,"turns":1},{"damage":3,"enemies":"Shelled Parasite and Fungi","floor":32,"turns":3},{"damage":31,"enemies":"downfall:Silent","floor":33,"turns":5},{"damage":0,"enemies":"Mind Bloom Boss Battle","floor":37,"turns":5},{"damage":0,"enemies":"3 Darklings","floor":39,"turns":3},{"damage":0,"enemies":"Orb Walker","floor":40,"turns":1},{"damage":16,"enemies":"Reptomancer","floor":44,"turns":3},{"damage":3,"enemies":"Spire Growth","floor":45,"turns":3},{"damage":6,"enemies":"Jaw Worm Horde","floor":46,"turns":3},{"damage":0,"enemies":"4 Shapes","floor":47,"turns":2},{"damage":18,"enemies":"Transient","floor":49,"turns":5},{"damage":3,"enemies":"downfall:Defect","floor":50,"turns":3}],"seed_played":"-5178375169780262573","potions_obtained":[{"floor":4,"key":"Strength Potion"},{"floor":12,"key":"Explosive Potion"},{"floor":16,"key":"Regen Potion"},{"floor":22,"key":"LiquidMemories"},{"floor":33,"key":"BlessingOfTheForge"},{"floor":39,"key":"SkillPotion"},{"floor":46,"key":"BlessingOfTheForge"},{"floor":47,"key":"Strength Potion"},{"floor":49,"key":"Block Potion"}],"is_trial":false,"path_per_floor":["R","$","M","M","R","?","T","?","$","E","M","M","$","M","M","B",null,"R","?","?","M","M","$","T","M","R","E","$","?","M","?","M","B",null,"R","?","?","R","M","M","T","?","?","E","M","M","M","$","M","B",null],"character_chosen":"GUARDIAN","items_purchased":["Guardian:PrismaticBeam","aspiration:FetidBarrel","CCEMRelics:SpiritsEdge","CultistPotion","Guardian:Gem_Red","Guardian:FloatingOrbs","Guardian:PrismaticBarrier","expansioncontent:BronzeBeam","PrismaticShard","Ancient Tea Set","Magnetism+1","expansioncontent:DarkVoid","Guardian:WalkerClaw","Guardian:EvasiveProtocol+1","Guardian:BronzeArmor","Bottled Flame","Fire Potion","hubris:EmptyBottle","Molten Egg 2","Guardian:SackOfGems","Strength Potion","Swift Strike+1","Guardian:TimeSifter+1","Guardian:Gem_Green","Guardian:Incinerate+1","CeramicFish","Pantograph","Guardian:ExploitGems","expansioncontent:DecasProtection","Guardian:DecasProtection","ColorlessPotion","halation:LostSnail","aspiration:FrozenJewel","halation:SelfBoilingWater","Guardian:SpikerProtocol+1","Guardian:PolyBeam+1","FearPotion","hubris:SphereOfDissonance","Guardian:Gem_Fragmented"],"campfire_rested":0,"item_purchase_floors":[2,2,2,2,2,2,2,2,9,9,9,9,9,9,9,9,9,13,13,13,13,13,13,13,13,23,23,23,23,23,23,28,28,28,28,28,28,48,48],"current_hp_per_floor":[80,80,80,69,69,72,72,72,75,75,75,75,66,62,41,41,89,99,99,99,102,85,88,88,84,84,72,72,72,72,72,77,74,107,107,107,107,107,110,113,113,113,113,100,101,99,108,108,97,119],"gold":190,"neow_bonus":"BOSS_RELIC","is_daily":false,"chose_seed":false,"campfire_upgraded":6,"win_rate":0.0,"timestamp":1608088033,"path_taken":["R","$","M","M","R","?","T","?","$","E","M","M","?","?","M","BOSS","R","?","?","M","M","$","T","?","R","E","$","?","M","?","M","BOSS","R","?","?","R","M","M","T","?","?","E","M","M","?","$","M","BOSS"],"items_purchased_type":["Card","Relic","Relic","Potion","Card","Card","Card","Card","Relic","Relic","Card","Card","Card","Card","Card","Relic","Potion","Relic","Relic","Relic","Potion","Card","Card","Card","Card","Relic","Relic","Card","Card","Card","Potion","Relic","Relic","Relic","Card","Card","Potion","Relic","Card"],"build_version":"2020-12-13","purchased_purges":6,"victory":true,"max_hp_per_floor":[80,80,80,80,80,83,83,83,86,86,86,86,86,89,89,89,89,99,99,99,102,102,102,102,102,102,102,102,102,102,102,104,107,107,107,107,107,107,110,113,113,113,113,116,120,124,126,126,128,128],"card_choices":[{"not_picked":["Guardian:VentSteam","Guardian:Suspension"],"picked":"Guardian:CrystalBeam","floor":2},{"not_picked":["Guardian:SpikerProtocol","Guardian:PrimingBeam"],"picked":"Guardian:Gem_Synthetic","floor":3},{"not_picked":["Guardian:Gem_Blue","Guardian:Clone"],"picked":"Guardian:BronzeOrb","floor":4},{"not_picked":["Guardian:Planning","Guardian:TimeBomb"],"picked":"Guardian:ArmoredProtocol+1","floor":9},{"not_picked":["hexamod:HauntingEcho","Clothesline","Spin"],"picked":"SKIP","floor":10},{"not_picked":["Guardian:Recover","Spin"],"picked":"Poisoned Stab","floor":11},{"not_picked":["sneckomod:UnknownX","Gash"],"picked":"Go for the Eyes","floor":12},{"not_picked":["champ:Duel","WheelKick"],"picked":"Shrug It Off","floor":13},{"not_picked":["Slimebound:PressTheAttack+1","sneckomod:SlitherStrike+1"],"picked":"Turbo","floor":14},{"not_picked":["Slimebound:TongueLash+1","hexamod:EmpoweredFlame+1"],"picked":"conspire:DoublingDagger","floor":15},{"not_picked":["Slimebound:Teamwork","sneckomod:Mudshield+1"],"picked":"Reboot","floor":16},{"not_picked":["Quick Slash+1","hexamod:SpectersWail+1"],"picked":"Consecrate+1","floor":21},{"not_picked":["Concentrate","Headbutt+1"],"picked":"Genetic Algorithm","floor":22},{"not_picked":["Go for the Eyes+1","Acrobatics"],"picked":"conspire:Banana","floor":23},{"not_picked":["expansioncontent:PolyBeam+1","Transmutation+1"],"picked":"Master of Strategy+1","floor":25},{"not_picked":["hexamod:FastForward","Starlight+1"],"picked":"hexamod:FirstSeal","floor":25},{"not_picked":["expansioncontent:GoopSpray+1","Enlightenment+1"],"picked":"Mind Blast+1","floor":27},{"not_picked":["Headbutt+1","Infernal Blade"],"picked":"champ:DefensiveStyle+1","floor":27},{"not_picked":["BottledTime","Scrape+1"],"picked":"champ:ShieldSlam+1","floor":28},{"not_picked":["expansioncontent:Torchfire+1","The Bomb+1"],"picked":"Madness+1","floor":30},{"not_picked":["Deep Breath","hexamod:InspiringFlames"],"picked":"Slice+1","floor":30},{"not_picked":["sneckomod:UnknownClassPURPLE","Guardian:Gem_Cyan"],"picked":"Bloodletting","floor":32},{"not_picked":["Slimebound:WasteNot","Storm of Steel"],"picked":"champ:HoldFirm","floor":33},{"not_picked":["Eviscerate+1","Desolation+1"],"picked":"Guardian:Gem_Red","floor":37},{"not_picked":["champ:SkillfulDodge","Carnage+1"],"picked":"Bloodletting+1","floor":39},{"not_picked":["Bludgeon+1","champ:BringItOn"],"picked":"expansioncontent:DefensiveMode+1","floor":40},{"not_picked":["Slice+1","hexamod:NightmareStrike+1"],"picked":"Slimebound:MassFeed+1","floor":44},{"not_picked":["sneckomod:RainOfDice+1","Shuttle"],"picked":"Pummel+1","floor":45},{"not_picked":["EmptyBody+1","DoubleEdge+1"],"picked":"Beam Cell+1","floor":46},{"not_picked":["hubris:SlightOfHand+1","Guardian:Recover"],"picked":"sneckomod:MasterEye+1","floor":47},{"not_picked":["Slimebound:ComboTackle+1","BootSequence"],"picked":"Guardian:GuardianWhirl+1","floor":49}],"player_experience":520500,"relics_obtained":[{"floor":9,"key":"halation:EternalFortune"},{"floor":10,"key":"hubris:SlimyHat"},{"floor":14,"key":"halation:EternalFortune"},{"floor":21,"key":"halation:EternalFortune"},{"floor":24,"key":"CCEMRelics:FestiveHat"},{"floor":27,"key":"CCEMRelics:OverlyComfyChair"},{"floor":33,"key":"halation:EternalFortune"},{"floor":37,"key":"StoneCalendar"},{"floor":39,"key":"halation:EternalFortune"},{"floor":40,"key":"halation:EternalFortune"},{"floor":41,"key":"Omamori"},{"floor":44,"key":"halation:EternalFortune"},{"floor":44,"key":"aspiration:Lifesprig"}],"event_choices":[{"cards_removed":["Guardian:PrismaticBarrier"],"damage_healed":0,"gold_gain":0,"player_choice":"Take \u0026 Give","damage_taken":0,"max_hp_gain":0,"max_hp_loss":0,"event_name":"betterNote:BetterNote","floor":19,"gold_loss":0,"cards_obtained":["champ:Taunt"]},{"damage_healed":0,"gold_gain":0,"player_choice":"Ignored","damage_taken":0,"max_hp_gain":0,"max_hp_loss":0,"event_name":"Vampires","floor":29,"gold_loss":0},{"cards_removed":["Guardian:EvasiveProtocol"],"damage_healed":0,"gold_gain":0,"player_choice":"Removed Power","damage_taken":0,"max_hp_gain":0,"max_hp_loss":0,"event_name":"Falling","floor":42,"gold_loss":0}],"is_beta":false,"boss_relics":[{"not_picked":["hubris:ScarierMask","halation:ForbiddenBikini"],"picked":"hubris:Stopwatch"},{"not_picked":["Runic Dome","conspire:SlowCooker"],"picked":"hubris:VirtuousBlindfold"}],"items_purged_floors":[2,9,13,23,28,48],"is_endless":false,"potions_floor_spawned":[4,12,15,16,22,30,32,33,39,46,47,49],"ascension_level":0}}