{"host":"7krnriczr1b2ou5r","time":1608158369,"event":{"mods":["BaseMod","Keyboard Shortcuts","Minty Spire (QoL Compilation)","Relic Stats","StSLib","The Dragon Tamer","The Poker Player"],"gold_per_floor":[19,19,33,46,65,98,98,125,178,190,220,248,260,290,302,409,421,453,465,477,164,164,196,206,236,260,273,283,382,71,71,71,170,170,180,180,180,235,250,250,277,277,327,359,369,0,11,61,61,61],"floor_reached":51,"playtime":2037,"items_purged":["DTMod:Strike"],"score":1058,"play_id":"c044350a-ea17-4396-ad2a-65f72f300c1f","local_time":"20201217073929","is_ascension_mode":true,"metric_token":479,"campfire_choices":[{"data":"DTMod:SwitchingTactic","floor":7.0,"key":"SMITH"},{"data":"DTMod:HeatWave","floor":10.0,"key":"SMITH"},{"data":"DTMod:Weaken","floor":13.0,"key":"SMITH"},{"data":"DTMod:Threaten","floor":15.0,"key":"SMITH"},{"data":"DTMod:Multitask","floor":32,"key":"SMITH"},{"data":"Blind","floor":40,"key":"SMITH"},{"floor":42,"key":"REST"},{"data":"DTMod:Overwhelm","floor":49,"key":"SMITH"}],"dtmod_dragon_data":[25,50,2,2,4,4],"circlet_count":0,"master_deck":["DTMod:DoubleHit+1","DTMod:TargetDefense","DTMod:TargetDefense","DTMod:SwitchingTactic+1","DTMod:Overwhelm+1","DTMod:SneakAttack","DTMod:Coolant","DTMod:HeatWave+1","DTMod:Weaken+1","DTMod:Threaten+1","DTMod:ExcessFootwork","DTMod:BurningEnergy+1","DTMod:Overwhelm+1","DTMod:BuildUp+1","DTMod:Cover","Flash of Steel+1","DTMod:Threaten+1","DTMod:Overwhelm+1","DTMod:Multitask+1","Violence","DTMod:EchoTactic","DTMod:Weaken+1","Blind+1","DTMod:CrossStep+1","DTMod:CalculatedDefense+1"],"relics":["DTMod:PactStone","Omamori","DTMod:DragonFood","MawBank","Astrolabe","MutagenicStrength","Bag of Preparation","Boot","Dream Catcher","Anchor","Membership Card","Black Star","TungstenRod","Oddly Smooth Stone","Darkstone Periapt","Strawberry","Bottled Flame","Whetstone","Red Mask","Prayer Wheel"],"acts_visited":["Exordium","TheCity","TheBeyond"],"potions_floor_usage":[45,50],"damage_taken":[{"damage":0.0,"enemies":"Small Slimes","floor":1.0,"turns":2.0},{"damage":0.0,"enemies":"Jaw Worm","floor":3.0,"turns":3.0},{"damage":0.0,"enemies":"2 Louse","floor":4.0,"turns":1.0},{"damage":3.0,"enemies":"Blue Slaver","floor":5.0,"turns":2.0},{"damage":2.0,"enemies":"3 Sentries","floor":6.0,"turns":8.0},{"damage":0.0,"enemies":"Lagavulin","floor":8.0,"turns":6.0},{"damage":0.0,"enemies":"Large Slime","floor":11.0,"turns":4.0},{"damage":0.0,"enemies":"3 Louse","floor":12.0,"turns":3.0},{"damage":0.0,"enemies":"2 Fungi Beasts","floor":14.0,"turns":4.0},{"damage":10.0,"enemies":"Hexaghost","floor":16.0,"turns":9.0},{"damage":0.0,"enemies":"Shell Parasite","floor":18.0,"turns":4.0},{"damage":0,"enemies":"Gremlin Leader","floor":23,"turns":4},{"damage":2,"enemies":"2 Thieves","floor":24,"turns":4},{"damage":0,"enemies":"Slavers","floor":25,"turns":3},{"damage":0,"enemies":"Centurion and Healer","floor":27,"turns":3},{"damage":0,"enemies":"Cultist and Chosen","floor":28,"turns":2},{"damage":11,"enemies":"Automaton","floor":33,"turns":6},{"damage":0,"enemies":"3 Shapes","floor":35,"turns":2},{"damage":22,"enemies":"2 Orb Walkers","floor":38,"turns":4},{"damage":0,"enemies":"Orb Walker","floor":39,"turns":1},{"damage":0,"enemies":"Reptomancer","floor":41,"turns":3},{"damage":0,"enemies":"Giant Head","floor":44,"turns":4},{"damage":0,"enemies":"Writhing Mass","floor":45,"turns":3},{"damage":0,"enemies":"Jaw Worm Horde","floor":47,"turns":3},{"damage":0,"enemies":"Mind Bloom Boss Battle","floor":48,"turns":4},{"damage":8,"enemies":"Time Eater","floor":50,"turns":6}],"seed_played":"2291261889346031000","potions_obtained":[{"floor":1.0,"key":"LiquidMemories"},{"floor":4.0,"key":"SpeedPotion"},{"floor":6.0,"key":"Strength Potion"},{"floor":12.0,"key":"Swift Potion"},{"floor":47,"key":"Explosive Potion"}],"is_trial":false,"path_per_floor":["M","?","M","M","M","E","R","E","T","R","M","M","R","M","R","B",null,"M","?","?","$","?","E","M","E","T","M","M","?","$","?","R","B",null,"M","?","?","?","M","R","E","R","T","E","M","?","M","?","R","B",null],"character_chosen":"THE_DT","items_purchased":["Bag of Preparation","Flash of Steel","Membership Card","DTMod:Multitask","Violence"],"campfire_rested":1,"item_purchase_floors":[21,21,30,30,30],"current_hp_per_floor":[45,45,45,45,42,40,40,40,40,40,40,40,40,40,40,30,45,45,45,45,45,45,45,43,43,43,43,43,43,43,43,43,32,45,45,43,33,11,11,11,11,23,30,30,30,30,30,30,30,22],"gold":61,"neow_bonus":"TRANSFORM_TWO_CARDS","is_daily":false,"chose_seed":false,"campfire_upgraded":7,"win_rate":0.0,"timestamp":1608158369,"path_taken":["M","?","M","M","M","E","R","E","T","R","M","M","R","M","R","BOSS","M","?","?","$","?","E","M","E","T","M","M","?","$","?","R","BOSS","M","?","?","?","M","R","E","R","T","E","M","?","M","?","R","BOSS"],"items_purchased_type":["Relic","Card","Relic","Card","Card"],"build_version":"2020-12-13","purchased_purges":1,"victory":true,"max_hp_per_floor":[45,45,45,45,45,45,45,45,45,45,45,45,45,45,45,45,45,45,45,45,45,45,45,45,45,45,45,45,45,45,45,45,45,45,45,43,43,43,43,43,43,43,50,50,50,50,50,50,50,50],"relic_stats":{"Darkstone Periapt":0,"Dream Catcher":1,"counters":[26,98],"Astrolabe":["DTMod:BurningEnergy","DTMod:Overwhelm","DTMod:BuildUp"],"Prayer Wheel":0,"Bag of Preparation":[30],"Black Star":2,"Whetstone":["DTMod:DoubleHit","Flash of Steel"],"MawBank":144,"Boot":[28],"obtain_stats":[{"Darkstone Periapt":41,"Astrolabe":17,"Oddly Smooth Stone":41,"Omamori":6,"Bag of Preparation":21,"Whetstone":44,"MawBank":9,"Boot":23,"Dream Catcher":25,"Anchor":26,"Bottled Flame":44,"DTMod:PactStone":0,"MutagenicStrength":19,"Strawberry":43,"DTMod:DragonFood":8,"Prayer Wheel":48,"Black Star":34,"Red Mask":46,"Membership Card":30,"TungstenRod":38},{"Darkstone Periapt":21,"Astrolabe":10,"Oddly Smooth Stone":21,"Omamori":5,"Bag of Preparation":11,"Whetstone":22,"MawBank":6,"Boot":12,"Dream Catcher":14,"Anchor":14,"Bottled Flame":22,"DTMod:PactStone":0,"MutagenicStrength":11,"Strawberry":21,"DTMod:DragonFood":6,"Prayer Wheel":25,"Black Star":17,"Red Mask":23,"Membership Card":16,"TungstenRod":19},{"Darkstone Periapt":78,"Astrolabe":42,"Oddly Smooth Stone":78,"Omamori":16,"Bag of Preparation":46,"Whetstone":82,"MawBank":22,"Boot":50,"Dream Catcher":57,"Anchor":57,"Bottled Flame":82,"DTMod:PactStone":0,"MutagenicStrength":46,"Strawberry":78,"DTMod:DragonFood":22,"Prayer Wheel":92,"Black Star":68,"Red Mask":85,"Membership Card":62,"TungstenRod":74}],"TungstenRod":2},"card_choices":[{"not_picked":["DTMod:SneakAttack","DTMod:ComboAttack","DTMod:Haste"],"picked":"SKIP","floor":1.0},{"not_picked":["DTMod:Conduct","DTMod:Punisher"],"picked":"DTMod:Coolant","floor":3.0},{"not_picked":["DTMod:BizarreTactic","DTMod:MasterPlan","DTMod:Training"],"picked":"SKIP","floor":4.0},{"not_picked":["DTMod:BalancedStrike","DTMod:BuildUp","DTMod:ComboAttack"],"picked":"SKIP","floor":5.0},{"not_picked":["DTMod:CleansingStrike","DTMod:QuickFly","DTMod:Harmonize"],"picked":"SKIP","floor":6.0},{"not_picked":["DTMod:FierySynthesis","DTMod:FlameSlash"],"picked":"DTMod:HeatWave","floor":8.0},{"not_picked":["DTMod:Feint","DTMod:Punisher"],"picked":"DTMod:Weaken","floor":11.0},{"not_picked":["DTMod:CleansingStrike","DTMod:Conduct","DTMod:BizarreTactic"],"picked":"SKIP","floor":12.0},{"not_picked":["DTMod:DeepFocus","DTMod:Inferno"],"picked":"DTMod:Threaten","floor":14.0},{"not_picked":["DTMod:Outburst","DTMod:Prediction"],"picked":"DTMod:ExcessFootwork","floor":16.0},{"not_picked":["DTMod:GhostSkin+1","DTMod:Training","DTMod:QuickFly"],"picked":"SKIP","floor":18.0},{"not_picked":["DTMod:BizarreTactic","DTMod:HeatWave","DTMod:Astonish"],"picked":"SKIP","floor":23},{"not_picked":["DTMod:BuildUp","DTMod:FlameSlash","DTMod:Haste"],"picked":"SKIP","floor":24},{"not_picked":["DTMod:Threaten+1","DTMod:LastStand","DTMod:BuildUp"],"picked":"SKIP","floor":25},{"not_picked":["DTMod:LastStand","DTMod:BuildUp"],"picked":"DTMod:Threaten+1","floor":25},{"not_picked":["DTMod:BurningEnergy","DTMod:InvisibleFlame"],"picked":"DTMod:Overwhelm","floor":27},{"not_picked":["DTMod:Feint","DTMod:ComboAttack","DTMod:CleansingStrike"],"picked":"SKIP","floor":28},{"not_picked":["DTMod:OpeningTactic","DTMod:Harmonize"],"picked":"DTMod:EchoTactic","floor":33},{"not_picked":["DTMod:Coolant+1","DTMod:BlazingStrike"],"picked":"DTMod:Weaken+1","floor":35},{"not_picked":["Bandage Up","Transmutation"],"picked":"Blind","floor":37},{"not_picked":["DTMod:StarRain","DTMod:DragonDance","DTMod:Astonish"],"picked":"SKIP","floor":39},{"not_picked":["DTMod:Hide","DTMod:Multitask"],"picked":"DTMod:CrossStep+1","floor":41},{"not_picked":["DTMod:Training+1","DTMod:Cover"],"picked":"DTMod:CalculatedDefense+1","floor":44},{"not_picked":["DTMod:Dissolve+1","DTMod:Training+1","DTMod:BizarreTactic+1"],"picked":"SKIP","floor":45},{"not_picked":["DTMod:Feint","DTMod:Prediction","DTMod:Conduct+1"],"picked":"SKIP","floor":47}],"player_experience":1102817,"relics_obtained":[{"floor":6.0,"key":"Omamori"},{"floor":8.0,"key":"DTMod:DragonFood"},{"floor":9.0,"key":"MawBank"},{"floor":23,"key":"Boot"},{"floor":25,"key":"Dream Catcher"},{"floor":26,"key":"Anchor"},{"floor":38,"key":"TungstenRod"},{"floor":41,"key":"Oddly Smooth Stone"},{"floor":41,"key":"Darkstone Periapt"},{"floor":43,"key":"Strawberry"},{"floor":44,"key":"Bottled Flame"},{"floor":44,"key":"Whetstone"},{"floor":48,"key":"Prayer Wheel"}],"event_choices":[{"damage_healed":0.0,"max_hp_gain":0.0,"max_hp_loss":0.0,"gold_gain":0.0,"event_name":"Living Wall","player_choice":"Grow","floor":2.0,"gold_loss":0.0,"damage_taken":0.0,"cards_upgraded":["DTMod:Overwhelm"]},{"damage_healed":0.0,"max_hp_gain":0.0,"max_hp_loss":0.0,"gold_gain":0.0,"event_name":"Drug Dealer","player_choice":"Inject Mutagens","floor":19.0,"gold_loss":0.0,"damage_taken":0.0,"relics_obtained":["MutagenicStrength"]},{"damage_healed":0.0,"max_hp_gain":0.0,"max_hp_loss":0.0,"gold_gain":0.0,"event_name":"The Library","player_choice":"Read","floor":20.0,"gold_loss":0.0,"damage_taken":0.0,"cards_obtained":["DTMod:Cover"]},{"damage_healed":0,"gold_gain":0,"player_choice":"Ignored","damage_taken":0,"max_hp_gain":0,"max_hp_loss":0,"event_name":"Cursed Tome","floor":22,"gold_loss":0},{"damage_healed":0,"gold_gain":99,"player_choice":"Stole From Cult","damage_taken":0,"max_hp_gain":0,"max_hp_loss":0,"event_name":"Nest","floor":29,"gold_loss":0},{"damage_healed":0,"gold_gain":0,"player_choice":"Ignored","damage_taken":0,"max_hp_gain":0,"max_hp_loss":0,"event_name":"Ghosts","floor":31,"gold_loss":0},{"damage_healed":0,"gold_gain":0,"player_choice":"Max HP","damage_taken":0,"max_hp_gain":0,"max_hp_loss":2,"event_name":"Winding Halls","floor":36,"gold_loss":0},{"damage_healed":0,"gold_gain":0,"player_choice":"Memory 3","damage_taken":10,"max_hp_gain":0,"max_hp_loss":0,"event_name":"SensoryStone","floor":37,"gold_loss":0},{"damage_healed":0,"gold_gain":0,"player_choice":"Fight","damage_taken":0,"max_hp_gain":0,"max_hp_loss":0,"event_name":"Mysterious Sphere","floor":38,"gold_loss":0},{"damage_healed":0,"gold_gain":0,"player_choice":"Paid","damage_taken":0,"relics_obtained":["Red Mask"],"max_hp_gain":0,"max_hp_loss":0,"event_name":"Tomb of Lord Red Mask","floor":46,"gold_loss":369},{"damage_healed":0,"gold_gain":0,"player_choice":"Fight","damage_taken":0,"max_hp_gain":0,"max_hp_loss":0,"event_name":"MindBloom","floor":48,"gold_loss":0}],"is_beta":false,"boss_relics":[{"not_picked":["Tiny House","Fusion Hammer"],"picked":"Astrolabe"},{"not_picked":["SlaversCollar","DTMod:TheChair"],"picked":"Black Star"}],"items_purged_floors":[21],"is_endless":false,"potions_floor_spawned":[1,4,6,12,16,23,24,25,33,39,41,47],"ascension_level":3}}