{"host":"y76clbnovzmw9ubx","time":1608131158,"event":{"mods":["AchievementEnabler","BaseMod","Minty Spire (QoL Compilation)","Permanent Neow","Relic Stats"],"gold_per_floor":[117,117,130,47,62,92,92,104,173,173,191,191,211,244,244,339,339,359,359,374,50,70,106,106,120,120,120,120,120],"floor_reached":28,"playtime":1730,"items_purged":["Strike_B"],"score":550,"play_id":"808e5882-dd95-4479-af82-9e321df2b1b8","local_time":"20201216100558","is_ascension_mode":true,"campfire_choices":[{"floor":7,"key":"REST"},{"floor":12,"key":"REST"},{"data":"Reinforced Body","floor":15,"key":"SMITH"},{"floor":24,"key":"REST"},{"floor":27,"key":"REST"}],"circlet_count":0,"master_deck":["AscendersBane","Strike_B","Strike_B","Strike_B","Defend_B","Defend_B","Defend_B","Defend_B","Zap","Dualcast","Meteor Strike","Cold Snap","Reinforced Body+1","Melter","Genetic Algorithm","Storm+1","Defragment+1","Conserve Battery","Electrodynamics+1","Biased Cognition+1","Go for the Eyes","Beam Cell+1","Recycle","Barrage+1","Force Field+1","Steam"],"relics":["Cracked Core","Frozen Egg 2","Symbiotic Virus","Golden Idol","Happy Flower","Runic Pyramid","Lee\u0027s Waffle","CaptainsWheel","Bird Faced Urn"],"acts_visited":["Exordium","TheCity"],"potions_floor_usage":[6,11,14,23],"damage_taken":[{"damage":0,"enemies":"Cultist","floor":1,"turns":3},{"damage":4,"enemies":"2 Louse","floor":3,"turns":2},{"damage":0,"enemies":"Jaw Worm","floor":5,"turns":3},{"damage":45,"enemies":"Lagavulin","floor":6,"turns":9},{"damage":11,"enemies":"2 Fungi Beasts","floor":8,"turns":3},{"damage":7,"enemies":"Large Slime","floor":11,"turns":3},{"damage":1,"enemies":"Blue Slaver","floor":13,"turns":2},{"damage":0,"enemies":"3 Sentries","floor":14,"turns":1},{"damage":30,"enemies":"The Guardian","floor":16,"turns":10},{"damage":0,"enemies":"3 Byrds","floor":18,"turns":2},{"damage":0,"enemies":"Chosen","floor":20,"turns":4},{"damage":16,"enemies":"Centurion and Healer","floor":22,"turns":4},{"damage":26,"enemies":"Slavers","floor":23,"turns":2},{"damage":25,"enemies":"Shelled Parasite and Fungi","floor":25,"turns":4},{"damage":42,"enemies":"Gremlin Leader","floor":28,"turns":2}],"seed_played":"-4638453293850844566","potions_obtained":[{"floor":5,"key":"ColorlessPotion"},{"floor":6,"key":"SneckoOil"},{"floor":8,"key":"Strength Potion"},{"floor":13,"key":"Energy Potion"},{"floor":22,"key":"Explosive Potion"}],"is_trial":false,"path_per_floor":["M","T","M","$","M","E","R","M","T","?","M","R","M","E","R","B",null,"M","?","M","$","M","E","R","M","T","R","E"],"character_chosen":"DEFECT","items_purchased":["Melter","Recycle","Lee\u0027s Waffle"],"campfire_rested":4,"item_purchase_floors":[4,21,21],"current_hp_per_floor":[64,64,60,60,60,15,34,23,23,23,16,33,32,32,32,2,44,44,56,56,65,49,23,42,17,17,36,0,0],"gold":120,"neow_bonus":"THREE_RARE_CARDS","is_daily":false,"chose_seed":false,"campfire_upgraded":1,"win_rate":0.0,"timestamp":1608131158,"path_taken":["M","?","M","$","M","E","R","M","T","?","M","R","M","E","R","BOSS","M","?","M","$","M","E","R","M","T","R","E"],"items_purchased_type":["Card","Card","Relic"],"build_version":"2020-12-13","purchased_purges":1,"victory":false,"max_hp_per_floor":[64,64,64,64,64,64,64,64,64,58,58,58,58,58,58,58,58,58,58,58,65,65,65,65,65,65,65,65,65],"relic_stats":{"Lee\u0027s Waffle":9,"Happy Flower":[9],"counters":[15,54],"Golden Idol":55,"Bird Faced Urn":[2],"obtain_stats":[{"Lee\u0027s Waffle":21,"CaptainsWheel":23,"Happy Flower":14,"Golden Idol":10,"Bird Faced Urn":26,"Frozen Egg 2":2,"Cracked Core":0,"Symbiotic Virus":6,"Runic Pyramid":17},{"Lee\u0027s Waffle":11,"CaptainsWheel":13,"Happy Flower":8,"Golden Idol":5,"Bird Faced Urn":14,"Frozen Egg 2":1,"Cracked Core":0,"Symbiotic Virus":4,"Runic Pyramid":9},{"Lee\u0027s Waffle":42,"CaptainsWheel":48,"Happy Flower":26,"Golden Idol":20,"Bird Faced Urn":52,"Frozen Egg 2":3,"Cracked Core":0,"Symbiotic Virus":17,"Runic Pyramid":36}]},"card_choices":[{"not_picked":["Creative AI","Seek"],"picked":"Meteor Strike","floor":0},{"not_picked":["Leap","Chill"],"picked":"Cold Snap","floor":1},{"not_picked":["Coolheaded","Static Discharge+1"],"picked":"Reinforced Body","floor":3},{"not_picked":["Beam Cell","Rebound"],"picked":"Genetic Algorithm","floor":5},{"not_picked":["Ball Lightning","Barrage"],"picked":"Storm+1","floor":6},{"not_picked":["Reprogram","Sweeping Beam"],"picked":"Defragment+1","floor":8},{"not_picked":["Go for the Eyes","Lockon"],"picked":"Conserve Battery","floor":11},{"not_picked":["Aggregate","Steam"],"picked":"Electrodynamics+1","floor":13},{"not_picked":["Steam","BootSequence","Rebound"],"picked":"SKIP","floor":14},{"not_picked":["Buffer+1","Rainbow"],"picked":"Biased Cognition+1","floor":16},{"not_picked":["Consume","Doom and Gloom"],"picked":"Go for the Eyes","floor":18},{"not_picked":["Steam Power","Streamline"],"picked":"Beam Cell+1","floor":20},{"not_picked":["White Noise","Compile Driver"],"picked":"Barrage+1","floor":22},{"not_picked":["Consume","Steam"],"picked":"Force Field+1","floor":23},{"not_picked":["Rebound","Ball Lightning"],"picked":"Steam","floor":25}],"player_experience":2880298,"relics_obtained":[{"floor":2,"key":"Frozen Egg 2"},{"floor":6,"key":"Symbiotic Virus"},{"floor":14,"key":"Happy Flower"},{"floor":23,"key":"CaptainsWheel"},{"floor":26,"key":"Bird Faced Urn"}],"event_choices":[{"damage_healed":0,"gold_gain":0,"player_choice":"Lose Max HP","damage_taken":0,"relics_obtained":["Golden Idol"],"max_hp_gain":0,"max_hp_loss":6,"event_name":"Golden Idol","floor":10,"gold_loss":0},{"damage_healed":12,"gold_gain":0,"player_choice":"Heal","damage_taken":0,"max_hp_gain":0,"max_hp_loss":0,"event_name":"The Library","floor":19,"gold_loss":0}],"is_beta":false,"boss_relics":[{"not_picked":["Runic Dome","Astrolabe"],"picked":"Runic Pyramid"}],"items_purged_floors":[21],"is_endless":false,"potions_floor_spawned":[5,6,8,13,22],"killed_by":"Gremlin Leader","ascension_level":20}}