{"host":"emzksreay9b8489z","time":1608101001,"event":{"mods":["Act Like it!","BaseMod","Gensokyo","GifTheSpireLib","Minty Spire (QoL Compilation)","Prisma Mod","Say the Spire","StSLib"],"gold_per_floor":[118,79,90,90,90,116,126,126,126,126,126,126,126,137,137,237,237,253,234,234,89,102,131,150,163,163,163,163,36,51,70,70,171,171,182,198,198,36,56,84,84,109,109,109,31,81,114,96,96,96],"floor_reached":51,"playtime":15194,"items_purged":["PrismaMod:IllyaFriendMaker+1"],"score":805,"play_id":"ed916839-bc3e-4b59-ba8e-502f63162514","local_time":"20201216144321","is_ascension_mode":false,"campfire_choices":[{"floor":12,"key":"RECALL"},{"data":"PrismaMod:IllyaSaphire","floor":15,"key":"SMITH"},{"data":"PrismaMod:IllyaUberDefendChannel","floor":28,"key":"SMITH"},{"data":"PrismaMod:IllyaSaphire","floor":32,"key":"SMITH"},{"data":"PrismaMod:IllyaCarnivalPrismaAstolfo","floor":41,"key":"SMITH"},{"data":"PrismaMod:IllyaPartialInstallAssassin","floor":44,"key":"SMITH"},{"data":"PrismaMod:IllyaUberChannel","floor":49,"key":"SMITH"}],"circlet_count":0,"master_deck":["PrismaMod:IllyaCommonAttack","PrismaMod:IllyaCommonDefend","PrismaMod:IllyaCommonAttack+1","PrismaMod:IllyaCommonDefend","PrismaMod:IllyaCommonAttack","PrismaMod:IllyaCommonDefend+1","PrismaMod:IllyaCommonAttack","PrismaMod:IllyaCommonAttack","PrismaMod:IllyaCommonDefend","PrismaMod:IllyaUncommonAttack+1","PrismaMod:IllyaUncommonDefend+1","PrismaMod:IllyaSaphire+1","PrismaMod:IllyaMinorReinForce","PrismaMod:IllyaBerserCAR","PrismaMod:IllyaCarnivalDefend","PrismaMod:IllyaPoisonTippedWeapons","PrismaMod:IllyaPartialInstallAssassin+1","PrismaMod:IllyaUberDefendChannel+1","PrismaMod:IllyaCommandSeal+1","PrismaMod:IllyaSaphire+1","PrismaMod:IllyaRapidFire+1","PrismaMod:IllyaGrail","PrismaMod:IllyaCommandSeal","PrismaMod:IllyaInstallAlterEgo","PrismaMod:IllyaFeed+1","PrismaMod:IllyaInstallCaster","PrismaMod:IllyaMinorReinForce","PrismaMod:IllyaPoisonTippedWeapons+1","PrismaMod:IllyaCarnivalPrismaAstolfo+1","PrismaMod:IllyaSaphire","PrismaMod:IllyaDevil+1","PrismaMod:IllyaUberChannel+1"],"relics":["PrismaMod:PrismaRuby","Vajra","Whetstone","Centennial Puzzle","Coffee Dripper","Membership Card","Mummified Hand","Molten Egg 2","Mercury Hourglass","Sozu","Kunai","Strawberry","HornCleat","Sundial","TheAbacus","Bag of Marbles"],"acts_visited":["Exordium","TheCity","TheBeyond"],"potions_floor_usage":[],"damage_taken":[{"damage":3,"enemies":"Small Slimes","floor":1,"turns":4},{"damage":0,"enemies":"Jaw Worm","floor":3,"turns":8},{"damage":27,"enemies":"Gremlin Nob","floor":6,"turns":5},{"damage":0,"enemies":"2 Louse","floor":7,"turns":4},{"damage":0,"enemies":"Red Slaver","floor":14,"turns":5},{"damage":15,"enemies":"The Guardian","floor":16,"turns":15},{"damage":0,"enemies":"3 Byrds","floor":18,"turns":8},{"damage":0,"enemies":"2 Thieves","floor":19,"turns":4},{"damage":0,"enemies":"Snake Plant","floor":22,"turns":7},{"damage":49,"enemies":"Gremlin Leader","floor":23,"turns":11},{"damage":9,"enemies":"Cultist and Chosen","floor":24,"turns":13},{"damage":4,"enemies":"3 Cultists","floor":25,"turns":8},{"damage":0,"enemies":"Centurion and Healer","floor":30,"turns":7},{"damage":0,"enemies":"Snake Plant","floor":31,"turns":3},{"damage":3,"enemies":"Automaton","floor":33,"turns":8},{"damage":0,"enemies":"3 Darklings","floor":35,"turns":10},{"damage":12,"enemies":"3 Shapes","floor":36,"turns":6},{"damage":0,"enemies":"Spire Growth","floor":39,"turns":5},{"damage":0,"enemies":"Giant Head","floor":40,"turns":9},{"damage":16,"enemies":"Reptomancer","floor":42,"turns":5},{"damage":0,"enemies":"Transient","floor":46,"turns":5},{"damage":7,"enemies":"Nemesis","floor":47,"turns":5},{"damage":0,"enemies":"Donu and Deca","floor":50,"turns":7}],"seed_played":"3523200866393753643","potions_obtained":[{"floor":1,"key":"FearPotion"},{"floor":6,"key":"FearPotion"},{"floor":14,"key":"FearPotion"},{"floor":23,"key":"SteroidPotion"},{"floor":24,"key":"Strength Potion"}],"is_trial":false,"path_per_floor":["M","$","M","?","?","E","M","T","T","$","?","R","$","M","R","B",null,"M","M","?","$","M","E","M","M","T","?","R","$","M","M","R","B",null,"M","M","?","$","M","E","R","E","T","R","$","M","E","$","R","B",null],"character_chosen":"ILLYA","items_purchased":["PrismaMod:IllyaMinorReinForce","Membership Card","Mercury Hourglass","Kunai","TheAbacus","PrismaMod:IllyaUberChannel"],"campfire_rested":0,"item_purchase_floors":[2,21,29,38,45,48],"current_hp_per_floor":[79,79,79,63,63,36,36,36,36,36,18,18,18,18,18,3,82,82,82,82,82,82,33,29,30,30,30,30,30,35,35,35,40,82,82,73,73,73,78,89,89,89,89,89,89,89,89,89,89,92],"gold":96,"neow_bonus":"TEN_PERCENT_HP_BONUS","is_daily":false,"chose_seed":false,"campfire_upgraded":6,"win_rate":0.0,"timestamp":1608101001,"path_taken":["M","$","M","?","?","E","M","?","T","$","?","R","?","M","R","BOSS","M","M","?","$","M","E","M","M","T","?","R","$","M","?","R","BOSS","M","M","?","$","?","E","R","E","T","R","$","M","E","$","R","BOSS"],"items_purchased_type":["Card","Relic","Relic","Relic","Relic","Card"],"build_version":"2020-12-13","purchased_purges":1,"victory":true,"max_hp_per_floor":[82,82,82,82,82,82,82,82,82,82,82,82,82,82,82,82,82,82,82,82,82,82,82,82,82,82,82,82,82,82,82,82,82,82,82,82,82,82,82,89,89,89,89,89,89,89,92,92,92,92],"card_choices":[{"not_picked":["PrismaMod:IllyaUpgradeOrbs","PrismaMod:IllyaFriendMaker"],"picked":"PrismaMod:IllyaSaphire","floor":1},{"not_picked":["PrismaMod:IllyaRubysPotion","PrismaMod:IllyaGun"],"picked":"PrismaMod:IllyaBerserCAR","floor":3},{"not_picked":["PrismaMod:IllyaRussianRoulette","PrismaMod:IllyaMinorZwei"],"picked":"PrismaMod:IllyaCarnivalDefend","floor":6},{"not_picked":["PrismaMod:IllyaGrail","PrismaMod:IllyaDualEvoke"],"picked":"PrismaMod:IllyaPoisonTippedWeapons","floor":7},{"not_picked":["PrismaMod:IllyaBlindPoisonToss","PrismaMod:IllyaRapidFire"],"picked":"PrismaMod:IllyaPartialInstallAssassin","floor":14},{"not_picked":["PrismaMod:IllyaInstallBerserker","PrismaMod:IllyaCarnivalOrbs"],"picked":"PrismaMod:IllyaUberDefendChannel","floor":16},{"not_picked":["PrismaMod:IllyaMinorZwei+1","PrismaMod:IllyaPartialInstallAssassin+1"],"picked":"PrismaMod:IllyaCommandSeal+1","floor":18},{"not_picked":["PrismaMod:IllyaPoisonBomb","PrismaMod:IllyaCheapChannelAttack"],"picked":"PrismaMod:IllyaSaphire","floor":19},{"not_picked":["PrismaMod:IllyaBlindPoisonToss","PrismaMod:IllyaUncommonAttack","PrismaMod:IllyaAlice"],"picked":"SKIP","floor":22},{"not_picked":["PrismaMod:IllyaCheapChannelAttack+1","PrismaMod:IllyaPartialInstallAssassin","PrismaMod:IllyaBoysLove"],"picked":"SKIP","floor":23},{"not_picked":["PrismaMod:IllyaFeed","PrismaMod:IllyaCheapChannelDefend"],"picked":"PrismaMod:IllyaRapidFire+1","floor":24},{"not_picked":["PrismaMod:IllyaAssassinRevenge","PrismaMod:IllyaHassanGift+1","PrismaMod:IllyaEvokeAll"],"picked":"SKIP","floor":25},{"not_picked":["PrismaMod:IllyaCheapDefend+1","PrismaMod:IllyaGrailKun"],"picked":"PrismaMod:IllyaGrail","floor":30},{"not_picked":["PrismaMod:IllyaFeed+1","PrismaMod:IllyaInstallBerserker"],"picked":"PrismaMod:IllyaCommandSeal","floor":31},{"not_picked":["PrismaMod:IllyaInstallRider","PrismaMod:IllyaInstallShielder"],"picked":"PrismaMod:IllyaInstallAlterEgo","floor":33},{"not_picked":["PrismaMod:IllyaAOECommonAttack+1","PrismaMod:IllyaBoysLove+1"],"picked":"PrismaMod:IllyaFeed+1","floor":35},{"not_picked":["PrismaMod:IllyaRapidFire+1","PrismaMod:IllyaMinorReinForce","PrismaMod:IllyaDevil+1"],"picked":"SKIP","floor":36},{"not_picked":["PrismaMod:IllyaPoisoningPhantasm+1","PrismaMod:IllyaRubysPotion"],"picked":"PrismaMod:IllyaPoisonTippedWeapons+1","floor":39},{"not_picked":["PrismaMod:IllyaCommandSeal+1","PrismaMod:IllyaBoysLove"],"picked":"PrismaMod:IllyaCarnivalPrismaAstolfo","floor":40},{"not_picked":["PrismaMod:IllyaUncommonAOEAttack+1","PrismaMod:IllyaUberPoisonBlock+1","PrismaMod:IllyaCheapChannelDefend"],"picked":"SKIP","floor":42},{"not_picked":["PrismaMod:IllyaCommonEvoke+1","PrismaMod:IllyaStunPoison+1"],"picked":"PrismaMod:IllyaSaphire","floor":46},{"not_picked":["PrismaMod:IllyaUberDefendChannel","PrismaMod:IllyaUpgradeOrbs+1"],"picked":"PrismaMod:IllyaDevil+1","floor":47}],"player_experience":4223,"relics_obtained":[{"floor":6,"key":"Vajra"},{"floor":9,"key":"Whetstone"},{"floor":23,"key":"Mummified Hand"},{"floor":26,"key":"Molten Egg 2"},{"floor":40,"key":"Strawberry"},{"floor":42,"key":"HornCleat"},{"floor":43,"key":"Sundial"},{"floor":47,"key":"Bag of Marbles"}],"event_choices":[{"damage_healed":0,"gold_gain":0,"player_choice":"Entered Light","damage_taken":16,"max_hp_gain":0,"max_hp_loss":0,"event_name":"Shining Light","floor":4,"gold_loss":0,"cards_upgraded":["PrismaMod:IllyaUncommonDefend","PrismaMod:IllyaCommonDefend"]},{"damage_healed":0,"gold_gain":0,"player_choice":"Leave","damage_taken":0,"max_hp_gain":0,"max_hp_loss":0,"event_name":"The Cleric","floor":5,"gold_loss":0},{"damage_healed":0,"gold_gain":0,"player_choice":"Success","damage_taken":18,"relics_obtained":["Centennial Puzzle"],"max_hp_gain":0,"max_hp_loss":0,"event_name":"Scrap Ooze","floor":11,"gold_loss":0},{"damage_healed":0,"gold_gain":0,"player_choice":"Ignored","damage_taken":0,"max_hp_gain":0,"max_hp_loss":0,"event_name":"Beggar","floor":20,"gold_loss":0},{"cards_removed":["PrismaMod:IllyaCommonDefend"],"damage_healed":0,"gold_gain":0,"player_choice":"Purged","damage_taken":0,"max_hp_gain":0,"max_hp_loss":0,"event_name":"Purifier","floor":27,"gold_loss":0},{"damage_healed":0,"gold_gain":0,"player_choice":"3 cards matched","damage_taken":0,"max_hp_gain":0,"max_hp_loss":0,"event_name":"Match and Keep!","floor":37,"gold_loss":0,"cards_obtained":["PrismaMod:IllyaInstallCaster","PrismaMod:IllyaMinorReinForce","PrismaMod:IllyaFriendMaker"]}],"is_beta":false,"boss_relics":[{"not_picked":["Fusion Hammer","Astrolabe"],"picked":"Coffee Dripper"},{"not_picked":["SacredBark","Empty Cage"],"picked":"Sozu"}],"items_purged_floors":[38],"is_endless":false,"potions_floor_spawned":[1,6,14,16,23,24,33,36,40,42,47],"ascension_level":0}}