{"host":"684z1xpuwaoqmmh1","time":1608153639,"event":{"mods":["Bard","BaseMod","Downfall","Hermit","Jorbs\u0027s Wanderer Trilogy","Marisa????????","Minty Spire (QoL Compilation)","StSLib","The Hierophant","The Mystic","The Runesmith"],"gold_per_floor":[99,129,129,158,83,101,101,111,140,140,152,162,262,172,190,265,265,265,283,315,315,315],"floor_reached":21,"playtime":1034,"items_purged":["Slimebound:Icky"],"score":494,"play_id":"6f324c73-c471-47d8-be71-6abf3c246147","local_time":"20201216232039","is_ascension_mode":true,"campfire_choices":[{"floor":1.0,"key":"RECALL"},{"data":"hexamod:Float","floor":5.0,"key":"SMITH"},{"data":"hexamod:EmpoweredFlame","floor":10.0,"key":"SMITH"},{"data":"hexamod:EmpoweringStance","floor":18.0,"key":"SMITH"}],"circlet_count":0,"master_deck":["AscendersBane","hexamod:Strike","hexamod:Strike","hexamod:Strike","hexamod:Strike","hexamod:Defend","hexamod:Defend","hexamod:Defend","hexamod:Defend","hexamod:Sear","hexamod:Float+1","hexamod:FastForward","hexamod:NightmareGuise","hexamod:FastForward","hexamod:EmpoweredFlame+1","hexamod:ShieldOfDarkness","hexamod:ApocalypseNow","hexamod:GhostOfSpireFuture","hexamod:EmpoweringStance+1","hexamod:PowerFromBeyond","hexamod:SwordOfDarkness","hexamod:TimeWarp","hexamod:HauntingEcho","hexamod:Hexaguard","hexamod:RadiantFlame"],"relics":["hexamod:SpiritBrand","downfall:HeartsMalice","Prayer Wheel","Question Card","downfall:HeartBlessingRed","Pear","Ancient Tea Set","sneckomod:SneckoTalon","Juzu Bracelet"],"acts_visited":["Exordium","TheCity"],"potions_floor_usage":[21],"damage_taken":[{"damage":0.0,"enemies":"3 Sentries","floor":2.0,"turns":1.0},{"damage":0.0,"enemies":"Cultist","floor":3.0,"turns":1.0},{"damage":0.0,"enemies":"Gremlin Nob","floor":4.0,"turns":1.0},{"damage":0.0,"enemies":"2 Louse","floor":6.0,"turns":3.0},{"damage":1.0,"enemies":"Jaw Worm","floor":8.0,"turns":3.0},{"damage":7.0,"enemies":"Lagavulin","floor":9.0,"turns":6.0},{"damage":6.0,"enemies":"Exordium Wildlife","floor":11.0,"turns":3.0},{"damage":5.0,"enemies":"Blue Slaver","floor":12.0,"turns":4.0},{"damage":6.0,"enemies":"downfall:FleeingMerchant","floor":14.0,"turns":4.0},{"damage":0.0,"enemies":"3 Louse","floor":15.0,"turns":3.0},{"damage":24.0,"enemies":"downfall:Ironclad","floor":16.0,"turns":9.0},{"damage":2.0,"enemies":"3 Byrds","floor":19.0,"turns":5.0},{"damage":7.0,"enemies":"Book of Stabbing","floor":20.0,"turns":5.0},{"damage":50,"enemies":"Masked Bandits","floor":21,"turns":3}],"seed_played":"-1956860040156493520","potions_obtained":[{"floor":6.0,"key":"AttackPotion"},{"floor":8.0,"key":"Fire Potion"},{"floor":9.0,"key":"DistilledChaos"},{"floor":11.0,"key":"SpeedPotion"},{"floor":15.0,"key":"EssenceOfSteel"},{"floor":19.0,"key":"Guardian:BlockOnCardUsePotion"}],"is_trial":false,"path_per_floor":["R","E","M","E","R","M","T","M","E","R","M","M","?","$","M","B",null,"R","M","E","?"],"character_chosen":"THE_SPIRIT","items_purchased":[],"campfire_rested":0,"item_purchase_floors":[],"current_hp_per_floor":[57,57,57,57,57,57,67,66,59,59,53,48,48,42,42,18,59,59,57,50,0,0],"gold":315,"neow_bonus":"THREE_ENEMY_KILL","is_daily":false,"chose_seed":false,"campfire_upgraded":3,"win_rate":0.0,"timestamp":1608153639,"path_taken":["R","E","M","E","R","M","T","?","E","R","?","M","?","$","M","BOSS","R","M","E","?"],"items_purchased_type":[],"build_version":"2020-12-13","purchased_purges":1,"victory":false,"max_hp_per_floor":[63,63,63,63,63,63,73,73,73,73,73,73,73,73,73,73,73,73,73,73,73,73],"card_choices":[{"not_picked":["hexamod:GhostShield","hexamod:HeatCrush"],"picked":"hexamod:FastForward","floor":2.0},{"not_picked":["hexamod:GhostShield","hexamod:BurningTouch"],"picked":"hexamod:NightmareGuise","floor":3.0},{"not_picked":["hexamod:NightmareGuise","hexamod:Firestarter","hexamod:NecessarySacrifice"],"picked":"SKIP","floor":3.0},{"not_picked":["hexamod:GhostShield","hexamod:Haunt"],"picked":"hexamod:FastForward","floor":4.0},{"not_picked":["hexamod:Firestarter","hexamod:GhostShield","hexamod:ShieldOfDarkness"],"picked":"hexamod:EmpoweredFlame","floor":6.0},{"not_picked":["hexamod:RainOfEmbers","hexamod:HeatMetal","hexamod:Firestarter","hexamod:InspiringFlames"],"picked":"SKIP","floor":6.0},{"not_picked":["hexamod:ThermalTransfer","hexamod:BacktrackSmack","hexamod:GhostShield"],"picked":"hexamod:ShieldOfDarkness","floor":8.0},{"not_picked":["hexamod:SoulSteal","hexamod:DynamicBlow","hexamod:FastForward","hexamod:GhostOfSpirePast"],"picked":"SKIP","floor":8.0},{"not_picked":["hexamod:Again","hexamod:FastForward","hexamod:ChargedBarrage"],"picked":"hexamod:ApocalypseNow","floor":9.0},{"not_picked":["hexamod:Firestarter","hexamod:HeatMetal","hexamod:ShieldOfDarkness","hexamod:NightmareGuise"],"picked":"SKIP","floor":11.0},{"not_picked":["hexamod:NightmareGuise","hexamod:InspiringFlames","hexamod:Firestarter","hexamod:SpectersWail"],"picked":"SKIP","floor":11.0},{"not_picked":["hexamod:ParanormalForm","hexamod:NecessarySacrifice","hexamod:NightmareStrike"],"picked":"hexamod:GhostOfSpireFuture","floor":12.0},{"not_picked":["hexamod:NecessarySacrifice","hexamod:HeatCrush","hexamod:NightmareGuise","hexamod:AdvancingGuard"],"picked":"SKIP","floor":12.0},{"not_picked":["hexamod:BacktrackSmack","hexamod:Hexaguard","hexamod:Rewind"],"picked":"hexamod:EmpoweringStance","floor":14.0},{"not_picked":["hexamod:FastForward","hexamod:PhantomFireball","hexamod:SwordOfDarkness"],"picked":"hexamod:PowerFromBeyond","floor":15.0},{"not_picked":["hexamod:NightmareStrike","hexamod:RainOfEmbers","hexamod:Again"],"picked":"hexamod:SwordOfDarkness","floor":15.0},{"not_picked":["hexamod:TimeOfNeed","hexamod:ApocalypticArmor","hexamod:GhostflameInferno"],"picked":"hexamod:TimeWarp","floor":16.0},{"not_picked":["hexamod:BacktrackSmack","hexamod:ApocalypseNow","hexamod:NightmareGuise"],"picked":"hexamod:HauntingEcho","floor":19.0},{"not_picked":["hexamod:SpectersWail","hexamod:GhostLash","hexamod:NightmareStrike"],"picked":"hexamod:Hexaguard","floor":19.0},{"not_picked":["hexamod:FourthSeal","hexamod:SpectralSpark","hexamod:BacktrackSmack"],"picked":"hexamod:RadiantFlame","floor":20.0}],"player_experience":2341363,"relics_obtained":[{"floor":2.0,"key":"Prayer Wheel"},{"floor":4.0,"key":"Question Card"},{"floor":7.0,"key":"Pear"},{"floor":9.0,"key":"Ancient Tea Set"},{"floor":20.0,"key":"Juzu Bracelet"}],"event_choices":[{"damage_healed":0,"gold_gain":0,"player_choice":"Fought Bandits","damage_taken":0,"max_hp_gain":0,"max_hp_loss":0,"event_name":"Masked Bandits","floor":21,"gold_loss":0}],"is_beta":false,"boss_relics":[{"not_picked":["Snecko Eye","Ectoplasm"],"picked":"sneckomod:SneckoTalon"}],"items_purged_floors":[14],"is_endless":false,"potions_floor_spawned":[6,8,9,11,15,16,19],"killed_by":"Masked Bandits","ascension_level":17}}