{"host":"97xrrfc9klt1b555","time":1608101423,"event":{"mods":["2.2 Compatiblity","Act Like it!","AlwaysNeverKeys","Aspiration","BaseMod","Better Third Choice","BetterRewards","Colored Map","Colored Powertips","Conspire","DeckTracker","Downfall","Energized Spire","Exacting","Friendly Minions","GifTheSpireLib","Halation","Highlight Path","Hubris","Infinite Spire","Minty Spire (QoL Compilation)","Permanent Neow","Quick Restart","RatMod","Replay The Spire","Spikes Relics","StSLib","Strawberry Spire","Stuff the Spire","SuperFastMode","The Servant 0.9.4","Trackpad","vexMod"],"gold_per_floor":[116,88,115,142,142,173,173,193,248,24,24,39,64,87,87,205,205,217,316,226,245,245,273,289,324,324,324,341,341,91,6,6,103,103,119,169,222,236,252,252,252,286,286,286,341,238,266,279,279,279,279,279,6,31,31],"floor_reached":56,"playtime":3537,"items_purged":["Strike_S","Strike_S"],"score":1549,"play_id":"64db6949-07d9-4cfd-af10-241656728423","local_time":"20201216015023","is_ascension_mode":false,"campfire_choices":[{"data":"Initiator","floor":7,"key":"SMITH"},{"data":"RealityMarble","floor":11,"key":"SMITH"},{"data":"Replace","floor":15,"key":"SMITH"},{"data":"Solidify","floor":27,"key":"SMITH"},{"data":"Replace","floor":29,"key":"SMITH"},{"data":"GremboGang","floor":32,"key":"SMITH"},{"data":"Solidify","floor":40,"key":"SMITH"},{"data":"Spin","floor":44,"key":"SMITH"},{"data":"SilverBlades","floor":49,"key":"SMITH"},{"data":"Misdirection","floor":52,"key":"SMITH"}],"circlet_count":0,"master_deck":["Defend_S","Defend_S+1","Defend_S","KidneyShot","Exchange","Starlight","Replace+1","Initiator+1","Potential","BestPractice+1","Desolation+1","RealityMarble+1","Sabotage","Potential","TimeWarp","Solidify+1","Spin+1","Starlight","infinitespire:Fortify","SilverBlades+1","Replace+1","Defy","Replace+1","GremboGang+1","Solidify+1","Spin+1","Replace+1","DancingSilver+1","Misdirection+1","BottledTime+1","Potential","Spin","ShatteredReality","Replay:Dark Deal","Flash of Steel","strawberrySpire:Dropbox","Shuttle+1"],"relics":["Uniform","Guardian:PocketSentry","betterThird:SlimedRelic","Centennial Puzzle","halation:EternalFortune","StuffTheSpire:MayFlowers","SpikesRelics:DaevaFist","strawberrySpire:GlyphStone","halation:PromiseList","Odd Mushroom","SlaversCollar","ReplayTheSpireMod:Ninjato","hubris:ToyBattleship","strawberrySpire:KineticCharger","Question Card","Gambling Chip","conspire:SpecialSausage","BicycleWheel","StuffTheSpire:Experiment12","StuffTheSpire:HeavyRock","trackpad:WondrousWand","Smiling Mask","halation:Toothbrush","ReplayTheSpireMod:TigerMarble","ReplayTheSpireMod:ShopPack","StuffTheSpire:OldFever"],"acts_visited":["Exordium","TheCity","TheBeyond","TheEnding"],"potions_floor_usage":[6,6,13,18,42,42,55],"damage_taken":[{"damage":0,"enemies":"Jaw Worm","floor":1,"turns":3},{"damage":0,"enemies":"Cultist","floor":4,"turns":3},{"damage":11,"enemies":"3 Sentries","floor":6,"turns":7},{"damage":2,"enemies":"Small Slimes","floor":8,"turns":2},{"damage":0,"enemies":"Looter","floor":12,"turns":2},{"damage":3,"enemies":"Gremlin Nob","floor":13,"turns":3},{"damage":7,"enemies":"The Mushroom Lair","floor":14,"turns":3},{"damage":0,"enemies":"Slime Boss","floor":16,"turns":4},{"damage":5,"enemies":"2 Thieves","floor":18,"turns":3},{"damage":0,"enemies":"Spheric Guardian","floor":21,"turns":3},{"damage":0,"enemies":"Slavers","floor":23,"turns":4},{"damage":9,"enemies":"Snake Plant","floor":24,"turns":3},{"damage":13,"enemies":"Book of Stabbing","floor":25,"turns":3},{"damage":0,"enemies":"Shelled Parasite and Fungi","floor":28,"turns":3},{"damage":0,"enemies":"Automaton","floor":33,"turns":5},{"damage":6,"enemies":"3 Shapes","floor":35,"turns":2},{"damage":23,"enemies":"2 Orb Walkers","floor":36,"turns":4},{"damage":2,"enemies":"3 Darklings","floor":38,"turns":2},{"damage":6,"enemies":"Sphere and 2 Shapes","floor":39,"turns":3},{"damage":0,"enemies":"strawberrySpire:EssenceStones","floor":42,"turns":3},{"damage":0,"enemies":"Giant Head","floor":47,"turns":3},{"damage":0,"enemies":"Transient","floor":48,"turns":5},{"damage":4,"enemies":"Awakened One","floor":50,"turns":5},{"damage":0,"enemies":"Shield and Spear","floor":54,"turns":2},{"damage":20,"enemies":"The Heart","floor":55,"turns":5}],"seed_played":"1803783476807744233","potions_obtained":[{"floor":1,"key":"hexamod:EctoCoolerPotion"},{"floor":1,"key":"Guardian:BlockOnCardUsePotion"},{"floor":6,"key":"Strength Potion"},{"floor":6,"key":"Dexterity Potion"},{"floor":12,"key":"Swift Potion"},{"floor":13,"key":"Guardian:BlockOnCardUsePotion"},{"floor":24,"key":"Ancient Potion"},{"floor":28,"key":"Energy Potion"},{"floor":42,"key":"FearPotion"},{"floor":54,"key":"SpeedPotion"}],"is_trial":false,"path_per_floor":["M","?","T","M","?","E","R","M","T","$","R","M","E","?","R","B",null,"M","?","?","M","AVR","E","M","E","T","R","M","R","?","?","R","B",null,"M","?","T","M","M","R","?","E","T","R","T","$","E","M","R","B",null,"R","$","E","B",null],"character_chosen":"THE_SERVANT","items_purchased":["strawberrySpire:GlyphStone","RealityMarble","Potential","ReplayTheSpireMod:TigerMarble","ReplayTheSpireMod:ShopPack"],"campfire_rested":0,"item_purchase_floors":[10,10,46,53,53],"current_hp_per_floor":[65,54,54,54,57,46,46,54,54,54,54,54,51,44,44,44,68,63,63,63,63,63,63,54,44,44,44,47,47,47,47,47,47,74,68,45,45,46,40,40,40,40,40,40,40,40,40,43,43,39,77,77,77,77,57],"gold":31,"neow_bonus":"RANDOM_COMMON_RELIC","is_daily":false,"chose_seed":false,"campfire_upgraded":10,"win_rate":0.0,"timestamp":1608101423,"path_taken":["M","?","?","?","?","E","R","M","T","$","R","M","E","?","R","BOSS","M","?","?","M","AVR","E","M","E","T","R","?","R","?","?","R","BOSS","M","?","?","M","?","R","?","E","T","R","?","$","E","M","R","BOSS","R","$","E","BOSS"],"items_purchased_type":["Relic","Card","Card","Relic","Relic"],"build_version":"2020-12-13","purchased_purges":2,"victory":true,"max_hp_per_floor":[65,65,65,65,68,68,68,68,68,68,68,68,68,68,68,68,68,68,68,68,68,68,68,68,71,71,71,74,74,74,74,74,74,74,74,74,74,77,77,77,77,77,77,77,77,77,77,77,77,77,77,77,77,77,77],"card_choices":[{"not_picked":["FastForward","Alleviate"],"picked":"Starlight","floor":1},{"not_picked":["DancingSilver","Rearm"],"picked":"Replace","floor":4},{"not_picked":["Starlight","Barrier"],"picked":"Initiator","floor":6},{"not_picked":["ShatteredReality","Defy"],"picked":"Potential","floor":8},{"not_picked":["Replace","Reset"],"picked":"Sabotage","floor":12},{"not_picked":["FloweringNight","WasteNot"],"picked":"Potential","floor":13},{"not_picked":["Rearm","BottledTime"],"picked":"TimeWarp","floor":14},{"not_picked":["PendulumOfEternity","TrueSight"],"picked":"Solidify","floor":16},{"not_picked":["Replace","BottledTime+1"],"picked":"Spin+1","floor":18},{"not_picked":["Potential+1","RealityMarble"],"picked":"Starlight","floor":21},{"not_picked":["InstantArmor","Moonlight"],"picked":"SilverBlades","floor":23},{"not_picked":["Starlight+1","Moonlight"],"picked":"Replace","floor":24},{"not_picked":["DoubleEdge+1","Replace"],"picked":"Defy","floor":25},{"not_picked":["Duplication","Potential","ReturningBlade"],"picked":"Replace+1","floor":28},{"not_picked":["Initiator","TheWorld","SoulSculpture"],"picked":"Solidify","floor":33},{"not_picked":["Alleviate","Unruled+1","Starlight+1"],"picked":"Spin","floor":35},{"not_picked":["ReturningBlade","SurpressingFire+1","TimeWarp+1"],"picked":"Replace+1","floor":36},{"not_picked":["Starlight+1","TimeWarp","Collapse+1"],"picked":"DancingSilver+1","floor":38},{"not_picked":["Ricochet","Replace+1","DancingSilver"],"picked":"Misdirection","floor":39},{"not_picked":["Revamp","FloweringNight","DoubleEdge"],"picked":"BottledTime+1","floor":42},{"not_picked":["Alleviate+1","Collapse+1","Rearm+1"],"picked":"Spin","floor":47},{"not_picked":["Reset","Spin+1","Ricochet"],"picked":"ShatteredReality","floor":48},{"not_picked":["ReplayTheSpireMod:Brewmster","ReplayUltimateDefense","Master of Strategy"],"picked":"Replay:Dark Deal","floor":53},{"not_picked":["Mayhem","conspire:Banana","strawberrySpire:Disreguard"],"picked":"Flash of Steel","floor":53},{"not_picked":["vexMod:StairwayStrike","vexMod:EmailVexCard","Impatience"],"picked":"strawberrySpire:Dropbox","floor":53},{"not_picked":["SpecialFormula","Gouge+1","StarChef"],"picked":"Shuttle+1","floor":54}],"player_experience":840840,"relics_obtained":[{"floor":3,"key":"Centennial Puzzle"},{"floor":6,"key":"StuffTheSpire:MayFlowers"},{"floor":9,"key":"SpikesRelics:DaevaFist"},{"floor":13,"key":"halation:PromiseList"},{"floor":14,"key":"Odd Mushroom"},{"floor":23,"key":"hubris:ToyBattleship"},{"floor":25,"key":"halation:EternalFortune"},{"floor":25,"key":"strawberrySpire:KineticCharger"},{"floor":26,"key":"Question Card"},{"floor":28,"key":"halation:EternalFortune"},{"floor":36,"key":"BicycleWheel"},{"floor":37,"key":"StuffTheSpire:Experiment12"},{"floor":38,"key":"halation:EternalFortune"},{"floor":42,"key":"StuffTheSpire:HeavyRock"},{"floor":43,"key":"trackpad:WondrousWand"},{"floor":45,"key":"Smiling Mask"},{"floor":47,"key":"halation:Toothbrush"},{"floor":54,"key":"StuffTheSpire:OldFever"}],"event_choices":[{"damage_healed":0,"gold_gain":0,"player_choice":"Slimed","damage_taken":11,"max_hp_gain":0,"max_hp_loss":0,"event_name":"betterThird:BetterGoop","floor":2,"gold_loss":28},{"damage_healed":0,"gold_gain":0,"player_choice":"Fought Mushrooms","damage_taken":0,"max_hp_gain":0,"max_hp_loss":0,"event_name":"Mushrooms","floor":14,"gold_loss":0},{"damage_healed":0,"gold_gain":99,"player_choice":"Steal","damage_taken":0,"max_hp_gain":0,"max_hp_loss":0,"event_name":"betterThird:BetterNest","floor":19,"gold_loss":0},{"cards_removed":["Strike_S"],"damage_healed":0,"gold_gain":0,"player_choice":"Upgrade and Remove","damage_taken":0,"max_hp_gain":0,"max_hp_loss":0,"event_name":"Designer","floor":20,"gold_loss":90,"cards_upgraded":["Defend_S"]},{"damage_healed":0,"gold_gain":0,"player_choice":"Obtained Relic","damage_taken":0,"relics_obtained":["Gambling Chip"],"max_hp_gain":0,"max_hp_loss":0,"event_name":"Addict","floor":31,"gold_loss":85},{"damage_healed":0,"gold_gain":0,"player_choice":"Fight","damage_taken":0,"max_hp_gain":0,"max_hp_loss":0,"event_name":"Mysterious Sphere","floor":36,"gold_loss":0},{"damage_healed":0,"gold_gain":0,"player_choice":"Leave","damage_taken":0,"max_hp_gain":0,"max_hp_loss":0,"event_name":"conspire:Investor","floor":41,"gold_loss":0}],"is_beta":false,"boss_relics":[{"not_picked":["energizedSpire:OgreHead","Calling Bell"],"picked":"SlaversCollar"},{"not_picked":["ReplayTheSpireMod:SealedPack","vexMod:TanglingVine"],"picked":"conspire:SpecialSausage"}],"items_purged_floors":[22,46],"is_endless":false,"potions_floor_spawned":[1,6,12,13,24,28,38,42,54],"ascension_level":0}}