{"host":"ab2s6ezjqdgtrlyf","time":1608121356,"event":{"mods":["BaseMod","Colored Map","Highlight Path","Marked Mod","Minty Spire (QoL Compilation)","Quick Restart","Relic Stats","Replay The Spire","StSLib","Waifu the Spire","vexMod"],"gold_per_floor":[115,115,115,115,128,128,143,143,169,169,62,84,84,84],"floor_reached":13,"playtime":211,"items_purged":["Strike_B"],"score":142,"play_id":"b3e5d881-95a4-4110-b344-b65a45277647","local_time":"20201216202236","is_ascension_mode":true,"campfire_choices":[{"data":"Loop","floor":6,"key":"SMITH"},{"data":"Mirror Shield","floor":8,"key":"SMITH"},{"data":"Zap","floor":10,"key":"SMITH"}],"circlet_count":0,"master_deck":["AscendersBane","Strike_B","Strike_B","Defend_B","Defend_B","Defend_B","Zap+1","Dualcast","Loop+1","Mirror Shield+1","Chill","Conserve Battery"],"relics":["Cracked Core","NeowsBlessing","CeramicFish"],"acts_visited":["Exordium"],"potions_floor_usage":[13],"damage_taken":[{"damage":0,"enemies":"Small Slimes","floor":1,"turns":1},{"damage":0,"enemies":"2 Louse","floor":5,"turns":1},{"damage":0,"enemies":"Cultist","floor":7,"turns":1},{"damage":2,"enemies":"Red Slaver","floor":12,"turns":4},{"damage":39,"enemies":"Gremlin Nob","floor":13,"turns":5}],"seed_played":"-7218638120989810887","potions_obtained":[{"floor":7,"key":"SpeedPotion"},{"floor":12,"key":"LifebloodPotion"}],"is_trial":false,"path_per_floor":["M","?","?","?","M","R","M","R","T","R","$","M","E"],"character_chosen":"DEFECT","items_purchased":["Chill"],"campfire_rested":0,"item_purchase_floors":[11],"current_hp_per_floor":[64,64,64,64,64,64,64,64,64,64,64,62,23,23],"gold":84,"neow_bonus":"THREE_ENEMY_KILL","is_daily":false,"chose_seed":false,"campfire_upgraded":3,"win_rate":0.0,"timestamp":1608121356,"path_taken":["M","?","?","?","M","R","?","R","T","R","$","M","E"],"items_purchased_type":["Card"],"build_version":"2020-12-13","purchased_purges":1,"victory":false,"max_hp_per_floor":[71,71,71,71,71,71,71,71,71,71,71,71,71,71],"relic_stats":{"counters":[5,12],"CeramicFish":18,"obtain_stats":[{"NeowsBlessing":0,"CeramicFish":9,"Cracked Core":0},{"NeowsBlessing":0,"CeramicFish":3,"Cracked Core":0},{"NeowsBlessing":0,"CeramicFish":3,"Cracked Core":0}]},"card_choices":[{"not_picked":["Leap","Recycle"],"picked":"Loop","floor":1},{"not_picked":["Lockon","Streamline","Cold Snap"],"picked":"SKIP","floor":5},{"not_picked":["Compile Driver","Beam Cell","Steam"],"picked":"SKIP","floor":7},{"not_picked":["Turbo","Compile Driver"],"picked":"Conserve Battery","floor":12}],"player_experience":783957,"relics_obtained":[{"floor":9,"key":"CeramicFish"}],"event_choices":[{"damage_healed":0,"gold_gain":0,"player_choice":"Ignored","damage_taken":0,"max_hp_gain":0,"max_hp_loss":0,"event_name":"Liars Game","floor":2,"gold_loss":0},{"damage_healed":0,"gold_gain":0,"cards_transformed":["Strike_B"],"player_choice":"Transformed","damage_taken":0,"max_hp_gain":0,"max_hp_loss":0,"event_name":"Transmorgrifier","floor":4,"gold_loss":0,"cards_obtained":["Mirror Shield"]}],"is_beta":false,"boss_relics":[],"items_purged_floors":[11],"is_endless":false,"potions_floor_spawned":[7,12],"killed_by":"Gremlin Nob","ascension_level":19}}