{"host":"0cnf9zf1gia27zti","time":1608142121,"event":{"mods":["BaseMod","BetterRewards","Card Forge","Colored Map","Colored Powertips","Conspire","Downfall","Minty Spire (QoL Compilation)","Practice Mode","Quick Restart","Replay The Spire","Robot Space Explorer","Shade Mod","Spicy Shops","StSLib"],"gold_per_floor":[111,42,58,13,31,31,59,71,71,71,94,110,121,139,139,214,214,228,248,261,38,51,51,86,104,104,104,104,132,132,132,132],"floor_reached":31,"playtime":6669,"items_purged":["Strike_G"],"score":469,"play_id":"8e3ae7ba-d681-4c52-a529-180d1c93bf14","local_time":"20201216180841","is_ascension_mode":true,"campfire_choices":[{"floor":6,"key":"DIG"},{"floor":10,"key":"REST"},{"floor":15,"key":"REST"},{"floor":23,"key":"REST"},{"floor":28,"key":"REST"},{"floor":30,"key":"REST"}],"circlet_count":0,"master_deck":["AscendersBane","Strike_G","Strike_G","Strike_G","Strike_G","Defend_G","Defend_G","Defend_G","Defend_G","Defend_G","Survivor","Neutralize","Noxious Fumes+1","Noxious Fumes+1","Footwork","Catalyst","Noxious Fumes+1","Poison Darts","ReplayTheSpireMod:Speed Training","Catalyst","Backflip","Backflip","Venomology","Skewer","Predator+1","PiercingWail","Deflect"],"relics":["Ring of the Snake","Hammer of Thor","Seething Fire","Anvil of the Gods","Chemical X","Shovel","DollysMirror","ReplayTheSpireMod:CursedCoin","Pocketwatch","Replay:Bottled Eggs","Garlic","Odd Mushroom","Ring of Chaos","ReplayTheSpireMod:TigerMarble","MealTicket","Sundial","Shuriken"],"acts_visited":["Exordium","TheCity"],"potions_floor_usage":[12,16,16,16,18,19,20,24,24,24,29,31,31],"damage_taken":[{"damage":1,"enemies":"Small Slimes","floor":1,"turns":4},{"damage":0,"enemies":"Jaw Worm","floor":3,"turns":6},{"damage":1,"enemies":"Cultist","floor":5,"turns":3},{"damage":1,"enemies":"Lagavulin","floor":7,"turns":6},{"damage":14,"enemies":"Exordium Wildlife","floor":8,"turns":4},{"damage":9,"enemies":"The Mushroom Lair","floor":11,"turns":3},{"damage":0,"enemies":"Looter","floor":12,"turns":1},{"damage":2,"enemies":"Large Slime","floor":13,"turns":5},{"damage":2,"enemies":"Exordium Wildlife","floor":14,"turns":4},{"damage":13,"enemies":"Fading Forest","floor":16,"turns":11},{"damage":5,"enemies":"Shell Parasite","floor":18,"turns":4},{"damage":5,"enemies":"Spheric Guardian","floor":19,"turns":4},{"damage":3,"enemies":"Centurion and Healer","floor":20,"turns":5},{"damage":21,"enemies":"Snake Plant","floor":22,"turns":4},{"damage":47,"enemies":"Book of Stabbing","floor":24,"turns":7},{"damage":2,"enemies":"Sentry and Sphere","floor":25,"turns":5},{"damage":0,"enemies":"conspire:MimicChest","floor":29,"turns":6},{"damage":26,"enemies":"Colosseum Slavers","floor":31,"turns":5},{"damage":35,"enemies":"Colosseum Nobs","floor":31,"turns":4}],"seed_played":"-8923349361196489749","potions_obtained":[{"floor":7,"key":"SpeedPotion"},{"floor":8,"key":"DuplicationPotion"},{"floor":12,"key":"PowerPotion"},{"floor":14,"key":"EntropicBrew"},{"floor":18,"key":"SpeedPotion"},{"floor":22,"key":"champ:CounterPotion"}],"is_trial":false,"path_per_floor":["M","$","M","$","M","R","E","M","T","R","?","M","M","M","R","B",null,"M","M","M","$","M","R","E","M","T","?","R","?","R","?"],"character_chosen":"THE_SILENT","items_purchased":["Noxious Fumes","Chemical X","Shovel","DollysMirror","Footwork","Noxious Fumes","ReplayTheSpireMod:CursedCoin","Poison Darts","ReplayTheSpireMod:TigerMarble"],"campfire_rested":5,"item_purchase_floors":[0,0,0,0,2,4,4,4,21],"current_hp_per_floor":[30,30,30,30,29,29,28,14,14,35,26,26,24,22,43,38,62,57,52,49,49,28,49,2,4,4,4,25,25,46,0,0],"gold":132,"neow_bonus":"","is_daily":false,"chose_seed":false,"campfire_upgraded":0,"win_rate":0.0,"timestamp":1608142121,"path_taken":["M","$","M","$","M","R","E","M","T","R","?","M","M","M","R","BOSS","M","M","M","$","M","R","E","M","T","?","R","?","R","?"],"items_purchased_type":["Card","Relic","Relic","Relic","Card","Card","Relic","Card","Relic"],"build_version":"2020-12-13","purchased_purges":1,"victory":false,"max_hp_per_floor":[70,70,70,70,70,70,70,70,70,70,70,70,70,70,70,70,70,70,70,70,70,70,70,70,70,70,70,70,70,70,70,70],"card_choices":[{"not_picked":["Cloak And Dagger","Dodge and Roll","Poisoned Stab"],"picked":"SKIP","floor":1},{"not_picked":["Prepared","Cloak And Dagger"],"picked":"Catalyst","floor":3},{"not_picked":["Acrobatics","Slice","Dagger Throw"],"picked":"SKIP","floor":5},{"not_picked":["Sucker Punch","Dagger Throw","Quick Slash"],"picked":"SKIP","floor":7},{"not_picked":["Sucker Punch","Dodge and Roll","Hidden Blade"],"picked":"SKIP","floor":8},{"not_picked":["PiercingWail","Acrobatics"],"picked":"ReplayTheSpireMod:Speed Training","floor":11},{"not_picked":["Dagger Throw","Choke"],"picked":"Catalyst","floor":12},{"not_picked":["Hidden Blade","Underhanded Strike"],"picked":"Backflip","floor":13},{"not_picked":["Deadly Poison","conspire:PoisonWeapons"],"picked":"Backflip","floor":14},{"not_picked":["A Thousand Cuts","Die Die Die"],"picked":"Venomology","floor":16},{"not_picked":["Deflect","Setup"],"picked":"Skewer","floor":18},{"not_picked":["Cloak And Dagger","Deadly Poison","Slice"],"picked":"SKIP","floor":19},{"not_picked":["Dagger Throw","Tactician","ReplayTheSpireMod:The Works"],"picked":"SKIP","floor":20},{"not_picked":["Bane","Slice"],"picked":"Predator+1","floor":22},{"not_picked":["Acrobatics","Slice","Dash"],"picked":"SKIP","floor":24},{"not_picked":["Sucker Punch+1","Acrobatics"],"picked":"PiercingWail","floor":25},{"not_picked":["A Thousand Cuts","Deadly Poison"],"picked":"Deflect","floor":29}],"player_experience":2068378,"relics_obtained":[{"floor":6,"key":"Pocketwatch"},{"floor":7,"key":"Replay:Bottled Eggs"},{"floor":9,"key":"Garlic"},{"floor":11,"key":"Odd Mushroom"},{"floor":24,"key":"MealTicket"},{"floor":26,"key":"Sundial"},{"floor":29,"key":"Shuriken"}],"event_choices":[{"damage_healed":0,"gold_gain":0,"player_choice":"Fought Mushrooms","damage_taken":0,"max_hp_gain":0,"max_hp_loss":0,"event_name":"Mushrooms","floor":11,"gold_loss":0},{"damage_healed":0,"gold_gain":0,"player_choice":"Fight","damage_taken":0,"max_hp_gain":0,"max_hp_loss":0,"event_name":"Colosseum","floor":31,"gold_loss":0},{"damage_healed":0,"gold_gain":0,"player_choice":"Fought Nobs","damage_taken":0,"max_hp_gain":0,"max_hp_loss":0,"event_name":"Colosseum","floor":31,"gold_loss":0}],"is_beta":false,"boss_relics":[{"not_picked":["Busted Crown","ChewingGum"],"picked":"Ring of Chaos"}],"items_purged_floors":[21],"is_endless":false,"potions_floor_spawned":[7,8,12,14,18,22,31],"killed_by":"Colosseum Nobs","ascension_level":13}}