{"host":"l99crexq2sc8megk","time":1608127698,"event":{"mods":["BaseMod","Downfall","Hermit","Minty Spire (QoL Compilation)","Quick Restart","Replay The Spire","StSLib","The Cursed"],"gold_per_floor":[110,110,110,311,87,162,112,146,172,202,202,202,216,24,24,96,96,111,131,131,141,13,13,0,0,24,24,56,72,72,91,91,163,163,179,192,192,192,492,492,492,503,555,555,573,573,393,403,403,403,403],"floor_reached":50,"playtime":1677,"items_purged":["Sickly","Defend_R","Decay"],"score":1055,"play_id":"d5963329-17ba-4bd5-bb48-0da6dead366d","local_time":"20201216220818","is_ascension_mode":true,"campfire_choices":[{"data":"Ghostly Armor","floor":12.0,"key":"SMITH"},{"data":"Shrug It Off","floor":15.0,"key":"SMITH"},{"data":"Rupture","floor":23.0,"key":"SMITH"},{"data":"expansioncontent:DashGenerateEvil","floor":25.0,"key":"SMITH"},{"data":"Heavy Blade","floor":32.0,"key":"SMITH"},{"data":"Neutralize","floor":40.0,"key":"SMITH"},{"floor":44.0,"key":"REST"},{"data":"Pot Of Greed","floor":49.0,"key":"SMITH"}],"circlet_count":0,"master_deck":["AscendersBane","Defend_R","Survivor","Neutralize+1","Ghostly Armor+1","Pot Of Greed+1","Shrug It Off+1","Thunderclap","Impervious","Fiend Fire+1","Whirlwind+1","Impervious+1","Slimebound:Tackle+1","Slimebound:Tackle+1","Slimebound:Tackle+1","expansioncontent:DashGenerateEvil+1","Rupture+1","Sword Boomerang","Pot Of Greed","Reaper","Heavy Blade+1","Master of Strategy","Inflame"],"relics":["Burning Blood","Juzu Bracelet","ReplayTheSpireMod:Ring of Challenge","Ring of Fury","Membership Card","Sundial","Bag of Preparation","Grinning Jar","Paper Frog","Astrolabe","Anchor","Lantern","Sozu","Iron Hammer","Pen Nib","HandDrill"],"acts_visited":["Exordium","TheCity","TheBeyond"],"potions_floor_usage":[50],"damage_taken":[{"damage":5.0,"enemies":"Small Slimes","floor":1.0,"turns":3.0},{"damage":43.0,"enemies":"Lagavulin","floor":8.0,"turns":8.0},{"damage":8.0,"enemies":"2 Louse","floor":10.0,"turns":5.0},{"damage":0.0,"enemies":"Jaw Worm","floor":13.0,"turns":4.0},{"damage":22.0,"enemies":"Slime Boss","floor":16.0,"turns":10.0},{"damage":27.0,"enemies":"Chosen","floor":18.0,"turns":6.0},{"damage":1.0,"enemies":"Spheric Guardian","floor":19.0,"turns":4.0},{"damage":6.0,"enemies":"Snecko","floor":21.0,"turns":2.0},{"damage":9.0,"enemies":"Gremlin Leader","floor":28.0,"turns":5.0},{"damage":9.0,"enemies":"Snake Plant","floor":29.0,"turns":2.0},{"damage":9.0,"enemies":"Cultist and Chosen","floor":31.0,"turns":3.0},{"damage":58.0,"enemies":"Pondfish","floor":33.0,"turns":11.0},{"damage":22.0,"enemies":"3 Shapes","floor":35.0,"turns":4.0},{"damage":31.0,"enemies":"3 Darklings","floor":36.0,"turns":4.0},{"damage":30.0,"enemies":"Spire Growth","floor":42.0,"turns":6.0},{"damage":2.0,"enemies":"Jaw Worm Horde","floor":45.0,"turns":3.0},{"damage":24.0,"enemies":"4 Shapes","floor":48.0,"turns":2.0},{"damage":95,"enemies":"Awakened One","floor":50,"turns":7}],"seed_played":"6852094547911130244","potions_obtained":[{"floor":8.0,"key":"EntropicBrew"},{"floor":13.0,"key":"Strength Potion"},{"floor":16.0,"key":"FearPotion"},{"floor":19.0,"key":"Ancient Potion"},{"floor":33.0,"key":"Dexterity Potion"}],"is_trial":false,"path_per_floor":["M","?","?","?","$","T","?","E","T","M","?","R","M","$","R","B",null,"M","M","?","M","$","R","$","R","T","?","E","M","?","M","R","B",null,"M","M","?","?","?","R","T","M","T","R","M","?","$","M","R","B"],"character_chosen":"IRONCLAD","items_purchased":["Membership Card","Ghostly Armor","Paper Frog","Thunderclap","expansioncontent:DashGenerateEvil","Rupture","Sword Boomerang","HandDrill","Inflame"],"campfire_rested":1,"item_purchase_floors":[5,5,14,14,22,22,24,47,47],"current_hp_per_floor":[69,69,69,69,69,69,69,32,32,30,30,30,36,36,36,20,61,40,45,45,45,45,45,45,45,45,45,42,39,39,48,48,20,61,59,34,34,34,34,34,34,19,19,41,45,45,45,63,63,0,0],"gold":403,"neow_bonus":"RANDOM_COMMON_RELIC","is_daily":false,"chose_seed":false,"campfire_upgraded":7,"win_rate":0.0,"timestamp":1608127698,"path_taken":["M","?","?","?","$","?","?","E","T","M","?","R","M","$","R","BOSS","M","M","?","M","$","R","$","R","T","?","E","M","?","M","R","BOSS","M","M","?","?","?","R","?","M","T","R","M","?","$","M","R","BOSS"],"items_purchased_type":["Relic","Card","Relic","Card","Card","Card","Card","Relic","Card"],"build_version":"2020-12-13","purchased_purges":3,"victory":false,"max_hp_per_floor":[75,75,75,75,75,75,75,75,75,75,75,75,75,75,75,75,75,75,75,75,75,75,75,75,75,75,75,75,75,75,75,75,75,75,75,75,75,75,75,75,75,75,75,75,75,75,75,75,75,75,75],"card_choices":[{"not_picked":["Thunderclap","Evolve","Heavy Blade"],"picked":"SKIP","floor":1.0},{"not_picked":["Second Wind","Power Through","Heavy Blade"],"picked":"SKIP","floor":8.0},{"not_picked":["Power Through","Armaments"],"picked":"Shrug It Off","floor":10.0},{"not_picked":["Warcry","Carnage","Feed"],"picked":"SKIP","floor":13.0},{"not_picked":["Double Tap","Corruption"],"picked":"Impervious","floor":16.0},{"not_picked":["Sentinel+1","Disarm","Intimidate+1"],"picked":"SKIP","floor":18.0},{"not_picked":["True Grit","Wild Strike","Body Slam"],"picked":"SKIP","floor":19.0},{"not_picked":["Body Slam","Reckless Charge+1","ReplayTheSpireMod:Strike From Hell"],"picked":"SKIP","floor":21.0},{"not_picked":["Run Through","Demonic Infusion"],"picked":"Reaper","floor":28.0},{"not_picked":["Body Slam","Massacre","ReplayTheSpireMod:Stacked"],"picked":"SKIP","floor":29.0},{"not_picked":["Run Through","Blood for Blood"],"picked":"Heavy Blade","floor":31.0},{"not_picked":["Warcry+1","Sever Soul","Headbutt"],"picked":"SKIP","floor":35.0},{"not_picked":["Body Slam+1","Havoc","Iron Wave+1"],"picked":"SKIP","floor":36.0},{"not_picked":["Replay:SS_hec_4","Sadistic Nature"],"picked":"Master of Strategy","floor":37.0},{"not_picked":["ReplayTheSpireMod:Stacked","Warcry+1","Evolve"],"picked":"SKIP","floor":42.0},{"not_picked":["Headbutt+1","Iron Wave","Disarm"],"picked":"SKIP","floor":45.0},{"not_picked":["Warcry","Massacre","ReplayTheSpireMod:Strike From Hell"],"picked":"SKIP","floor":48.0}],"player_experience":348522,"relics_obtained":[{"floor":2.0,"key":"ReplayTheSpireMod:Ring of Challenge"},{"floor":2.0,"key":"Ring of Fury"},{"floor":6.0,"key":"Sundial"},{"floor":8.0,"key":"Bag of Preparation"},{"floor":9.0,"key":"Grinning Jar"},{"floor":26.0,"key":"Anchor"},{"floor":28.0,"key":"Lantern"},{"floor":41.0,"key":"Iron Hammer"},{"floor":43.0,"key":"Pen Nib"}],"event_choices":[{"cards_removed":["Defend_R"],"damage_healed":0.0,"max_hp_gain":0.0,"max_hp_loss":0.0,"gold_gain":0.0,"event_name":"The Cleric","player_choice":"Card Removal","floor":7.0,"gold_loss":50.0,"damage_taken":0.0},{"damage_healed":0.0,"max_hp_gain":0.0,"max_hp_loss":0.0,"gold_gain":0.0,"event_name":"Liars Game","player_choice":"Ignored","floor":11.0,"gold_loss":0.0,"damage_taken":0.0},{"damage_healed":0.0,"max_hp_gain":0.0,"max_hp_loss":0.0,"gold_gain":0.0,"event_name":"Ghosts","player_choice":"Ignored","floor":27.0,"gold_loss":0.0,"damage_taken":0.0},{"damage_healed":0.0,"max_hp_gain":0.0,"max_hp_loss":0.0,"gold_gain":0.0,"event_name":"Forgotten Altar","player_choice":"Smashed Altar","floor":30.0,"gold_loss":0.0,"damage_taken":0.0,"cards_obtained":["Decay"]},{"damage_healed":0.0,"max_hp_gain":0.0,"max_hp_loss":0.0,"gold_gain":0.0,"event_name":"SensoryStone","player_choice":"Memory 1","floor":37.0,"gold_loss":0.0,"damage_taken":0.0},{"cards_removed":["Pot Of Greed"],"damage_healed":0.0,"max_hp_gain":0.0,"max_hp_loss":0.0,"gold_gain":0.0,"event_name":"Falling","player_choice":"Removed Skill","floor":38.0,"gold_loss":0.0,"damage_taken":0.0},{"damage_healed":0.0,"max_hp_gain":0.0,"max_hp_loss":0.0,"gold_gain":300.0,"event_name":"Wheel of Change","player_choice":"Gold","floor":39.0,"gold_loss":0.0,"damage_taken":0.0},{"damage_healed":0.0,"max_hp_gain":0.0,"max_hp_loss":0.0,"gold_gain":0.0,"event_name":"Tomb of Lord Red Mask","player_choice":"Ignored","floor":46.0,"gold_loss":0.0,"damage_taken":0.0}],"is_beta":false,"boss_relics":[{"not_picked":["Tiny House","ChewingGum"],"picked":"Astrolabe"},{"not_picked":["Runic Cube","Cursed Key"],"picked":"Sozu"}],"items_purged_floors":[5,14,47],"is_endless":false,"potions_floor_spawned":[8,13,16,19,31,33,35],"killed_by":"Awakened One","ascension_level":14}}