{"host":"foq4mrde4mssg7vt","time":1608102792,"event":{"mods":["AchievementEnabler","BaseMod","Colored Map","Colored Powertips","Highlight Path","Minty Spire (QoL Compilation)","Relic Stats","everything is the same but u backflip on backflip"],"gold_per_floor":[368,165,183,197,197,226,239,258,312,326,326,338,338,14,14,119,119,135,151,166,166,183,183,211,211,211,228,228,84,109,120,120,221,221,236,251,251,251,251,284,284,37,37,37,37,84,109,121,121,121,121,121,69,98,98],"floor_reached":56,"playtime":3214,"items_purged":["Clumsy","Strike_G"],"score":1578,"play_id":"50d0c292-1216-4686-b1f3-f636bb526fe1","local_time":"20201216151312","is_ascension_mode":true,"campfire_choices":[{"floor":11.0,"key":"REST"},{"data":"Footwork","floor":13.0,"key":"SMITH"},{"data":"Neutralize","floor":15.0,"key":"SMITH"},{"floor":23.0,"key":"REST"},{"floor":25.0,"key":"REST"},{"floor":28.0,"key":"REST"},{"floor":32.0,"key":"REST"},{"floor":41.0,"key":"RECALL"},{"floor":45.0,"key":"REST"},{"floor":49.0,"key":"REST"},{"floor":52.0,"key":"REST"}],"circlet_count":0,"master_deck":["Defend_G","Defend_G","Defend_G","Defend_G","Defend_G","Survivor","Neutralize+1","Poisoned Stab","Blade Dance","Dagger Throw","Infinite Blades","PiercingWail","Predator","Corpse Explosion","Footwork+1","Cloak And Dagger","Caltrops","Footwork+1","Night Terror","Deadly Poison","Well Laid Plans+1","Catalyst+1","Dagger Spray","Deflect","Calculated Gamble","Finisher","Dagger Throw+1","Underhanded Strike+1","Prepared+1","Secret Technique","Deflect+1"],"relics":["Ring of the Snake","Gremlin Horn","Bag of Preparation","DollysMirror","Fusion Hammer","StrikeDummy","Mummified Hand","Anchor","Art of War","Astrolabe","White Beast Statue","Frozen Eye","Bronze Scales","Ornamental Fan","Ice Cream"],"acts_visited":["Exordium","TheCity","TheBeyond","TheEnding"],"potions_floor_usage":[55,55,55],"damage_taken":[{"damage":0.0,"enemies":"Cultist","floor":1.0,"turns":6.0},{"damage":10.0,"enemies":"Small Slimes","floor":3.0,"turns":4.0},{"damage":0.0,"enemies":"Jaw Worm","floor":4.0,"turns":3.0},{"damage":32.0,"enemies":"Gremlin Nob","floor":6.0,"turns":4.0},{"damage":0.0,"enemies":"3 Louse","floor":7.0,"turns":1.0},{"damage":3.0,"enemies":"Large Slime","floor":8.0,"turns":7.0},{"damage":1.0,"enemies":"Looter","floor":10.0,"turns":4.0},{"damage":0.0,"enemies":"2 Fungi Beasts","floor":12.0,"turns":3.0},{"damage":23.0,"enemies":"The Guardian","floor":16.0,"turns":12.0},{"damage":21.0,"enemies":"Spheric Guardian","floor":18.0,"turns":5.0},{"damage":12.0,"enemies":"Chosen","floor":19.0,"turns":5.0},{"damage":14.0,"enemies":"Shelled Parasite and Fungi","floor":20.0,"turns":6.0},{"damage":0.0,"enemies":"3 Cultists","floor":22.0,"turns":4.0},{"damage":16.0,"enemies":"Slavers","floor":24.0,"turns":3.0},{"damage":8.0,"enemies":"Snake Plant","floor":27.0,"turns":5.0},{"damage":9.0,"enemies":"Book of Stabbing","floor":30.0,"turns":5.0},{"damage":0.0,"enemies":"Sentry and Sphere","floor":31.0,"turns":4.0},{"damage":30.0,"enemies":"Collector","floor":33.0,"turns":10.0},{"damage":6.0,"enemies":"Orb Walker","floor":35.0,"turns":3.0},{"damage":3.0,"enemies":"3 Darklings","floor":36.0,"turns":2.0},{"damage":1.0,"enemies":"Giant Head","floor":40.0,"turns":5.0},{"damage":23.0,"enemies":"Reptomancer","floor":47.0,"turns":6.0},{"damage":30.0,"enemies":"Maw","floor":48.0,"turns":5.0},{"damage":15.0,"enemies":"Donu and Deca","floor":50.0,"turns":4.0},{"damage":28.0,"enemies":"Shield and Spear","floor":54.0,"turns":5.0},{"damage":35,"enemies":"The Heart","floor":55,"turns":6}],"seed_played":"-334676736512645676","potions_obtained":[{"floor":6.0,"key":"SteroidPotion"},{"floor":8.0,"key":"FearPotion"},{"floor":10.0,"key":"AttackPotion"},{"floor":19.0,"key":"SkillPotion"},{"floor":27.0,"key":"SpeedPotion"},{"floor":31.0,"key":"LiquidMemories"},{"floor":33.0,"key":"Dexterity Potion"},{"floor":47.0,"key":"Ancient Potion"},{"floor":54.0,"key":"Weak Potion"}],"is_trial":false,"path_per_floor":["M","$","M","M","?","E","M","M","T","M","R","M","R","$","R","B",null,"M","M","M","?","M","R","E","R","T","M","R","$","E","M","R","B",null,"M","M","$","?","?","E","R","$","T","?","R","T","E","M","R","B",null,"R","$","E","B",null],"character_chosen":"THE_SILENT","items_purchased":["Blade Dance","Dagger Throw","Infinite Blades","DollysMirror","Flechettes","Anchor","GhostInAJar","Frozen Eye","Block Potion"],"campfire_rested":8,"item_purchase_floors":[2,2,2,14,14,29,42,42,53],"current_hp_per_floor":[63,63,53,53,53,21,21,18,18,17,38,38,38,38,38,15,56,35,23,9,9,9,30,14,35,35,27,48,48,39,39,60,30,60,54,51,51,51,51,50,50,50,50,40,59,59,36,6,25,10,52,66,66,38,3],"gold":98,"neow_bonus":"TWO_FIFTY_GOLD","is_daily":false,"chose_seed":false,"campfire_upgraded":2,"win_rate":0.0,"timestamp":1608102792,"path_taken":["M","$","M","M","?","E","M","M","T","M","R","M","R","$","R","BOSS","M","?","M","?","?","R","E","R","T","M","R","$","E","M","R","BOSS","M","M","$","?","?","E","R","$","T","?","R","?","E","M","R","BOSS","R","$","E","BOSS"],"items_purchased_type":["Card","Card","Card","Relic","Card","Relic","Potion","Relic","Potion"],"build_version":"2020-12-13","purchased_purges":2,"victory":true,"max_hp_per_floor":[70,70,70,70,70,70,70,70,70,70,70,70,70,70,70,70,70,70,70,70,70,70,70,70,70,70,70,70,70,70,70,70,70,70,70,70,70,70,66,66,66,66,66,66,66,66,66,66,66,66,66,66,66,66,66],"relic_stats":{"Gremlin Horn":[17,17],"counters":[26,127],"Mummified Hand":[72],"Ornamental Fan":[28],"Astrolabe":["Dagger Throw","Underhanded Strike","Prepared"],"Bronze Scales":[100],"Bag of Preparation":[40],"Art of War":[2],"obtain_stats":[{"Ice Cream":54,"Gremlin Horn":6,"Astrolabe":34,"Bag of Preparation":9,"White Beast Statue":40,"Frozen Eye":42,"Anchor":29,"DollysMirror":14,"Mummified Hand":26,"Ornamental Fan":47,"Bronze Scales":46,"Fusion Hammer":17,"Art of War":30,"StrikeDummy":24,"Ring of the Snake":0},{"Ice Cream":25,"Gremlin Horn":4,"Astrolabe":18,"Bag of Preparation":6,"White Beast Statue":21,"Frozen Eye":21,"Anchor":15,"DollysMirror":8,"Mummified Hand":14,"Ornamental Fan":22,"Bronze Scales":21,"Fusion Hammer":9,"Art of War":16,"StrikeDummy":14,"Ring of the Snake":0},{"Ice Cream":121,"Gremlin Horn":17,"Astrolabe":91,"Bag of Preparation":25,"White Beast Statue":101,"Frozen Eye":101,"Anchor":72,"DollysMirror":32,"Mummified Hand":67,"Ornamental Fan":107,"Bronze Scales":101,"Fusion Hammer":44,"Art of War":77,"StrikeDummy":67,"Ring of the Snake":0}],"Ring of the Snake":[52]},"card_choices":[{"not_picked":["Dagger Spray","Concentrate"],"picked":"Poisoned Stab","floor":1.0},{"not_picked":["Poisoned Stab","Outmaneuver"],"picked":"PiercingWail","floor":3.0},{"not_picked":["PiercingWail","Flying Knee"],"picked":"Predator","floor":4.0},{"not_picked":["Heel Hook","Venomology"],"picked":"Footwork","floor":6.0},{"not_picked":["Dagger Throw","Flying Knee","PiercingWail"],"picked":"SKIP","floor":7.0},{"not_picked":["Riddle With Holes","Dagger Throw"],"picked":"Cloak And Dagger","floor":8.0},{"not_picked":["Acrobatics","Underhanded Strike"],"picked":"Caltrops","floor":10.0},{"not_picked":["Eviscerate","Blade Dance","Reflex"],"picked":"SKIP","floor":12.0},{"not_picked":["Burst","Grand Finale"],"picked":"Night Terror","floor":16.0},{"not_picked":["Prepared","Quick Slash"],"picked":"Deadly Poison","floor":18.0},{"not_picked":["Quick Slash","Blade Dance"],"picked":"Well Laid Plans+1","floor":19.0},{"not_picked":["Heel Hook","Caltrops","Deadly Poison+1"],"picked":"SKIP","floor":20.0},{"not_picked":["All Out Attack+1","Expertise"],"picked":"Catalyst+1","floor":22.0},{"not_picked":["Accuracy","Blade Dance"],"picked":"Dagger Spray","floor":24.0},{"not_picked":["Distraction+1","Dagger Throw"],"picked":"Deflect","floor":27.0},{"not_picked":["Outmaneuver","Reflex"],"picked":"Calculated Gamble","floor":30.0},{"not_picked":["Quick Slash+1","Terror"],"picked":"Finisher","floor":31.0},{"not_picked":["Deadly Poison+1","Sucker Punch+1","Heel Hook+1"],"picked":"SKIP","floor":35.0},{"not_picked":["Endless Agony+1","Dagger Spray+1","Deflect+1"],"picked":"SKIP","floor":36.0},{"not_picked":["Concentrate","Prepared+1","Tactician+1"],"picked":"SKIP","floor":40.0},{"not_picked":["Thinking Ahead","Impatience"],"picked":"Secret Technique","floor":44.0},{"not_picked":["Underhanded Strike+1","Poisoned Stab+1","Endless Agony"],"picked":"SKIP","floor":47.0},{"not_picked":["Blade Dance","Quick Slash"],"picked":"Deflect+1","floor":48.0},{"not_picked":["Cloak And Dagger+1","A Thousand Cuts","Sucker Punch"],"picked":"SKIP","floor":54.0}],"player_experience":182241,"relics_obtained":[{"floor":6.0,"key":"Gremlin Horn"},{"floor":9.0,"key":"Bag of Preparation"},{"floor":24.0,"key":"StrikeDummy"},{"floor":26.0,"key":"Mummified Hand"},{"floor":30.0,"key":"Art of War"},{"floor":40.0,"key":"White Beast Statue"},{"floor":46.0,"key":"Bronze Scales"},{"floor":47.0,"key":"Ornamental Fan"},{"floor":54.0,"key":"Ice Cream"}],"event_choices":[{"damage_healed":0.0,"max_hp_gain":0.0,"max_hp_loss":0.0,"gold_gain":0.0,"cards_transformed":["Strike_G"],"event_name":"Transmorgrifier","player_choice":"Transformed","floor":5.0,"gold_loss":0.0,"damage_taken":0.0,"cards_obtained":["Corpse Explosion"]},{"cards_removed":["Strike_G"],"damage_healed":0.0,"max_hp_gain":0.0,"max_hp_loss":0.0,"gold_gain":0.0,"event_name":"Purifier","player_choice":"Purged","floor":21.0,"gold_loss":0.0,"damage_taken":0.0},{"damage_healed":0.0,"max_hp_gain":0.0,"max_hp_loss":0.0,"gold_gain":0.0,"event_name":"Tomb of Lord Red Mask","player_choice":"Ignored","floor":38.0,"gold_loss":0.0,"damage_taken":0.0},{"damage_healed":0.0,"max_hp_gain":0.0,"max_hp_loss":4.0,"gold_gain":0.0,"event_name":"Winding Halls","player_choice":"Max HP","floor":39.0,"gold_loss":0.0,"damage_taken":0.0},{"damage_healed":0.0,"max_hp_gain":0.0,"max_hp_loss":0.0,"gold_gain":0.0,"event_name":"SensoryStone","player_choice":"Memory 3","floor":44.0,"gold_loss":0.0,"damage_taken":10.0}],"is_beta":false,"boss_relics":[{"not_picked":["SlaversCollar","Calling Bell"],"picked":"Fusion Hammer"},{"not_picked":["Ring of the Serpent","WristBlade"],"picked":"Astrolabe"}],"items_purged_floors":[2,14],"is_endless":false,"potions_floor_spawned":[6,8,10,19,27,31,33,47,48,54],"ascension_level":7}}