{"host":"g86tzja0f4rljy89","time":1608116751,"event":{"mods":["Bard","BaseMod","Conspire","Hermit","Infinite Spire","Marisa????????","Minty Spire (QoL Compilation)","Remilia??????","Replay The Spire","StSLib","Td1madao Mod","The Cursed","The Hierophant","The Servant 0.9.4"],"gold_per_floor":[115,115,115,135,152,179,197,197,197,223,148,163,369,79,79,174,174,194,194,244,159,179,179,8,8,59,59,108,139,238,138,138,242,242,254,254,254,304,23,23],"floor_reached":41,"playtime":3063,"items_purged":["Strike_RM","Defend_RM","Defend_RM","CommonCold"],"score":605,"play_id":"44515d7c-3005-4004-b0a0-2244ebb61397","local_time":"20201216180551","is_ascension_mode":false,"campfire_choices":[{"floor":8.0,"key":"REST"},{"floor":15.0,"key":"REST"},{"floor":23.0,"key":"REST"},{"data":"Mayhem","floor":25.0,"key":"SMITH"},{"floor":32.0,"key":"DIG"}],"circlet_count":0,"master_deck":["Strike_RM","Strike_RM","Defend_RM","Defend_RM","RedMoon","ScarletShoot","HunterOfTheNight","CharismaGuard","EternalNight","FitfulNightmare","LeisurelyOfLord","FavorOfDestiny","BloodyHallows","Clumsy","Hallucinations","VampireKiss","BlasphemousPunishment","Mayhem+1","UnstableMagic+1","CharismaGuard","EquivalentExchange","BloodyCatastrophe","BombardNight+1","infinitespire:FutureSight","ScarletImprint+1"],"relics":["ScarletHat","NeowsBlessing","TypeBBloodRedTea","Mango","Odd Mushroom","infinitespire:Lychee Nut","Replay:Ancient Bell","Pen Nib","Mummified Hand","Bird Faced Urn","FaceOfCleric","Incense Burner","ReplayTheSpireMod:TigerMarble","conspire:DecoderRing","Potion Belt","APieceOfRedMist","Divine Protection","Fusion Hammer","Replay:Towering Pillar of Hats","ScarletDevilRocket"],"acts_visited":["Exordium","TheCity","TheBeyond"],"potions_floor_usage":[40,40,40],"damage_taken":[{"damage":0.0,"enemies":"2 Louse","floor":1.0,"turns":2.0},{"damage":0.0,"enemies":"Cultist","floor":4.0,"turns":1.0},{"damage":0.0,"enemies":"conspire:RoseBush","floor":5.0,"turns":1.0},{"damage":54.0,"enemies":"Gremlin Nob","floor":6.0,"turns":8.0},{"damage":0.0,"enemies":"Looter","floor":7.0,"turns":4.0},{"damage":11.0,"enemies":"The Mushroom Lair","floor":10.0,"turns":6.0},{"damage":0.0,"enemies":"Blue Slaver","floor":12.0,"turns":6.0},{"damage":42.0,"enemies":"The Guardian","floor":16.0,"turns":15.0},{"damage":26.0,"enemies":"Spheric Guardian","floor":18.0,"turns":5.0},{"damage":11.0,"enemies":"Shell Parasite","floor":20.0,"turns":7.0},{"damage":29.0,"enemies":"Snake Plant","floor":22.0,"turns":4.0},{"damage":26.0,"enemies":"Book of Stabbing","floor":28.0,"turns":6.0},{"damage":22.0,"enemies":"Shelled Parasite and Fungi","floor":29.0,"turns":4.0},{"damage":75.0,"enemies":"Collector","floor":33.0,"turns":7.0},{"damage":40.0,"enemies":"3 Darklings","floor":35.0,"turns":5.0},{"damage":7.0,"enemies":"Mind Bloom Boss Battle","floor":38.0,"turns":6.0},{"damage":161,"enemies":"infinitespire:MassOfShapes","floor":40,"turns":14}],"seed_played":"2614800422990301220","potions_obtained":[{"floor":4.0,"key":"EssenceOfSteel"},{"floor":7.0,"key":"LifebloodPotion"},{"floor":16.0,"key":"SkillPotion"},{"floor":33.0,"key":"Swift Potion"},{"floor":35.0,"key":"Fruit Juice"},{"floor":35.0,"key":"Regen Potion"}],"is_trial":false,"path_per_floor":["M","?","?","M","M","E","M","R","T","?","$","M","?","$","R","B",null,"M","?","M","?","M","R","$","R","T","?","E","M","?","$","R","B",null,"M","AVR","?","?","$","B",null],"character_chosen":"REMILIA","items_purchased":["infinitespire:Lychee Nut","Mayhem","ScarletDevilRocket"],"campfire_rested":3,"item_purchase_floors":[14,24,39],"current_hp_per_floor":[75,75,75,75,75,24,30,52,66,62,62,69,47,47,66,42,66,43,43,53,53,46,66,66,66,66,66,61,53,53,53,53,71,71,59,59,59,73,73,54],"gold":23,"neow_bonus":"THREE_ENEMY_KILL","is_daily":false,"chose_seed":false,"campfire_upgraded":1,"win_rate":0.0,"timestamp":1608116751,"path_taken":["M","?","?","M","?","E","M","R","T","?","$","M","?","?","R","BOSS","M","?","?","?","M","R","$","R","T","?","E","M","?","$","R","BOSS","M","AVR","?","?","$","BOSS"],"items_purchased_type":["Relic","Card","Relic"],"build_version":"2020-11-29","purchased_purges":4,"victory":true,"max_hp_per_floor":[75,75,75,75,75,75,75,75,89,89,89,89,89,66,66,66,66,66,66,67,67,68,68,68,68,68,68,69,70,70,70,70,71,71,72,72,72,73,73,79],"card_choices":[{"not_picked":["Stigmanizer","NightDance"],"picked":"HunterOfTheNight","floor":1.0},{"not_picked":["BloodyMagicSquare","EndlessAdversity","Septette"],"picked":"SKIP","floor":4.0},{"not_picked":["BombardNight","ForbiddenFruit"],"picked":"CharismaGuard","floor":5.0},{"not_picked":["Septette","DiffusionOfMisfortune"],"picked":"EternalNight","floor":6.0},{"not_picked":["ScarletNetherworld","ScarletCoffin"],"picked":"FitfulNightmare","floor":7.0},{"not_picked":["StarOfDavid","CharismaGuard"],"picked":"LeisurelyOfLord","floor":10.0},{"not_picked":["NightLord","EndlessAdversity","MiserableFate"],"picked":"SKIP","floor":12.0},{"not_picked":["UnderTheZenith","Stigmanizer"],"picked":"FavorOfDestiny","floor":13.0},{"not_picked":["TricksterDevil","ForecastOfChange"],"picked":"BloodyHallows","floor":16.0},{"not_picked":["hermit:ImpendingDoom","ReplayTheSpireMod:Doomed"],"picked":"Clumsy","floor":17.0},{"not_picked":["ReplayTheSpireMod:Doomed","Delirium"],"picked":"Hallucinations","floor":17.0},{"not_picked":["Amnesia","Wrath_TH"],"picked":"CommonCold","floor":17.0},{"not_picked":["ScarletDevil","UltimateOffering+1","Septette"],"picked":"SKIP","floor":18.0},{"not_picked":["TwelveNightmare+1","FavorOfDestiny"],"picked":"VampireKiss","floor":20.0},{"not_picked":["BloodHunter","VampirishNight"],"picked":"BlasphemousPunishment","floor":22.0},{"not_picked":["BloodyMagicSquare","ScarletNetherworld"],"picked":"UnstableMagic+1","floor":28.0},{"not_picked":["BadLadyScramble","EndlessAdversity+1"],"picked":"CharismaGuard","floor":28.0},{"not_picked":["ScarletDevil+1","DiffusionOfMisfortune"],"picked":"EquivalentExchange","floor":29.0},{"not_picked":["EquivalentExchange","ChaoticDestiny"],"picked":"BloodyCatastrophe","floor":33.0},{"not_picked":["ScarletGensokyo+1","NightDance+1"],"picked":"BombardNight+1","floor":35.0},{"not_picked":["EmergencyRegeneration","StarOfDavid+1"],"picked":"ScarletImprint+1","floor":38.0}],"player_experience":204974,"relics_obtained":[{"floor":6.0,"key":"TypeBBloodRedTea"},{"floor":9.0,"key":"Mango"},{"floor":10.0,"key":"Odd Mushroom"},{"floor":26.0,"key":"ReplayTheSpireMod:TigerMarble"},{"floor":28.0,"key":"conspire:DecoderRing"},{"floor":32.0,"key":"Potion Belt"},{"floor":38.0,"key":"Replay:Towering Pillar of Hats"}],"event_choices":[{"damage_healed":0.0,"max_hp_gain":0.0,"max_hp_loss":0.0,"gold_gain":0.0,"event_name":"conspire:LoneGhost","player_choice":"Disagree","floor":2.0,"gold_loss":0.0,"damage_taken":0.0},{"cards_removed":["Strike_RM"],"damage_healed":0.0,"max_hp_gain":0.0,"max_hp_loss":0.0,"gold_gain":0.0,"event_name":"Purifier","player_choice":"Purged","floor":3.0,"gold_loss":0.0,"damage_taken":0.0},{"damage_healed":0.0,"max_hp_gain":0.0,"max_hp_loss":0.0,"gold_gain":0.0,"event_name":"Mushrooms","player_choice":"Fought Mushrooms","floor":10.0,"gold_loss":0.0,"damage_taken":0.0},{"damage_healed":0.0,"max_hp_gain":0.0,"max_hp_loss":0.0,"gold_gain":0.0,"event_name":"FaceTrader","player_choice":"Trade","floor":19.0,"gold_loss":0.0,"damage_taken":0.0,"relics_obtained":["FaceOfCleric"]},{"damage_healed":0.0,"max_hp_gain":0.0,"max_hp_loss":0.0,"gold_gain":0.0,"event_name":"Addict","player_choice":"Obtained Relic","floor":21.0,"gold_loss":85.0,"damage_taken":0.0,"relics_obtained":["Incense Burner"]},{"damage_healed":0.0,"max_hp_gain":0.0,"max_hp_loss":0.0,"gold_gain":0.0,"event_name":"Ghosts","player_choice":"Ignored","floor":27.0,"gold_loss":0.0,"damage_taken":0.0},{"damage_healed":0.0,"max_hp_gain":0.0,"max_hp_loss":0.0,"gold_gain":99.0,"event_name":"Nest","player_choice":"Stole From Cult","floor":30.0,"gold_loss":0.0,"damage_taken":0.0},{"damage_healed":0.0,"max_hp_gain":0.0,"max_hp_loss":0.0,"gold_gain":0.0,"event_name":"MindBloom","player_choice":"Fight","floor":38.0,"gold_loss":0.0,"damage_taken":0.0}],"is_beta":false,"boss_relics":[{"not_picked":["Coffee Dripper","Runic Pyramid"],"picked":"Replay:Ancient Bell"},{"not_picked":["Anchor","Boot"],"picked":"Pen Nib"},{"not_picked":["Quantum Egg","Matryoshka"],"picked":"Mummified Hand"},{"not_picked":["conspire:InfiniteJournal","Gambling Chip"],"picked":"Bird Faced Urn"},{"not_picked":["conspire:SlowCooker","conspire:SeveredTorchhead"],"picked":"APieceOfRedMist"}],"items_purged_floors":[11,31,36,39],"is_endless":false,"potions_floor_spawned":[4,7,16,18,29,33,35],"ascension_level":0}}