{"host":"f5n4tidiz2n5sooh","time":1608107749,"event":{"mods":["BaseMod","Colored Map","Minty Spire (QoL Compilation)","Relic Stats","StSLib"],"gold_per_floor":[118,16,33,72,72,99,99,129,156,175,17,29,29,63,63,137,137,152,164,184,184,184,184,215,215,215],"floor_reached":25,"playtime":1077,"items_purged":["Adaptation"],"score":532,"play_id":"4a2fda8e-b622-40ae-8545-1e961800e8fe","local_time":"20201216023549","is_ascension_mode":true,"campfire_choices":[{"floor":7,"key":"REST"},{"floor":15,"key":"REST"},{"data":"Eruption","floor":23,"key":"SMITH"}],"circlet_count":0,"master_deck":["AscendersBane","Eruption+1","Vigilance","Sanctity","ThirdEye","SashWhip","Adaptation","EmptyFist","FearNoEvil","CarveReality","FearNoEvil","Perseverance","DeusExMachina","DeusExMachina+1","EmptyMind+1","LikeWater+1","Tantrum+1","WheelKick"],"relics":["Pandora\u0027s Box","Bag of Marbles","Centennial Puzzle","WingedGreaves","Astrolabe","MutagenicStrength","Strawberry"],"acts_visited":["Exordium","TheCity"],"potions_floor_usage":[6,12,24,25],"damage_taken":[{"damage":13,"enemies":"Small Slimes","floor":1,"turns":2},{"damage":2,"enemies":"Jaw Worm","floor":3,"turns":3},{"damage":12,"enemies":"Cultist","floor":4,"turns":5},{"damage":22,"enemies":"Lagavulin","floor":6,"turns":6},{"damage":4,"enemies":"Gremlin Nob","floor":8,"turns":3},{"damage":0,"enemies":"2 Fungi Beasts","floor":10,"turns":3},{"damage":8,"enemies":"3 Louse","floor":12,"turns":2},{"damage":3,"enemies":"3 Sentries","floor":14,"turns":5},{"damage":11,"enemies":"Hexaghost","floor":16,"turns":6},{"damage":15,"enemies":"2 Thieves","floor":18,"turns":3},{"damage":21,"enemies":"Shell Parasite","floor":19,"turns":2},{"damage":0,"enemies":"Chosen and Byrds","floor":20,"turns":2},{"damage":0,"enemies":"Book of Stabbing","floor":24,"turns":2},{"damage":27,"enemies":"Gremlin Leader","floor":25,"turns":1}],"seed_played":"990059049216559293","potions_obtained":[{"floor":3,"key":"SpeedPotion"},{"floor":8,"key":"ColorlessPotion"},{"floor":19,"key":"SkillPotion"},{"floor":24,"key":"PowerPotion"}],"is_trial":false,"path_per_floor":["M","$","M","M","?","E","R","E","T","M","$","M","?","E","R","B",null,"M","M","M","?","?","R","E","E"],"character_chosen":"WATCHER","items_purchased":["FearNoEvil","Swift Potion","FearNoEvil"],"campfire_rested":2,"item_purchase_floors":[2,2,11],"current_hp_per_floor":[48,48,46,34,27,5,25,21,21,21,21,13,13,10,30,19,56,41,20,20,20,20,20,27,0,0],"gold":215,"neow_bonus":"BOSS_RELIC","is_daily":false,"chose_seed":false,"campfire_upgraded":1,"win_rate":0.0,"timestamp":1608107749,"path_taken":["M","$","M","M","?","E","R","E","T","M","$","M","?","E","R","BOSS","M","M","M","?","?","R","E","E"],"items_purchased_type":["Card","Potion","Card"],"build_version":"2020-12-13","purchased_purges":1,"victory":false,"max_hp_per_floor":[68,68,68,68,68,68,68,68,68,68,68,68,68,68,68,68,68,68,68,68,68,68,68,75,75,75],"relic_stats":{"Centennial Puzzle":[21],"counters":[14,45],"Astrolabe":["DeusExMachina","EmptyMind","LikeWater"],"Pandora\u0027s Box":["Swivel","Sanctity","ThirdEye","SashWhip","Adaptation","DeceiveReality","Adaptation","Wish"],"obtain_stats":[{"Centennial Puzzle":8,"Astrolabe":17,"MutagenicStrength":21,"Strawberry":24,"Pandora\u0027s Box":0,"WingedGreaves":14,"Bag of Marbles":6,"PureWater":0},{"Centennial Puzzle":5,"Astrolabe":9,"MutagenicStrength":12,"Strawberry":13,"Pandora\u0027s Box":0,"WingedGreaves":8,"Bag of Marbles":4,"PureWater":0},{"Centennial Puzzle":19,"Astrolabe":35,"MutagenicStrength":42,"Strawberry":44,"Pandora\u0027s Box":0,"WingedGreaves":29,"Bag of Marbles":16,"PureWater":0}]},"card_choices":[{"not_picked":["ThirdEye","Fasting2"],"picked":"EmptyFist","floor":1},{"not_picked":["Prostrate","Crescendo","JustLucky"],"picked":"SKIP","floor":3},{"not_picked":["ReachHeaven","ClearTheMind"],"picked":"FlurryOfBlows","floor":4},{"not_picked":["SandsOfTime","PathToVictory"],"picked":"CarveReality","floor":6},{"not_picked":["InnerPeace","Crescendo","Adaptation"],"picked":"SKIP","floor":8},{"not_picked":["PathToVictory","CarveReality","Nirvana"],"picked":"SKIP","floor":10},{"not_picked":["Swivel","FollowUp"],"picked":"FlurryOfBlows","floor":12},{"not_picked":["Study","PathToVictory","SashWhip"],"picked":"SKIP","floor":14},{"not_picked":["Alpha","Judgement"],"picked":"DeusExMachina","floor":16},{"not_picked":["PathToVictory","Consecrate"],"picked":"Tantrum+1","floor":18},{"not_picked":["Consecrate+1","ClearTheMind","DeceiveReality"],"picked":"SKIP","floor":19},{"not_picked":["CutThroughFate","JustLucky+1"],"picked":"WheelKick","floor":20},{"not_picked":["ClearTheMind","Establishment","EmptyBody"],"picked":"SKIP","floor":24}],"player_experience":1894159,"relics_obtained":[{"floor":6,"key":"Bag of Marbles"},{"floor":8,"key":"Centennial Puzzle"},{"floor":14,"key":"WingedGreaves"},{"floor":24,"key":"Strawberry"}],"event_choices":[{"cards_removed":["Swivel"],"damage_healed":0,"gold_gain":0,"player_choice":"Card Removal","damage_taken":7,"max_hp_gain":0,"max_hp_loss":0,"event_name":"Golden Wing","floor":5,"gold_loss":0},{"damage_healed":0,"gold_gain":0,"cards_transformed":["Wish"],"player_choice":"Transformed","damage_taken":0,"max_hp_gain":0,"max_hp_loss":0,"event_name":"Transmorgrifier","floor":13,"gold_loss":0,"cards_obtained":["Perseverance"]},{"damage_healed":0,"gold_gain":0,"player_choice":"Inject Mutagens","damage_taken":0,"relics_obtained":["MutagenicStrength"],"max_hp_gain":0,"max_hp_loss":0,"event_name":"Drug Dealer","floor":21,"gold_loss":0},{"damage_healed":0,"gold_gain":0,"player_choice":"Ignored","damage_taken":0,"max_hp_gain":0,"max_hp_loss":0,"event_name":"The Mausoleum","floor":22,"gold_loss":0}],"is_beta":false,"boss_relics":[{"not_picked":["Runic Pyramid","Calling Bell"],"picked":"Astrolabe"}],"items_purged_floors":[11],"is_endless":false,"potions_floor_spawned":[3,8,19,24],"killed_by":"Gremlin Leader","ascension_level":20}}