{"host":"63yhhrjweyj22b0v","time":1608081845,"event":{"mods":["BaseMod","Minty Spire (QoL Compilation)","Quick Restart"],"gold_per_floor":[117,2,22,22,22,22,42,42,65,97,109,137,160,172,184,301,313,338,350,381,1,18,18,18],"floor_reached":23,"playtime":1135,"items_purged":["Defend_B"],"score":192,"play_id":"b49fbac7-c900-43ea-a5b4-2216a472af44","local_time":"20201215192405","is_ascension_mode":true,"campfire_choices":[{"floor":6,"key":"RECALL"},{"data":"Redo","floor":8,"key":"SMITH"},{"data":"Zap","floor":11,"key":"SMITH"},{"floor":15,"key":"REST"}],"circlet_count":0,"master_deck":["Zap+1","Dualcast","Cold Snap","Double Energy","Redo+1","Leap","Doom and Gloom","Storm","Glacier+1","Amplify","Thunder Strike","Turbo","Go for the Eyes","Heatsinks","Force Field","Steam Power","Storm","Consume","Echo Form","Capacitor"],"relics":["Cracked Core","NeowsBlessing","Darkstone Periapt","MawBank","Pandora\u0027s Box","Bottled Tornado"],"acts_visited":["Exordium","TheCity"],"potions_floor_usage":[16,20,23],"damage_taken":[{"damage":0,"enemies":"Jaw Worm","floor":1,"turns":1},{"damage":0,"enemies":"Cultist","floor":3,"turns":1},{"damage":0,"enemies":"Small Slimes","floor":7,"turns":1},{"damage":3,"enemies":"3 Louse","floor":10,"turns":3},{"damage":8,"enemies":"Lots of Slimes","floor":12,"turns":2},{"damage":16,"enemies":"2 Fungi Beasts","floor":13,"turns":3},{"damage":15,"enemies":"Slime Boss","floor":16,"turns":13},{"damage":30,"enemies":"2 Thieves","floor":18,"turns":4},{"damage":6,"enemies":"Chosen","floor":20,"turns":4},{"damage":28,"enemies":"Shelled Parasite and Fungi","floor":22,"turns":4},{"damage":14,"enemies":"Book of Stabbing","floor":23,"turns":1}],"seed_played":"5343610244251559649","potions_obtained":[{"floor":12,"key":"ColorlessPotion"},{"floor":16,"key":"Weak Potion"},{"floor":18,"key":"LiquidMemories"}],"is_trial":false,"path_per_floor":["M","$","M","?","?","R","M","R","T","M","R","M","M","?","R","B",null,"M","?","M","$","M","E"],"character_chosen":"DEFECT","items_purchased":["Double Energy","Echo Form","Bottled Tornado"],"campfire_rested":1,"item_purchase_floors":[2,21,21],"current_hp_per_floor":[75,75,75,57,57,57,57,57,57,54,54,46,30,15,37,22,75,45,45,39,39,11,0,0],"gold":18,"neow_bonus":"THREE_ENEMY_KILL","is_daily":false,"chose_seed":false,"campfire_upgraded":2,"win_rate":0.0,"timestamp":1608081845,"path_taken":["M","$","M","?","?","R","M","R","T","M","R","?","M","?","R","BOSS","M","?","M","$","M","E"],"items_purchased_type":["Card","Card","Relic"],"build_version":"2020-12-13","purchased_purges":1,"victory":false,"max_hp_per_floor":[75,75,75,75,75,75,75,75,75,75,75,75,75,75,75,75,75,75,75,75,75,75,75,75],"card_choices":[{"not_picked":["Scrape","Reprogram"],"picked":"Cold Snap","floor":1},{"not_picked":["Gash","Beam Cell"],"picked":"Redo","floor":3},{"not_picked":["Tempest","Turbo"],"picked":"Leap","floor":7},{"not_picked":["Streamline","Rebound"],"picked":"Doom and Gloom","floor":10},{"not_picked":["Aggregate","Leap"],"picked":"Storm","floor":12},{"not_picked":["Stack","Compile Driver"],"picked":"Glacier","floor":13},{"not_picked":["Buffer","Seek"],"picked":"Amplify","floor":16},{"not_picked":["Cold Snap","Coolheaded"],"picked":"Storm","floor":18},{"not_picked":["Rebound+1","Conserve Battery"],"picked":"Consume","floor":20},{"not_picked":["Cold Snap","Turbo"],"picked":"Capacitor","floor":22}],"player_experience":592677,"relics_obtained":[{"floor":9,"key":"MawBank"}],"event_choices":[{"damage_healed":0,"gold_gain":0,"player_choice":"Success","damage_taken":18,"relics_obtained":["Darkstone Periapt"],"max_hp_gain":0,"max_hp_loss":0,"event_name":"Scrap Ooze","floor":4,"gold_loss":0},{"cards_removed":["Defend_B"],"damage_healed":0,"gold_gain":0,"player_choice":"Purged","damage_taken":0,"max_hp_gain":0,"max_hp_loss":0,"event_name":"Purifier","floor":5,"gold_loss":0},{"damage_healed":0,"gold_gain":0,"player_choice":"Entered Light","damage_taken":15,"max_hp_gain":0,"max_hp_loss":0,"event_name":"Shining Light","floor":14,"gold_loss":0,"cards_upgraded":["Glacier","Defend_B"]},{"damage_healed":0,"gold_gain":0,"player_choice":"Leave","damage_taken":0,"max_hp_gain":0,"max_hp_loss":0,"event_name":"FaceTrader","floor":19,"gold_loss":0}],"is_beta":false,"boss_relics":[{"not_picked":["Coffee Dripper","Ectoplasm"],"picked":"Pandora\u0027s Box"}],"items_purged_floors":[2],"is_endless":false,"potions_floor_spawned":[12,16,18],"killed_by":"Book of Stabbing","ascension_level":1}}