{"host":"f0gpob8hq9vgebej","time":1608131894,"event":{"mods":["AchievementEnabler","BaseMod","Googly Eyes","Minty Spire (QoL Compilation)","Quick Restart","SuperFastMode"],"gold_per_floor":[112,124,140,63,80,80,105,30,30,30,30,45,45,60,60,159,159,178,190,65,84,84,94,94,105,185,202,202,202,231,83,83,186,186,204,216,229,104,124,124,153,153,178,198,198,208,49,69,69,69],"floor_reached":51,"playtime":1383,"items_purged":["Strike_G","Strike_G","Defend_G"],"score":1024,"play_id":"c7f5b7a5-2a97-489a-a2dc-7f0ec22c2dd1","local_time":"20201217001814","is_ascension_mode":true,"campfire_choices":[{"data":"Cloak And Dagger","floor":6,"key":"SMITH"},{"data":"Accuracy","floor":11,"key":"SMITH"},{"data":"Prepared","floor":15,"key":"SMITH"},{"data":"After Image","floor":24,"key":"SMITH"},{"floor":29,"key":"REST"},{"data":"Prepared","floor":32,"key":"SMITH"},{"data":"Envenom","floor":40,"key":"SMITH"},{"data":"Phantasmal Killer","floor":49,"key":"SMITH"}],"circlet_count":0,"master_deck":["Strike_G","Strike_G","Defend_G+1","Defend_G","Defend_G+1","Survivor","Neutralize","Dagger Spray","Backstab","Prepared+1","Accuracy+1","Cloak And Dagger+1","After Image+1","Cloak And Dagger","Prepared+1","Blade Dance","Backflip+1","Escape Plan","Terror+1","Blade Dance","Envenom+1","Acrobatics+1","Accuracy+1","Tactician+1","Phantasmal Killer+1"],"relics":["Ring of the Snake","MealTicket","Oddly Smooth Stone","War Paint","Philosopher\u0027s Stone","Kunai","Matryoshka","Nunchaku","WristBlade","White Beast Statue","Omamori","Bag of Marbles"],"acts_visited":["Exordium","TheCity","TheBeyond"],"potions_floor_usage":[16,16,21,33,44,50],"damage_taken":[{"damage":4,"enemies":"2 Louse","floor":1,"turns":3},{"damage":0,"enemies":"Small Slimes","floor":2,"turns":4},{"damage":0,"enemies":"Jaw Worm","floor":3,"turns":3},{"damage":1,"enemies":"Looter","floor":5,"turns":4},{"damage":23,"enemies":"Gremlin Nob","floor":7,"turns":5},{"damage":4,"enemies":"Large Slime","floor":12,"turns":5},{"damage":3,"enemies":"Gremlin Gang","floor":14,"turns":4},{"damage":62,"enemies":"Slime Boss","floor":16,"turns":15},{"damage":1,"enemies":"3 Byrds","floor":18,"turns":5},{"damage":1,"enemies":"Shell Parasite","floor":19,"turns":6},{"damage":12,"enemies":"Centurion and Healer","floor":21,"turns":4},{"damage":0,"enemies":"Chosen and Byrds","floor":23,"turns":4},{"damage":2,"enemies":"Shelled Parasite and Fungi","floor":25,"turns":5},{"damage":0,"enemies":"Snake Plant","floor":27,"turns":3},{"damage":0,"enemies":"Book of Stabbing","floor":30,"turns":4},{"damage":4,"enemies":"Automaton","floor":33,"turns":9},{"damage":4,"enemies":"3 Shapes","floor":35,"turns":4},{"damage":0,"enemies":"Orb Walker","floor":36,"turns":2},{"damage":5,"enemies":"Jaw Worm Horde","floor":37,"turns":3},{"damage":6,"enemies":"Transient","floor":39,"turns":5},{"damage":12,"enemies":"Reptomancer","floor":41,"turns":4},{"damage":1,"enemies":"3 Darklings","floor":44,"turns":3},{"damage":0,"enemies":"Spire Growth","floor":46,"turns":3},{"damage":0,"enemies":"Maw","floor":48,"turns":3},{"damage":14,"enemies":"Donu and Deca","floor":50,"turns":6}],"seed_played":"-1708711902472393221","potions_obtained":[{"floor":2,"key":"GamblersBrew"},{"floor":14,"key":"Regen Potion"},{"floor":16,"key":"Explosive Potion"},{"floor":18,"key":"GhostInAJar"},{"floor":23,"key":"ColorlessPotion"},{"floor":33,"key":"Energy Potion"},{"floor":35,"key":"SneckoOil"},{"floor":37,"key":"EssenceOfSteel"},{"floor":39,"key":"DuplicationPotion"},{"floor":44,"key":"Fruit Juice"},{"floor":46,"key":"SteroidPotion"}],"is_trial":false,"path_per_floor":["M","M","M","$","M","R","E","$","T","?","R","M","?","M","R","B",null,"M","M","$","M","?","M","R","M","T","M","?","R","E","$","R","B",null,"M","M","M","$","M","R","E","?","T","M","?","M","$","M","R","B",null],"character_chosen":"THE_SILENT","items_purchased":["Accuracy","Blade Dance","Nunchaku","Phantasmal Killer"],"campfire_rested":1,"item_purchase_floors":[4,20,31,47],"current_hp_per_floor":[59,59,59,70,69,69,46,61,61,61,61,57,62,59,59,12,59,58,57,72,60,60,60,60,58,58,58,44,68,68,80,80,76,79,75,75,70,80,74,74,62,62,62,66,66,66,81,81,81,67],"gold":69,"neow_bonus":"RANDOM_COMMON_RELIC","is_daily":false,"chose_seed":false,"campfire_upgraded":7,"win_rate":0.0,"timestamp":1608131894,"path_taken":["M","M","M","$","M","R","E","$","T","?","R","M","?","M","R","BOSS","M","M","$","M","?","M","R","M","T","M","?","R","E","$","R","BOSS","M","M","M","$","M","R","E","?","T","?","?","?","?","M","R","BOSS"],"items_purchased_type":["Card","Card","Relic","Card"],"build_version":"2020-12-13","purchased_purges":3,"victory":true,"max_hp_per_floor":[70,70,70,70,70,70,70,70,70,70,70,70,75,75,75,75,75,75,75,75,75,75,75,75,75,75,75,80,80,80,80,80,80,80,80,80,80,80,80,80,80,80,80,85,85,85,85,85,85,85],"card_choices":[{"not_picked":["Dagger Throw","Underhanded Strike"],"picked":"Dagger Spray","floor":1},{"not_picked":["Prepared","Deflect"],"picked":"Backstab","floor":2},{"not_picked":["Poisoned Stab","Slice"],"picked":"Prepared","floor":3},{"not_picked":["Deflect","Escape Plan"],"picked":"Cloak And Dagger","floor":5},{"not_picked":["Eviscerate","Malaise","Bane"],"picked":"SKIP","floor":7},{"not_picked":["Choke","Quick Slash","Distraction"],"picked":"SKIP","floor":12},{"not_picked":["Prepared","Dodge and Roll","Glass Knife"],"picked":"SKIP","floor":14},{"not_picked":["Tools of the Trade","Envenom"],"picked":"After Image","floor":16},{"not_picked":["Quick Slash","Dodge and Roll"],"picked":"Cloak And Dagger","floor":18},{"not_picked":["Poisoned Stab","Quick Slash"],"picked":"Prepared","floor":19},{"not_picked":["Escape Plan","Eviscerate"],"picked":"Backflip+1","floor":21},{"not_picked":["Flying Knee","Outmaneuver"],"picked":"Escape Plan","floor":23},{"not_picked":["Heel Hook+1","Prepared"],"picked":"Terror+1","floor":25},{"not_picked":["Terror","Prepared","Crippling Poison+1"],"picked":"SKIP","floor":27},{"not_picked":["Deadly Poison+1","Blur"],"picked":"Blade Dance","floor":30},{"not_picked":["Glass Knife","Doppelganger"],"picked":"Envenom","floor":33},{"not_picked":["Noxious Fumes+1","Flying Knee"],"picked":"Acrobatics+1","floor":35},{"not_picked":["Noxious Fumes+1","Eviscerate","Blade Dance"],"picked":"SKIP","floor":36},{"not_picked":["Sucker Punch","Eviscerate","Dagger Spray+1"],"picked":"SKIP","floor":37},{"not_picked":["Terror","Dagger Spray+1"],"picked":"Accuracy+1","floor":39},{"not_picked":["Dagger Spray+1","Glass Knife"],"picked":"Tactician+1","floor":41},{"not_picked":["Finisher+1","Quick Slash","Acrobatics"],"picked":"SKIP","floor":44},{"not_picked":["Prepared","Quick Slash","Dagger Spray+1"],"picked":"SKIP","floor":46},{"not_picked":["Flying Knee","Leg Sweep+1","Acrobatics"],"picked":"SKIP","floor":48}],"player_experience":153179,"relics_obtained":[{"floor":7,"key":"Oddly Smooth Stone"},{"floor":9,"key":"War Paint"},{"floor":26,"key":"Kunai"},{"floor":30,"key":"Matryoshka"},{"floor":41,"key":"White Beast Statue"},{"floor":43,"key":"Omamori"},{"floor":43,"key":"Bag of Marbles"}],"event_choices":[{"cards_removed":["Defend_G"],"damage_healed":0,"gold_gain":0,"player_choice":"Forget","damage_taken":0,"max_hp_gain":0,"max_hp_loss":0,"event_name":"Living Wall","floor":10,"gold_loss":0},{"damage_healed":0,"gold_gain":0,"player_choice":"Donut","damage_taken":0,"max_hp_gain":5,"max_hp_loss":0,"event_name":"Big Fish","floor":13,"gold_loss":0},{"damage_healed":0,"gold_gain":0,"player_choice":"Ignored","damage_taken":0,"max_hp_gain":0,"max_hp_loss":0,"event_name":"Cursed Tome","floor":22,"gold_loss":0},{"damage_healed":0,"gold_gain":0,"player_choice":"Shed Blood","damage_taken":19,"max_hp_gain":5,"max_hp_loss":0,"event_name":"Forgotten Altar","floor":28,"gold_loss":0},{"damage_healed":0,"gold_gain":0,"player_choice":"0 cards matched","damage_taken":0,"max_hp_gain":0,"max_hp_loss":0,"event_name":"Match and Keep!","floor":42,"gold_loss":0,"cards_obtained":[]},{"cards_removed":["Strike_G"],"damage_healed":0,"gold_gain":0,"player_choice":"Purged","damage_taken":0,"max_hp_gain":0,"max_hp_loss":0,"event_name":"Purifier","floor":45,"gold_loss":0}],"is_beta":false,"boss_relics":[{"not_picked":["Cursed Key","Snecko Eye"],"picked":"Philosopher\u0027s Stone"},{"not_picked":["Tiny House","Ring of the Serpent"],"picked":"WristBlade"}],"items_purged_floors":[8,20,38],"is_endless":false,"potions_floor_spawned":[2,14,16,18,23,33,35,37,39,44,46,48],"ascension_level":8}}