{"host":"u0f5uy314yz7olfc","time":1608087990,"event":{"mods":["AchievementEnabler","Aspiration","BaseMod","Bestiary","Better Altar","Better Match","Better Note","Better Sensory Stone","Better Skull","Better Synergies","Better Third Choice","Better Vampires","BetterRewards","Block Reminder","Colored Map","Colored Powertips","Dota2Spire","Emptier Cage","Energized Spire","Friendly Minions","GifTheSpireLib","Gold Saver","Highlight Path","Hubris","Infinite Spire","Ironclad Rager","Marked Mod","Minty Spire (QoL Compilation)","Permanent Neow","Quick Restart","Rare Cards Sparkle","Relic Stats","Replay The Spire","Retaliation","Shop Mod","StSLib","The Bladedancer","Watcher Patcher"],"gold_per_floor":[113,126,46,46,62,62,75,75,75,105,127,129,129],"floor_reached":12,"playtime":1192,"items_purged":[],"score":80,"play_id":"3e0bd056-0f54-40d9-81cd-9e66b5472654","local_time":"20201216100630","is_ascension_mode":false,"campfire_choices":[{"floor":6,"key":"REST"},{"floor":8,"key":"RECALL"}],"circlet_count":0,"master_deck":["Strike_P","Strike_P","Strike_P","Strike_P","Defend_P","Defend_P","Defend_P","Defend_P","Eruption","Vigilance","LikeWater","ReplayUltimateDefense","MarkedMod:PinPointDefense","MarkedMod:FirstStrike","MarkedMod:Acupuncture","MarkedMod:GracefulMovements","Secret Technique","Replay:Cycle","MarkedMod:GentlePulse","Study","Replay:ManipulateFuture","Replay:BluntJabs","MarkedMod:GentlePulse","MarkedMod:FirstStrike"],"relics":["PureWater","Replay:Bandana"],"acts_visited":["Exordium"],"potions_floor_usage":[10,11],"damage_taken":[{"damage":22.0,"enemies":"Jaw Worm","floor":1.0,"turns":5.0},{"damage":8,"enemies":"Cultist","floor":2,"turns":6},{"damage":3,"enemies":"2 Louse","floor":5,"turns":5},{"damage":19,"enemies":"Looter","floor":7,"turns":5},{"damage":39,"enemies":"3 Sentries","floor":10,"turns":13},{"damage":18,"enemies":"Lots of Slimes","floor":11,"turns":7},{"damage":4,"enemies":"Lagavulin","floor":12,"turns":7}],"seed_played":"-265134736402576266","potions_obtained":[{"floor":5,"key":"Swift Potion"},{"floor":10,"key":"BottledMiracle"},{"floor":11,"key":"Explosive Potion"}],"is_trial":false,"path_per_floor":["M","M","$","?","M","R","M","R","T","E","M","E"],"character_chosen":"WATCHER","items_purchased":["LikeWater","ReplayUltimateDefense","MarkedMod:PinPointDefense","MarkedMod:FirstStrike","Secret Technique","MarkedMod:Acupuncture","MarkedMod:GracefulMovements","Study"],"campfire_rested":1,"item_purchase_floors":[0,0,0,0,0,0,0,3],"current_hp_per_floor":[18,10,10,82,79,82,63,63,63,24,6,2,2],"gold":129,"neow_bonus":"","is_daily":false,"chose_seed":false,"campfire_upgraded":0,"win_rate":0.0,"timestamp":1608087990,"path_taken":["M","M","$","?","M","R","?","R","T","E","M","E"],"items_purchased_type":["Card","Card","Card","Card","Card","Card","Card","Card"],"build_version":"2020-12-13","purchased_purges":0,"victory":false,"max_hp_per_floor":[72,72,72,82,82,82,82,82,82,82,82,82,82],"relic_stats":{"counters":[74,312],"obtain_stats":[{"infinitespire:BottledMercury":2,"Calipers":12,"Gremlin Horn":25,"Dota2Spire:RefresherOrb":17,"aspiration:PoetsPen_weak":17,"Boot":8,"Blood Vial":0,"Dota2Spire:MagicBottle":13,"infinitespire:ShieldingShard":21,"Philosopher\u0027s Stone":17,"MerchantsRug":3,"Dota2Spire:HandOfMidas":11,"Dota2Spire:UrnOfShadows":3,"Happy Flower":22,"aspiration:Nostalgia":0,"ReplayTheSpireMod:CursedCoin":3,"Counterbalance":0,"Replay:Grab Bag":17,"Astrolabe":34,"Dota2Spire:Bloodstone":39,"infinitespire:Beetle Shell":0,"aspiration:FrozenJewel":0,"Du-Vu Doll":5,"Bronze Scales":6,"Nloth\u0027s Gift":21,"Pocketwatch":8,"Dota2Spire:Desolator":6,"ReplayFunnel":30,"hubris:Metronome":26,"Lantern":0,"Dota2Spire:DrumOfEndurance":9,"Yang":4,"GremlinMask":5,"Dota2Spire:Vanguard":0,"hubris:RunicObelisk":34,"hubris:EmptyBottle":39,"Dota2Spire:LotusOrb":0,"aspiration:StickyExplosives_weak":0,"ClockworkSouvenir":37,"Replay:Bandana":10,"hubris:Icosahedron":36,"Mummified Hand":0,"Toolbox":0,"WingedGreaves":4,"hubris:CuriousFeather":6,"Ring of Panic":38,"Cracked Core":0,"Runic Pyramid":17,"Potion Belt":8,"Replay:M_StaffOfTheSnake":0,"Damaru":22,"infinitespire:CheckeredPen":4,"hubris:Towel":2,"Frozen Egg 2":2,"Medical Kit":5,"MawBank":12,"Orrery":0,"HolyWater":17,"Ring of Fury":38,"Membership Card":2,"PureWater":0,"ReplayTheSpireMod:Lightbulb":9},{"infinitespire:BottledMercury":32,"Calipers":19,"Gremlin Horn":23,"Dota2Spire:RefresherOrb":20,"aspiration:PoetsPen_weak":48,"Boot":10,"Blood Vial":43,"Dota2Spire:MagicBottle":47,"infinitespire:ShieldingShard":49,"Philosopher\u0027s Stone":20,"MerchantsRug":2,"Dota2Spire:HandOfMidas":62,"Dota2Spire:UrnOfShadows":2,"Happy Flower":22,"aspiration:Nostalgia":0,"ReplayTheSpireMod:CursedCoin":2,"Counterbalance":0,"Replay:Grab Bag":20,"Astrolabe":52,"Dota2Spire:Bloodstone":30,"infinitespire:Beetle Shell":62,"aspiration:FrozenJewel":38,"Du-Vu Doll":33,"Bronze Scales":34,"Nloth\u0027s Gift":22,"Pocketwatch":42,"Dota2Spire:Desolator":66,"ReplayFunnel":26,"hubris:Metronome":23,"Lantern":31,"Dota2Spire:DrumOfEndurance":45,"Yang":58,"GremlinMask":65,"Dota2Spire:Vanguard":14,"hubris:RunicObelisk":28,"hubris:EmptyBottle":30,"Dota2Spire:LotusOrb":0,"aspiration:StickyExplosives_weak":11,"ClockworkSouvenir":54,"Replay:Bandana":72,"hubris:Icosahedron":29,"Mummified Hand":5,"Toolbox":43,"WingedGreaves":45,"hubris:CuriousFeather":60,"Ring of Panic":54,"Cracked Core":62,"Runic Pyramid":20,"Potion Belt":18,"Replay:M_StaffOfTheSnake":0,"Damaru":22,"infinitespire:CheckeredPen":39,"hubris:Towel":12,"Frozen Egg 2":57,"Medical Kit":33,"MawBank":36,"Orrery":11,"HolyWater":20,"Ring of Fury":54,"Membership Card":32,"PureWater":0,"ReplayTheSpireMod:Lightbulb":2},{"infinitespire:BottledMercury":133,"Calipers":68,"Gremlin Horn":91,"Dota2Spire:RefresherOrb":79,"aspiration:PoetsPen_weak":195,"Boot":35,"Blood Vial":170,"Dota2Spire:MagicBottle":184,"infinitespire:ShieldingShard":197,"Philosopher\u0027s Stone":79,"MerchantsRug":4,"Dota2Spire:HandOfMidas":248,"Dota2Spire:UrnOfShadows":4,"Happy Flower":87,"aspiration:Nostalgia":0,"ReplayTheSpireMod:CursedCoin":4,"Counterbalance":0,"Replay:Grab Bag":79,"Astrolabe":206,"Dota2Spire:Bloodstone":129,"infinitespire:Beetle Shell":248,"aspiration:FrozenJewel":153,"Du-Vu Doll":136,"Bronze Scales":139,"Nloth\u0027s Gift":87,"Pocketwatch":168,"Dota2Spire:Desolator":262,"ReplayFunnel":105,"hubris:Metronome":91,"Lantern":131,"Dota2Spire:DrumOfEndurance":177,"Yang":232,"GremlinMask":257,"Dota2Spire:Vanguard":48,"hubris:RunicObelisk":118,"hubris:EmptyBottle":129,"Dota2Spire:LotusOrb":0,"aspiration:StickyExplosives_weak":37,"ClockworkSouvenir":217,"Replay:Bandana":298,"hubris:Icosahedron":126,"Mummified Hand":16,"Toolbox":170,"WingedGreaves":177,"hubris:CuriousFeather":238,"Ring of Panic":217,"Cracked Core":248,"Runic Pyramid":79,"Potion Belt":63,"Replay:M_StaffOfTheSnake":0,"Damaru":87,"infinitespire:CheckeredPen":158,"hubris:Towel":42,"Frozen Egg 2":230,"Medical Kit":136,"MawBank":147,"Orrery":37,"HolyWater":79,"Ring of Fury":217,"Membership Card":133,"PureWater":0,"ReplayTheSpireMod:Lightbulb":4}]},"card_choices":[{"not_picked":["Replay:AtTheReady","Clash"],"picked":"Replay:Cycle","floor":1.0},{"not_picked":["Replay:Vibes","MarkedMod:PinPointDefense"],"picked":"MarkedMod:GentlePulse","floor":2},{"not_picked":["Replay:AtTheReady","Study"],"picked":"Replay:ManipulateFuture","floor":5},{"not_picked":["Replay:ManipulateFuture","Setup"],"picked":"Replay:BluntJabs","floor":7},{"not_picked":["Indignation","MarkedMod:ChiBlock"],"picked":"MarkedMod:GentlePulse","floor":10},{"not_picked":["Warcry","Impatience"],"picked":"MarkedMod:FirstStrike","floor":11}],"player_experience":302438,"relics_obtained":[{"floor":10,"key":"Replay:Bandana"}],"event_choices":[{"cards_removed":["Secret Technique"],"damage_healed":62,"gold_gain":0,"player_choice":"Offered Rare","damage_taken":0,"max_hp_gain":10,"max_hp_loss":0,"event_name":"Bonfire Elementals","floor":4,"gold_loss":0}],"is_beta":false,"boss_relics":[],"items_purged_floors":[],"is_endless":false,"potions_floor_spawned":[5,10,11],"killed_by":"Lagavulin","ascension_level":0}}