{"host":"cwd5s03r1oaxs6mx","time":1608129860,"event":{"mods":["Act Like it!","BaseMod","Better Third Choice","BetterRewards","CapriCore","Card Filter","Colored Map","Custom Start","DeckTracker","Friendly Minions","Hubris","Infinite Spire","Minty Spire (QoL Compilation)","Quick Restart","Relic Stats","Shop Mod","Spicy Shops","StSLib","SuperFastMode"],"gold_per_floor":[115,115,17,29,29,29,56,74,74,103,103,103,136,156,156,235,235,251,251,263,90,105,132,132,132,132],"floor_reached":25,"playtime":1705,"items_purged":["Strike_R","Defend_R","Strike_R","Strike_R","Strike_R","Strike_R","Defend_R","Defend_R","Defend_R","Dual Wield","The Bomb","Blood for Blood","Bash"],"score":578,"play_id":"82fdd2f1-b4ed-4073-99d9-e1390827c617","local_time":"20201216234420","is_ascension_mode":true,"campfire_choices":[{"data":"Enlightenment","floor":6,"key":"SMITH"},{"data":"Searing Blow","floor":11,"key":"SMITH"},{"data":"Searing Blow+1","floor":15,"key":"SMITH"}],"circlet_count":0,"master_deck":["AscendersBane","Enlightenment+1","Blood for Blood","Impervious","Flame Barrier","Uppercut","Carnage","Immolate","Searing Blow+2","Flame Barrier","Seeing Red","Apotheosis","Bludgeon","Double Tap"],"relics":["Burning Blood","Membership Card","Happy Flower","Boot","Art of War","Lantern","Runic Dome","MerchantsRug","Potion Belt"],"acts_visited":["Exordium","TheCity"],"potions_floor_usage":[25,25],"damage_taken":[{"damage":0,"enemies":"2 Louse","floor":1,"turns":1},{"damage":0,"enemies":"Small Slimes","floor":4,"turns":1},{"damage":8,"enemies":"Gremlin Nob","floor":7,"turns":3},{"damage":0,"enemies":"Jaw Worm","floor":8,"turns":1},{"damage":0,"enemies":"Lagavulin","floor":10,"turns":4},{"damage":0,"enemies":"3 Sentries","floor":13,"turns":3},{"damage":6,"enemies":"3 Louse","floor":14,"turns":3},{"damage":8,"enemies":"Hexaghost","floor":16,"turns":5},{"damage":0,"enemies":"Spheric Guardian","floor":18,"turns":3},{"damage":12,"enemies":"3 Byrds","floor":20,"turns":3},{"damage":6,"enemies":"Snake Plant","floor":22,"turns":3},{"damage":33,"enemies":"Gremlin Leader","floor":23,"turns":5},{"damage":28,"enemies":"Slavers","floor":25,"turns":4}],"seed_played":"2034012954858812017","potions_obtained":[{"floor":4,"key":"Block Potion"},{"floor":8,"key":"SkillPotion"}],"is_trial":false,"path_per_floor":["M","?","$","M","?","R","E","M","T","E","R","$","E","M","R","B",null,"M","AVR","M","$","M","E","?","E"],"character_chosen":"IRONCLAD","items_purchased":["Enlightenment","Membership Card","The Bomb","Blood for Blood","Blood for Blood","Impervious","Flame Barrier","Uppercut","Happy Flower","Dual Wield","Carnage","Immolate","Searing Blow","Flame Barrier","Seeing Red","Apotheosis","Double Tap","MerchantsRug"],"campfire_rested":0,"item_purchase_floors":[0,0,0,0,0,0,0,0,0,0,0,0,0,0,0,3,21,21],"current_hp_per_floor":[74,56,56,62,62,62,60,66,66,72,72,72,75,75,75,73,75,75,75,69,69,69,42,21,0,0],"gold":132,"neow_bonus":"","is_daily":false,"chose_seed":false,"campfire_upgraded":3,"win_rate":0.0,"timestamp":1608129860,"path_taken":["M","?","$","M","?","R","E","M","T","E","R","$","E","M","R","BOSS","M","AVR","M","$","M","E","?","E"],"items_purchased_type":["Card","Relic","Card","Card","Card","Card","Card","Card","Relic","Card","Card","Card","Card","Card","Card","Card","Card","Relic"],"build_version":"2020-12-13","purchased_purges":13,"victory":false,"max_hp_per_floor":[75,75,75,75,75,75,75,75,75,75,75,75,75,75,75,75,75,75,75,75,75,75,75,80,80,80],"relic_stats":{"Happy Flower":[13],"counters":[65,220],"Art of War":[4],"Boot":[0],"obtain_stats":[{"infinitespire:BottledMercury":0,"Calipers":45,"hubris:CrystalStatue":10,"Sling":36,"Boot":55,"Philosopher\u0027s Stone":0,"hubris:DeckOfHolding":22,"Necronomicon":0,"MerchantsRug":0,"Pear":26,"Happy Flower":0,"Dead Branch":0,"Velvet Choker":0,"Oddly Smooth Stone":22,"Pen Nib":0,"infinitespire:Beetle Shell":41,"hubris:Zylophone":0,"SlaversCollar":0,"Runic Dome":17,"hubris:BottledHeart":21,"Shuriken":36,"Bronze Scales":46,"StrikeDummy":0,"infinitespire:PuzzleCube":11,"Pocketwatch":24,"Darkstone Periapt":0,"Regal Pillow":26,"Lantern":13,"Singing Bowl":12,"Mango":54,"Juzu Bracelet":13,"Bag of Preparation":9,"Empty Cage":0,"Ancient Tea Set":24,"Burning Blood":0,"ClockworkSouvenir":14,"hubris:BlackHole":17,"Dream Catcher":2,"hubris:Backtick":17,"hubris:Icosahedron":44,"Mummified Hand":31,"Pantograph":14,"Toolbox":54,"Tiny Chest":0,"Chemical X":0,"hubris:ChampionShield":0,"InkBottle":7,"Potion Belt":23,"infinitespire:CursedDice":7,"hubris:MedicalManual":0,"hubris:Towel":8,"Medical Kit":22,"Anchor":0,"infinitespire:Satchel":27,"Art of War":27,"Membership Card":22,"hubris:CrackedHourglass":17,"hubris:OldNail":9,"hubris:Potato":17,"infinitespire:Midas Blood":7},{"infinitespire:BottledMercury":49,"Calipers":43,"hubris:CrystalStatue":57,"Sling":40,"Boot":48,"Philosopher\u0027s Stone":25,"hubris:DeckOfHolding":35,"Necronomicon":25,"MerchantsRug":25,"Pear":36,"Happy Flower":52,"Dead Branch":25,"Velvet Choker":25,"Oddly Smooth Stone":35,"Pen Nib":25,"infinitespire:Beetle Shell":42,"hubris:Zylophone":25,"SlaversCollar":25,"Runic Dome":60,"hubris:BottledHeart":35,"Shuriken":40,"Bronze Scales":43,"StrikeDummy":0,"infinitespire:PuzzleCube":4,"Pocketwatch":9,"Darkstone Periapt":25,"Regal Pillow":10,"Lantern":58,"Singing Bowl":31,"Mango":47,"Juzu Bracelet":5,"Bag of Preparation":30,"Empty Cage":25,"Ancient Tea Set":36,"Burning Blood":0,"ClockworkSouvenir":5,"hubris:BlackHole":24,"Dream Catcher":26,"hubris:Backtick":6,"hubris:Icosahedron":42,"Mummified Hand":38,"Pantograph":31,"Toolbox":47,"Tiny Chest":25,"Chemical X":15,"hubris:ChampionShield":25,"InkBottle":3,"Potion Belt":64,"infinitespire:CursedDice":20,"hubris:MedicalManual":0,"hubris:Towel":3,"Medical Kit":35,"Anchor":25,"infinitespire:Satchel":37,"Art of War":11,"Membership Card":8,"hubris:CrackedHourglass":32,"hubris:OldNail":3,"hubris:Potato":6,"infinitespire:Midas Blood":30},{"infinitespire:BottledMercury":163,"Calipers":154,"hubris:CrystalStatue":191,"Sling":151,"Boot":159,"Philosopher\u0027s Stone":109,"hubris:DeckOfHolding":136,"Necronomicon":109,"MerchantsRug":109,"Pear":139,"Happy Flower":181,"Dead Branch":109,"Velvet Choker":109,"Oddly Smooth Stone":136,"Pen Nib":109,"infinitespire:Beetle Shell":153,"hubris:Zylophone":109,"SlaversCollar":109,"Runic Dome":202,"hubris:BottledHeart":136,"Shuriken":151,"Bronze Scales":154,"StrikeDummy":0,"infinitespire:PuzzleCube":12,"Pocketwatch":35,"Darkstone Periapt":109,"Regal Pillow":38,"Lantern":194,"Singing Bowl":124,"Mango":158,"Juzu Bracelet":19,"Bag of Preparation":121,"Empty Cage":109,"Ancient Tea Set":139,"Burning Blood":0,"ClockworkSouvenir":19,"hubris:BlackHole":106,"Dream Catcher":111,"hubris:Backtick":27,"hubris:Icosahedron":153,"Mummified Hand":146,"Pantograph":124,"Toolbox":158,"Tiny Chest":109,"Chemical X":59,"hubris:ChampionShield":109,"InkBottle":10,"Potion Belt":216,"infinitespire:CursedDice":85,"hubris:MedicalManual":0,"hubris:Towel":10,"Medical Kit":136,"Anchor":109,"infinitespire:Satchel":143,"Art of War":44,"Membership Card":32,"hubris:CrackedHourglass":128,"hubris:OldNail":10,"hubris:Potato":27,"infinitespire:Midas Blood":121}],"Burning Blood":239},"card_choices":[{"not_picked":["Entrench","Perfected Strike","Thunderclap"],"picked":"SKIP","floor":1},{"not_picked":["Headbutt","Flex","Pummel"],"picked":"SKIP","floor":4},{"not_picked":["Headbutt","Flex","Pummel"],"picked":"SKIP","floor":4},{"not_picked":["Headbutt","Exhume","Searing Blow"],"picked":"SKIP","floor":7},{"not_picked":["Inflame","Combust","Anger"],"picked":"SKIP","floor":8},{"not_picked":["Clothesline","True Grit","Disarm"],"picked":"SKIP","floor":10},{"not_picked":["Infernal Blade","Armaments","True Grit"],"picked":"SKIP","floor":13},{"not_picked":["Power Through","Pommel Strike","Body Slam"],"picked":"SKIP","floor":14},{"not_picked":["Exhume","Berserk"],"picked":"Bludgeon","floor":16},{"not_picked":["Warcry","Feel No Pain+1","Wild Strike"],"picked":"SKIP","floor":18},{"not_picked":["Uppercut","Clothesline+1","Combust"],"picked":"SKIP","floor":20},{"not_picked":["Clothesline","Anger","Sentinel"],"picked":"SKIP","floor":22},{"not_picked":["Clash","Whirlwind","Sword Boomerang"],"picked":"SKIP","floor":23}],"player_experience":921303,"relics_obtained":[{"floor":7,"key":"Art of War"},{"floor":10,"key":"hubris:CrystalStatue"},{"floor":13,"key":"Lantern"},{"floor":23,"key":"Potion Belt"}],"event_choices":[{"damage_healed":0,"gold_gain":1,"player_choice":"Relic ","damage_taken":18,"max_hp_gain":0,"max_hp_loss":0,"event_name":"betterThird:BetterScrap","floor":2,"gold_loss":0,"cards_obtained":["Storm of Steel"]},{"damage_healed":0,"gold_gain":0,"player_choice":"Shed Blood","damage_taken":26,"max_hp_gain":5,"max_hp_loss":0,"event_name":"Forgotten Altar","floor":24,"gold_loss":0}],"is_beta":false,"boss_relics":[{"not_picked":["Calling Bell","Busted Crown"],"picked":"Runic Dome"}],"items_purged_floors":[0,0,0,0,0,0,0,0,0,0,0,0,19],"is_endless":false,"potions_floor_spawned":[4,8,14,16,22],"killed_by":"Slavers","ascension_level":20}}