{"host":"a2lstcqnqliiu9ja","time":1608162860,"event":{"mods":["Aspiration","BaseMod","Conspire","Downfall","Energized Spire","Hubris","Infinite Spire","Marisa????????","Minty Spire (QoL Compilation)","Quick Restart","Replay The Spire","SOS???????","StSLib","The Animator","The Disciple","The Factory","The Jungle","The Runesmith","The Servant 0.9.4"],"gold_per_floor":[99,99,99,99,99,99,126,136,171,171,216,216,235,235,245,245,245],"floor_reached":16,"playtime":1434,"items_purged":[],"score":96,"play_id":"c2335b59-5d06-4b3d-b062-b100c07b3a36","local_time":"20201216235420","is_ascension_mode":false,"campfire_choices":[{"data":"Guardian:TimeSifter","floor":4,"key":"SMITH"},{"data":"Guardian:ShieldCharger","floor":6,"key":"SMITH"},{"data":"Guardian:TimeBomb","floor":10,"key":"SMITH"}],"circlet_count":0,"master_deck":["Guardian:Strike_Guardian","Guardian:Strike_Guardian","Guardian:Defend_Guardian","Guardian:Defend_Guardian","Guardian:Defend_Guardian","Guardian:Defend_Guardian","Guardian:CurlUp","Guardian:TwinSlam","Guardian:TimeSifter+1","Guardian:DecasProtection","Guardian:Preprogram","Guardian:ShieldCharger+1","Guardian:TimeBomb+1","Guardian:Gem_Red","Guardian:BronzeOrb","Parasite","Guardian:Gem_Lightblue"],"relics":["Guardian:ModeShifter","downfall:HeartsMalice","Gremlin Food","Replay:Multitool","Durian"],"acts_visited":["Exordium"],"potions_floor_usage":[11,13,16,16],"damage_taken":[{"damage":0,"enemies":"Cultist","floor":2,"turns":1},{"damage":0,"enemies":"Small Slimes","floor":3,"turns":1},{"damage":0,"enemies":"2 Louse","floor":5,"turns":1},{"damage":0,"enemies":"Large Slime","floor":8,"turns":7},{"damage":44,"enemies":"Lagavulin","floor":9,"turns":14},{"damage":7,"enemies":"conspire:MimicChest","floor":11,"turns":11},{"damage":15,"enemies":"3 Louse","floor":13,"turns":3},{"damage":2,"enemies":"Blue Slaver","floor":15,"turns":7},{"damage":48,"enemies":"downfall:Ironclad","floor":16,"turns":13}],"seed_played":"1916397708681174376","potions_obtained":[{"floor":8,"key":"sneckomod:MuddlingPotion"},{"floor":9,"key":"Dexterity Potion"},{"floor":13,"key":"Explosive Potion"},{"floor":15,"key":"DistilledChaos"}],"is_trial":false,"path_per_floor":["R","M","M","R","M","R","T","M","E","R","?","?","M","?","M","B"],"character_chosen":"GUARDIAN","items_purchased":[],"campfire_rested":0,"item_purchase_floors":[],"current_hp_per_floor":[80,80,80,80,80,80,80,80,36,36,34,34,19,40,38,0,0],"gold":245,"neow_bonus":"THREE_ENEMY_KILL","is_daily":false,"chose_seed":false,"campfire_upgraded":3,"win_rate":0.0,"timestamp":1608162860,"path_taken":["R","M","?","R","M","R","T","M","E","R","?","?","M","?","M","BOSS"],"items_purchased_type":[],"build_version":"2020-12-13","purchased_purges":0,"victory":false,"max_hp_per_floor":[80,80,80,80,80,80,80,80,80,80,85,85,85,85,85,85,85],"card_choices":[{"not_picked":["Guardian:VentSteam","Guardian:Recover"],"picked":"Guardian:DecasProtection","floor":2},{"not_picked":["Guardian:VentSteam","Guardian:ShieldCharger"],"picked":"Guardian:Preprogram","floor":3},{"not_picked":["Guardian:ArmoredProtocol","Guardian:Incinerate"],"picked":"Guardian:ShieldCharger","floor":5},{"not_picked":["Guardian:Recover","Guardian:PrismaticBeam"],"picked":"Guardian:Gem_Lightblue","floor":8},{"not_picked":["Guardian:PrimingBeam","Guardian:Reroute"],"picked":"Guardian:TimeBomb","floor":9},{"not_picked":["Guardian:TimeCapacitor","Guardian:VentSteam"],"picked":"Guardian:Gem_Red","floor":11},{"not_picked":["Guardian:Incinerate","Guardian:Repulse"],"picked":"Guardian:BronzeOrb","floor":13},{"not_picked":["Guardian:CrystalBeam","Guardian:FloatingOrbs"],"picked":"Guardian:Gem_Lightblue","floor":15}],"player_experience":616704,"relics_obtained":[{"floor":7,"key":"Gremlin Food"},{"floor":9,"key":"Replay:Multitool"},{"floor":11,"key":"Durian"}],"event_choices":[{"cards_removed":["Guardian:Strike_Guardian"],"damage_healed":0,"gold_gain":0,"player_choice":"Card Removal","damage_taken":0,"max_hp_gain":0,"max_hp_loss":0,"event_name":"The Cleric","floor":12,"gold_loss":0},{"damage_healed":21,"gold_gain":0,"player_choice":"Healed and dodged fight","damage_taken":0,"max_hp_gain":0,"max_hp_loss":0,"event_name":"Mushrooms","floor":14,"gold_loss":0,"cards_obtained":["Parasite"]}],"is_beta":false,"boss_relics":[],"items_purged_floors":[],"is_endless":false,"potions_floor_spawned":[8,9,13,15],"killed_by":"downfall:Ironclad","ascension_level":0}}