{"host":"6w8aqtnmxc00db5e","time":1608145926,"event":{"mods":["BaseMod","Better Altar","Better Match","Better Note","Better Sensory Stone","Better Skull","Better Third Choice","GifTheSpireLib","GungeonMod","Minty Spire (QoL Compilation)","Replay The Spire","StSLib"],"gold_per_floor":[113,19,73,93,93,93,126,140,140,174,208,241,255,271,271,366,416,436,448,723,548,565,595,595,626,649,659,674,674,703,736,736,836,836,848,862,874,874,928,955,990,990,990],"floor_reached":42,"playtime":3221,"items_purged":["Regret"],"score":866,"play_id":"cc57b7fb-2329-4755-a0af-788c351a2985","local_time":"20201216141206","daily_mods":["SealedDeck","Vintage","Heirloom","Time Dilation","DeadlyEvents","Elite Swarm","Uncertain Future"],"is_ascension_mode":false,"campfire_choices":[{"data":"Crescendo","floor":6.0,"key":"SMITH"},{"data":"MasterReality","floor":15.0,"key":"SMITH"},{"data":"Replay:Vibes","floor":24.0,"key":"SMITH"},{"data":"FlurryOfBlows","floor":29.0,"key":"SMITH"},{"data":"Tantrum","floor":32.0,"key":"SMITH"}],"circlet_count":0,"master_deck":["Halt","FearNoEvil","Crescendo+1","FearNoEvil","EmptyFist","Halt","ReachHeaven","Tantrum+1","Replay:Vibes+1","Consecrate","Consecrate","FlurryOfBlows+1","MasterReality+1","DevaForm+1","Judgement","Devotion","CutThroughFate","Writhe","Alpha+1","Writhe"],"relics":["PureWater","replay:Trail_Library","DemoMod:Antibody","Sundial","ReplayFunnel","ReplayTheSpireMod:TigerMarble","Durian","Orichalcum","StrikeDummy","Darkstone Periapt","Prayer Wheel","Bottled Lightning","Ornamental Fan","PreservedInsect","Tiny House","TeardropLocket","Nunchaku","ReplayTheSpireMod:CursedCoin","Toxic Egg 2","GoldenEye","Bottled Tornado","ReplayTheSpireMod:Shallot","Replay:Mystery Machine","DemoMod:NanoMachines","DemoMod:MonsterBlood","Smiling Mask","Garlic","DemoMod:RiddleOfLead","Tiny Chest","Art of War","FossilizedHelix","Blue Doll","DemoMod:Armor","Calipers","Strawberry"],"acts_visited":["Exordium","TheCity","TheBeyond"],"potions_floor_usage":[],"damage_taken":[{"damage":0.0,"enemies":"Cultist","floor":1.0,"turns":2.0},{"damage":10.0,"enemies":"Jaw Worm","floor":4.0,"turns":2.0},{"damage":0.0,"enemies":"Lagavulin","floor":7.0,"turns":3.0},{"damage":0.0,"enemies":"Small Slimes","floor":8.0,"turns":2.0},{"damage":0.0,"enemies":"Gremlin Nob","floor":10.0,"turns":2.0},{"damage":0.0,"enemies":"3 Sentries","floor":11.0,"turns":3.0},{"damage":1.0,"enemies":"Lagavulin","floor":12.0,"turns":4.0},{"damage":5.0,"enemies":"Exordium Wildlife","floor":13.0,"turns":2.0},{"damage":0.0,"enemies":"Looter","floor":14.0,"turns":2.0},{"damage":0.0,"enemies":"Fading Forest","floor":16.0,"turns":11.0},{"damage":4.0,"enemies":"3 Byrds","floor":18.0,"turns":3.0},{"damage":3.0,"enemies":"2 Thieves","floor":19.0,"turns":2.0},{"damage":8.0,"enemies":"Centurion and Healer","floor":22.0,"turns":3.0},{"damage":3.0,"enemies":"Book of Stabbing","floor":23.0,"turns":3.0},{"damage":1.0,"enemies":"Gremlin Leader","floor":25.0,"turns":2.0},{"damage":0.0,"enemies":"Cultist and Chosen","floor":27.0,"turns":6.0},{"damage":0.0,"enemies":"Snecko","floor":28.0,"turns":3.0},{"damage":0.0,"enemies":"Book of Stabbing","floor":30.0,"turns":2.0},{"damage":18.0,"enemies":"Slavers","floor":31.0,"turns":3.0},{"damage":8.0,"enemies":"Pondfish","floor":33.0,"turns":7.0},{"damage":5.0,"enemies":"3 Shapes","floor":35.0,"turns":3.0},{"damage":2.0,"enemies":"Orb Walker","floor":36.0,"turns":3.0},{"damage":0.0,"enemies":"Maw","floor":37.0,"turns":5.0},{"damage":5.0,"enemies":"R_Hoarder","floor":40.0,"turns":5.0},{"damage":0.0,"enemies":"Nemesis","floor":41.0,"turns":4.0},{"damage":0,"enemies":"R_Hoarder","floor":42,"turns":1}],"seed_played":"-1650055537366046987","potions_obtained":[{"floor":1.0,"key":"Ancient Potion"},{"floor":7.0,"key":"Dexterity Potion"},{"floor":10.0,"key":"SpeedPotion"},{"floor":11.0,"key":"GamblersBrew"},{"floor":16.0,"key":"StancePotion"},{"floor":19.0,"key":"ColorlessPotion"},{"floor":28.0,"key":"DuplicationPotion"},{"floor":33.0,"key":"ColorlessPotion"},{"floor":40.0,"key":"Energy Potion"}],"is_trial":true,"path_per_floor":["M","$","T","M","?","R","E","M","T","E","E","E","M","M","R","B",null,"M","M","?","$","M","E","R","E","T","M","M","R","E","E","R","B",null,"M","M","M","?","T","E","E","E"],"character_chosen":"WATCHER","items_purchased":["Consecrate","FlurryOfBlows","ReplayTheSpireMod:CursedCoin","Toxic Egg 2"],"campfire_rested":0,"item_purchase_floors":[2,2,21,21],"current_hp_per_floor":[72,72,72,62,62,62,67,67,67,67,67,66,61,61,61,61,82,78,75,87,94,86,83,83,82,82,82,89,89,89,71,71,63,111,106,104,104,117,117,112,124,124,124],"gold":990,"neow_bonus":"","is_daily":false,"chose_seed":false,"campfire_upgraded":5,"win_rate":0.0,"timestamp":1608145926,"path_taken":["M","$","?","M","?","R","E","M","T","E","?","E","M","M","R","BOSS","M","M","?","$","?","E","R","E","T","M","M","R","E","?","R","BOSS","M","M","M","?","?","E","?","E"],"items_purchased_type":["Card","Card","Relic","Relic"],"build_version":"2020-12-13","purchased_purges":1,"victory":false,"max_hp_per_floor":[72,72,72,72,72,72,77,77,77,77,77,77,77,77,77,77,82,82,82,88,94,94,94,94,94,94,94,101,101,101,101,101,101,111,111,111,111,117,117,117,124,124,124],"card_choices":[{"not_picked":["Wish","Devotion"],"picked":"MasterReality","floor":7.0},{"not_picked":["Blasphemy","Scrawl","Omniscience"],"picked":"SKIP","floor":10.0},{"not_picked":["Scrawl","Ragnarok"],"picked":"DevaForm","floor":11.0},{"not_picked":["DevaForm","MasterReality"],"picked":"Judgement","floor":12.0},{"not_picked":["Establishment","Wish"],"picked":"Devotion","floor":16.0},{"not_picked":["WindmillStrike","Meditate"],"picked":"CutThroughFate","floor":17.0},{"not_picked":["SpiritShield+1","ConjureBlade+1","Vault+1"],"picked":"SKIP","floor":23.0},{"not_picked":["SpiritShield+1","ConjureBlade+1","Brilliance"],"picked":"SKIP","floor":25.0},{"not_picked":["Devotion","MasterReality"],"picked":"Alpha+1","floor":30.0},{"not_picked":["Blasphemy+1","ConjureBlade+1","Scrawl+1"],"picked":"SKIP","floor":31.0},{"not_picked":["Replay:LoomingThreat","Scrawl+1","Establishment"],"picked":"SKIP","floor":40.0},{"not_picked":["ConjureBlade+1","Vault+1","Omniscience+1"],"picked":"SKIP","floor":41.0}],"player_experience":528960,"relics_obtained":[{"floor":1.0,"key":"Sundial"},{"floor":3.0,"key":"ReplayFunnel"},{"floor":4.0,"key":"ReplayTheSpireMod:TigerMarble"},{"floor":7.0,"key":"Durian"},{"floor":8.0,"key":"Orichalcum"},{"floor":9.0,"key":"StrikeDummy"},{"floor":10.0,"key":"Darkstone Periapt"},{"floor":11.0,"key":"Prayer Wheel"},{"floor":12.0,"key":"Bottled Lightning"},{"floor":13.0,"key":"Ornamental Fan"},{"floor":14.0,"key":"PreservedInsect"},{"floor":18.0,"key":"TeardropLocket"},{"floor":19.0,"key":"Nunchaku"},{"floor":22.0,"key":"GoldenEye"},{"floor":23.0,"key":"Bottled Tornado"},{"floor":25.0,"key":"ReplayTheSpireMod:Shallot"},{"floor":26.0,"key":"Replay:Mystery Machine"},{"floor":27.0,"key":"DemoMod:NanoMachines"},{"floor":28.0,"key":"DemoMod:MonsterBlood"},{"floor":30.0,"key":"Smiling Mask"},{"floor":31.0,"key":"Garlic"},{"floor":35.0,"key":"Tiny Chest"},{"floor":36.0,"key":"Art of War"},{"floor":37.0,"key":"FossilizedHelix"},{"floor":39.0,"key":"Blue Doll"},{"floor":40.0,"key":"Calipers"},{"floor":41.0,"key":"Strawberry"}],"event_choices":[{"cards_removed":["JustLucky"],"damage_healed":0.0,"max_hp_gain":0.0,"max_hp_loss":0.0,"gold_gain":0.0,"event_name":"Purifier","player_choice":"Purged","floor":5.0,"gold_loss":0.0,"damage_taken":0.0},{"damage_healed":0.0,"max_hp_gain":0.0,"max_hp_loss":0.0,"gold_gain":0.0,"event_name":"Purifier","player_choice":"Ignored","floor":5.0,"gold_loss":0.0,"damage_taken":0.0},{"damage_healed":0.0,"max_hp_gain":0.0,"max_hp_loss":0.0,"gold_gain":275.0,"event_name":"Golden Shrine","player_choice":"Desecrate","floor":20.0,"gold_loss":0.0,"damage_taken":0.0,"cards_obtained":["Regret"]},{"damage_healed":28.0,"max_hp_gain":0.0,"max_hp_loss":0.0,"gold_gain":0.0,"event_name":"Winding Halls","player_choice":"Writhe","floor":38.0,"gold_loss":0.0,"damage_taken":0.0,"cards_obtained":["Writhe"]}],"is_beta":false,"boss_relics":[{"not_picked":["ReplayTheSpireMod:DimensionalGlitch","Replay:Bronze Core"],"picked":"Tiny House"},{"not_picked":["SacredBark","Replay:Drink Me"],"picked":"DemoMod:RiddleOfLead"}],"items_purged_floors":[21],"is_endless":false,"potions_floor_spawned":[1,7,10,11,16,19,25,28,33,40,41],"killed_by":"R_Hoarder","ascension_level":0}}