{"host":"qw1m3zcvi888b4j7","time":1608162167,"event":{"mods":["BaseMod","Block Reminder","Colored Map","Colored Powertips","DeckTracker","Highlight Path","Hubris","Minty Spire (QoL Compilation)","Quick Restart","Rare Cards Sparkle","Relic Sorter","Relic Stats","Replay The Spire","StSLib","The Blue Laboratory","The Cursed"],"gold_per_floor":[117,117,117,117,77,77,106,119,119,134,166,166,185,215,215,319,319,335,355,372,47,64,64,119,119,164,164,192,236,236,247,247,247,247],"floor_reached":33,"playtime":1777,"items_purged":[],"score":372,"play_id":"c9496959-09f5-4c41-9f94-109eb0e4535a","local_time":"20201217004247","is_ascension_mode":true,"campfire_choices":[{"floor":6,"key":"RECALL"},{"data":"Chill","floor":12,"key":"SMITH"},{"floor":15,"key":"REST"},{"data":"HandOfGreed","floor":23,"key":"SMITH"},{"floor":25,"key":"REST"},{"floor":30,"key":"REST"},{"floor":32,"key":"REST"}],"circlet_count":0,"master_deck":["Strike_B+1","Strike_B","Strike_B","Defend_B+1","Zap","Dualcast","Sweeping Beam","Multi-Cast+1","Beam Cell","Beam Cell","ReplaySort","Mirror Shield","Lockon","Chill+1","White Noise","Storm","hubris:SpecializedCircuitry","Heatsinks+1","Storm+1","Rip and Tear+1","Leap+1","Beam Cell","Panic Button+1","ReplayTheSpireMod:System Scan","ReplayTheSpireMod:System Scan","HandOfGreed+1","Turbo","Go for the Eyes","Redo","Beam Cell","Steam Power","Pride","Creative AI","Ball Lightning"],"relics":["Cracked Core","NeowsBlessing","Replay:Mystery Machine","Meat on the Bone","Orichalcum","Art of War","MealTicket","Astrolabe","Counterbalance","Geode","hubris:BallOfYels"],"acts_visited":["Exordium","TheCity"],"potions_floor_usage":[11,11,14,16,22,24,28,29,33,33],"damage_taken":[{"damage":0,"enemies":"Small Slimes","floor":1,"turns":1},{"damage":0,"enemies":"Lagavulin","floor":7,"turns":1},{"damage":0,"enemies":"Jaw Worm","floor":8,"turns":1},{"damage":0,"enemies":"2 Louse","floor":10,"turns":2},{"damage":7,"enemies":"Gremlin Nob","floor":11,"turns":4},{"damage":3,"enemies":"Large Slime","floor":13,"turns":6},{"damage":9,"enemies":"Lagavulin","floor":14,"turns":4},{"damage":44,"enemies":"Hexaghost","floor":16,"turns":10},{"damage":0,"enemies":"Chosen","floor":18,"turns":4},{"damage":13,"enemies":"Spheric Guardian","floor":19,"turns":4},{"damage":18,"enemies":"Snake Plant","floor":20,"turns":4},{"damage":14,"enemies":"Centurion and Healer","floor":22,"turns":8},{"damage":35,"enemies":"Book of Stabbing","floor":24,"turns":6},{"damage":20,"enemies":"Gremlin Leader","floor":28,"turns":6},{"damage":14,"enemies":"Shelled Parasite and Fungi","floor":29,"turns":4},{"damage":10,"enemies":"3 Cultists","floor":31,"turns":5},{"damage":78,"enemies":"Automaton","floor":33,"turns":8}],"seed_played":"-9021742732200499512","potions_obtained":[{"floor":8,"key":"Strength Potion"},{"floor":10,"key":"blueLaboratory:LouseDecoction"},{"floor":13,"key":"Dexterity Potion"},{"floor":14,"key":"blueLaboratory:BottledHope"},{"floor":18,"key":"LiquidMemories"},{"floor":20,"key":"Regen Potion"},{"floor":24,"key":"blueLaboratory:LouseDecoction"},{"floor":27,"key":"blueLaboratory:RecallPotion"},{"floor":27,"key":"blueLaboratory:ExaltedPotion"},{"floor":29,"key":"blueLaboratory:BottleOfVodka"}],"is_trial":false,"path_per_floor":["M","?","?","?","$","R","E","M","T","M","E","R","M","E","R","B",null,"M","M","M","$","M","R","E","R","T","?","E","M","R","M","R","B"],"character_chosen":"DEFECT","items_purchased":["Beam Cell","ReplayTheSpireMod:System Scan","HandOfGreed","Turbo","Go for the Eyes"],"campfire_rested":4,"item_purchase_floors":[5,21,21,21,21],"current_hp_per_floor":[75,72,72,57,57,57,57,57,57,57,50,50,47,38,60,28,75,75,62,44,59,60,60,37,59,59,59,39,37,59,49,71,0,0],"gold":247,"neow_bonus":"THREE_ENEMY_KILL","is_daily":false,"chose_seed":false,"campfire_upgraded":2,"win_rate":0.0,"timestamp":1608162167,"path_taken":["M","?","?","?","?","R","E","M","T","M","E","R","M","E","R","BOSS","M","M","M","$","M","R","E","R","T","?","E","M","R","?","R","BOSS"],"items_purchased_type":["Card","Card","Card","Card","Card"],"build_version":"2020-12-13","purchased_purges":0,"victory":false,"max_hp_per_floor":[75,75,75,75,75,75,75,75,75,75,75,75,75,75,75,75,75,75,75,75,75,75,75,75,75,75,75,75,75,75,75,75,75,75],"relic_stats":{"counters":[17,78],"Astrolabe":["Heatsinks","Storm","Rip and Tear"],"MealTicket":15,"Art of War":[6],"Orichalcum":[174],"obtain_stats":[{"hubris:BallOfYels":28,"NeowsBlessing":0,"Astrolabe":17,"Counterbalance":24,"MealTicket":14,"Art of War":11,"Geode":26,"Replay:Mystery Machine":2,"Orichalcum":9,"Cracked Core":0,"Meat on the Bone":7},{"hubris:BallOfYels":14,"NeowsBlessing":0,"Astrolabe":8,"Counterbalance":13,"MealTicket":7,"Art of War":5,"Geode":13,"Replay:Mystery Machine":1,"Orichalcum":3,"Cracked Core":0,"Meat on the Bone":2},{"hubris:BallOfYels":61,"NeowsBlessing":0,"Astrolabe":29,"Counterbalance":55,"MealTicket":19,"Art of War":9,"Geode":55,"Replay:Mystery Machine":1,"Orichalcum":3,"Cracked Core":0,"Meat on the Bone":2}],"Meat on the Bone":36},"card_choices":[{"not_picked":["Compile Driver","Panic Button"],"picked":"Sweeping Beam","floor":1},{"not_picked":["Static Discharge","Panic Button"],"picked":"ReplaySort","floor":7},{"not_picked":["Scrape","Steam"],"picked":"Mirror Shield","floor":8},{"not_picked":["Leap","Streamline"],"picked":"Lockon","floor":10},{"not_picked":["Tempest","Seek"],"picked":"Chill","floor":11},{"not_picked":["Conserve Battery","Barrage"],"picked":"White Noise","floor":13},{"not_picked":["Beam Cell","Coolheaded"],"picked":"Storm","floor":14},{"not_picked":["Reboot","Meteor Strike"],"picked":"hubris:SpecializedCircuitry","floor":16},{"not_picked":["Steam","Reinforced Body"],"picked":"Leap+1","floor":18},{"not_picked":["Cold Snap","Conserve Battery"],"picked":"Beam Cell","floor":19},{"not_picked":["hubris:Ukulele","Conserve Battery+1"],"picked":"Panic Button+1","floor":20},{"not_picked":["Barrage","Panic Button+1"],"picked":"Redo","floor":22},{"not_picked":["Stack","Time Bomb+1"],"picked":"Beam Cell","floor":24},{"not_picked":["Panic Button","Barrage"],"picked":"Steam Power","floor":28},{"not_picked":["Compile Driver","Steam+1"],"picked":"Creative AI","floor":29},{"not_picked":["Go for the Eyes","ReplaySolidLightProjector"],"picked":"Ball Lightning","floor":31}],"player_experience":97707,"relics_obtained":[{"floor":7,"key":"Meat on the Bone"},{"floor":9,"key":"Orichalcum"},{"floor":11,"key":"Art of War"},{"floor":14,"key":"MealTicket"},{"floor":24,"key":"Counterbalance"},{"floor":26,"key":"Geode"},{"floor":28,"key":"hubris:BallOfYels"}],"event_choices":[{"damage_healed":0,"gold_gain":0,"player_choice":"Success","damage_taken":3,"relics_obtained":["Replay:Mystery Machine"],"max_hp_gain":0,"max_hp_loss":0,"event_name":"Scrap Ooze","floor":2,"gold_loss":0},{"damage_healed":0,"gold_gain":0,"player_choice":"Entered Light","damage_taken":15,"max_hp_gain":0,"max_hp_loss":0,"event_name":"Shining Light","floor":4,"gold_loss":0,"cards_upgraded":["Defend_B","Strike_B"]},{"damage_healed":0,"gold_gain":0,"player_choice":"Got Potions","damage_taken":0,"max_hp_gain":0,"max_hp_loss":0,"event_name":"Lab","floor":27,"gold_loss":0}],"is_beta":false,"boss_relics":[{"not_picked":["Kintsugi","hubris:VirtuousBlindfold"],"picked":"Astrolabe"}],"items_purged_floors":[],"is_endless":false,"potions_floor_spawned":[8,10,13,14,18,20,24,29],"killed_by":"Automaton","ascension_level":1}}