{"host":"poixavpewvabi3b6","time":1608143017,"event":{"mods":["BaseMod","DeckTracker","Minty Spire (QoL Compilation)","Replay The Spire","StSLib"],"gold_per_floor":[113,113,113,129,145,178,178,198,271,46,60,74,1,19,19,123,123,135,60,60,60,49,49,82,148,148,148,148,164,176,189,189,189,189],"floor_reached":33,"playtime":1468,"items_purged":["Voices"],"score":294,"play_id":"979fda74-e8dd-4c75-8c09-5cbd1a36aed6","local_time":"20201217032337","is_ascension_mode":false,"campfire_choices":[{"data":"Footwork","floor":7,"key":"SMITH"},{"floor":15,"key":"REST"},{"data":"Fluid Movement","floor":23,"key":"SMITH"},{"floor":27,"key":"REST"},{"floor":32,"key":"REST"}],"circlet_count":0,"master_deck":["Strike_G","Strike_G","Strike_G+1","Strike_G","Strike_G+1","Defend_G","Defend_G","Defend_G","Defend_G","Defend_G","Survivor","Neutralize","Bouncing Flask","Footwork+1","Noxious Fumes","Fluid Movement+1","Caltrops","Deflect+1","Malaise+1","CommonCold","Amnesia","Dash+1","Amnesia","ReplayTheSpireMod:Speed Training+1"],"relics":["Ring of the Snake","NeowsBlessing","CultistMask","Replay:Kaleidoscope","Toxic Egg 2","TwistedFunnel","Replay:Ancient Bell","Replay:Baseball","Onion Ring","Ginger","ReplayTheSpireMod:Ring of Collecting","Whetstone","Pocketwatch"],"acts_visited":["Exordium","TheCity"],"potions_floor_usage":[16,22,33,33,33],"damage_taken":[{"damage":0,"enemies":"Small Slimes","floor":1,"turns":1},{"damage":0,"enemies":"Jaw Worm","floor":4,"turns":1},{"damage":0,"enemies":"Cultist","floor":5,"turns":1},{"damage":18,"enemies":"Gremlin Nob","floor":6,"turns":4},{"damage":0,"enemies":"Red Slaver","floor":8,"turns":4},{"damage":8,"enemies":"Large Slime","floor":11,"turns":6},{"damage":4,"enemies":"Blue Slaver","floor":12,"turns":4},{"damage":2,"enemies":"Looter","floor":14,"turns":5},{"damage":4,"enemies":"The Guardian","floor":16,"turns":9},{"damage":10,"enemies":"Shell Parasite","floor":18,"turns":5},{"damage":13,"enemies":"2 Thieves","floor":22,"turns":4},{"damage":0,"enemies":"Book of Stabbing","floor":24,"turns":8},{"damage":23,"enemies":"Centurion and Healer","floor":29,"turns":11},{"damage":22,"enemies":"3 Cultists","floor":30,"turns":6},{"damage":15,"enemies":"Snake Plant","floor":31,"turns":4},{"damage":37,"enemies":"Automaton","floor":33,"turns":6}],"seed_played":"5029779366750736272","potions_obtained":[{"floor":1,"key":"FearPotion"},{"floor":5,"key":"SneckoOil"},{"floor":11,"key":"EssenceOfSteel"},{"floor":14,"key":"Fire Potion"},{"floor":18,"key":"Explosive Potion"},{"floor":25,"key":"Doom Potion"},{"floor":25,"key":"PowerPotion"}],"is_trial":false,"path_per_floor":["M","?","?","M","M","E","R","M","T","$","M","M","$","M","R","B",null,"M","$","?","?","M","R","E","?","T","R","?","M","M","M","R","B"],"character_chosen":"THE_SILENT","items_purchased":["TwistedFunnel","Noxious Fumes","Caltrops"],"campfire_rested":3,"item_purchase_floors":[10,10,13],"current_hp_per_floor":[70,75,75,75,75,57,57,57,57,57,49,45,45,43,65,61,75,65,65,65,51,38,38,38,38,38,62,62,39,17,2,26,0,0],"gold":189,"neow_bonus":"THREE_ENEMY_KILL","is_daily":false,"chose_seed":false,"campfire_upgraded":2,"win_rate":0.0,"timestamp":1608143017,"path_taken":["M","?","?","M","?","E","R","M","T","$","M","M","?","M","R","BOSS","M","$","?","?","M","R","E","?","T","R","?","?","M","M","R","BOSS"],"items_purchased_type":["Relic","Card","Card"],"build_version":"2020-12-13","purchased_purges":1,"victory":false,"max_hp_per_floor":[70,75,75,75,75,75,75,75,75,75,75,75,75,75,75,75,75,75,75,75,80,80,80,80,80,80,80,80,80,80,80,80,80,80],"card_choices":[{"not_picked":["Flechettes","All Out Attack"],"picked":"Bouncing Flask","floor":1},{"not_picked":["Dagger Spray","Deflect","Acrobatics"],"picked":"SKIP","floor":4},{"not_picked":["Blade Dance","Dagger Throw","ReplayTheSpireMod:The Works"],"picked":"SKIP","floor":5},{"not_picked":["Caltrops","Poisoned Stab"],"picked":"Footwork","floor":6},{"not_picked":["Slice","Choke","Underhanded Strike"],"picked":"SKIP","floor":8},{"not_picked":["Reflex+1","Hidden Blade+1"],"picked":"Fluid Movement","floor":11},{"not_picked":["Quick Slash","Outmaneuver+1","Heel Hook"],"picked":"SKIP","floor":12},{"not_picked":["ReplayTheSpireMod:Exploit Weakness+1","Noxious Fumes"],"picked":"Deflect+1","floor":14},{"not_picked":["Envenom","Doppelganger+1"],"picked":"Malaise+1","floor":16},{"not_picked":["Injury","Sickly"],"picked":"CommonCold","floor":17},{"not_picked":["Looming Evil","Pain"],"picked":"Voices","floor":17},{"not_picked":["ReplayTheSpireMod:IOU","Languid"],"picked":"Amnesia","floor":17},{"not_picked":["ReplayTheSpireMod:Shiv Toss+1","Caltrops"],"picked":"Dash+1","floor":18},{"not_picked":["Bane","Slice","Backstab"],"picked":"SKIP","floor":22},{"not_picked":["Endless Agony","Outmaneuver+1","Dagger Throw"],"picked":"SKIP","floor":24},{"not_picked":["Dagger Throw+1","Flechettes","Bane"],"picked":"SKIP","floor":29},{"not_picked":["Tactician+1","Riddle With Holes"],"picked":"ReplayTheSpireMod:Speed Training+1","floor":30},{"not_picked":["Quick Slash","Hidden Blade+1","Eviscerate"],"picked":"SKIP","floor":31}],"player_experience":128555,"relics_obtained":[{"floor":6,"key":"Replay:Kaleidoscope"},{"floor":9,"key":"Toxic Egg 2"},{"floor":20,"key":"ReplayTheSpireMod:Ring of Collecting"},{"floor":24,"key":"Whetstone"},{"floor":26,"key":"Pocketwatch"}],"event_choices":[{"damage_healed":0,"gold_gain":0,"player_choice":"Donut","damage_taken":0,"max_hp_gain":5,"max_hp_loss":0,"event_name":"Big Fish","floor":2,"gold_loss":0},{"damage_healed":0,"gold_gain":0,"player_choice":"Trade","damage_taken":0,"relics_obtained":["CultistMask"],"max_hp_gain":0,"max_hp_loss":0,"event_name":"FaceTrader","floor":3,"gold_loss":0},{"damage_healed":0,"gold_gain":0,"player_choice":"Shed Blood","damage_taken":19,"max_hp_gain":5,"max_hp_loss":0,"event_name":"Forgotten Altar","floor":21,"gold_loss":0},{"damage_healed":0,"gold_gain":0,"player_choice":"Ignored","damage_taken":0,"max_hp_gain":0,"max_hp_loss":0,"event_name":"Ghosts","floor":28,"gold_loss":0}],"is_beta":false,"boss_relics":[{"not_picked":["Painkiller Herb","ChewingGum"],"picked":"Replay:Ancient Bell"},{"not_picked":["Blue Doll","Pet Ghost"],"picked":"Replay:Baseball"},{"not_picked":["Replay:Bottled Flurry","Replay:Bottled Snecko"],"picked":"Onion Ring"},{"not_picked":["Du-Vu Doll","Replay:PocketPolymizer"],"picked":"Ginger"}],"items_purged_floors":[19],"is_endless":false,"potions_floor_spawned":[1,5,11,14,18,30,31],"killed_by":"Automaton","ascension_level":0}}