{"host":"mi0eibewekhugwl1","time":1608125904,"event":{"mods":["AchievementEnabler","BaseMod","Colored Map","Colored Powertips","DeckTracker","Keyboard Shortcuts","Minty Spire (QoL Compilation)","Quick Restart","Rare Cards Sparkle","Relic Stats","StSLib","SuperFastMode","everything is the same but u backflip on backflip"],"gold_per_floor":[218,230,230,66,66,66,92,92,118,138,138,169,169,222,222,222,222],"floor_reached":16,"playtime":232,"items_purged":["Strike_R"],"score":192,"play_id":"296223ef-f6da-41fd-ab1c-25b6e0869fb6","local_time":"20201216223824","is_ascension_mode":true,"campfire_choices":[{"data":"Flame Barrier","floor":6,"key":"SMITH"},{"data":"Searing Blow","floor":8,"key":"SMITH"},{"data":"Searing Blow+1","floor":11,"key":"SMITH"},{"data":"Searing Blow+2","floor":15,"key":"SMITH"}],"circlet_count":0,"master_deck":["AscendersBane","Strike_R","Strike_R","Strike_R","Strike_R","Defend_R","Defend_R","Defend_R","Defend_R","Bash","Uppercut+1","Shrug It Off","Flame Barrier+1","Searing Blow+3","Bloodletting","Intimidate"],"relics":["Burning Blood","Tiny Chest","Odd Mushroom","Pen Nib","PreservedInsect","Strawberry"],"acts_visited":["Exordium"],"potions_floor_usage":[12,16],"damage_taken":[{"damage":12,"enemies":"Cultist","floor":1,"turns":4},{"damage":7,"enemies":"Jaw Worm","floor":2,"turns":3},{"damage":30,"enemies":"The Mushroom Lair","floor":7,"turns":6},{"damage":0,"enemies":"2 Louse","floor":10,"turns":4},{"damage":15,"enemies":"Lagavulin","floor":12,"turns":5},{"damage":76,"enemies":"The Guardian","floor":16,"turns":14}],"seed_played":"-5628493854088581229","potions_obtained":[{"floor":2,"key":"Dexterity Potion"},{"floor":7,"key":"DuplicationPotion"},{"floor":12,"key":"Weak Potion"}],"is_trial":false,"path_per_floor":["M","M","?","$","?","R","?","R","T","M","R","E","?","T","R","B"],"character_chosen":"IRONCLAD","items_purchased":["Flame Barrier"],"campfire_rested":0,"item_purchase_floors":[4],"current_hp_per_floor":[62,61,43,43,43,43,19,19,19,25,25,16,41,48,48,0,0],"gold":222,"neow_bonus":"HUNDRED_GOLD","is_daily":false,"chose_seed":false,"campfire_upgraded":4,"win_rate":0.0,"timestamp":1608125904,"path_taken":["M","M","?","$","?","R","?","R","T","M","R","E","?","?","R","BOSS"],"items_purchased_type":["Card"],"build_version":"2020-12-13","purchased_purges":1,"victory":false,"max_hp_per_floor":[75,75,75,75,75,75,75,75,75,75,75,75,75,82,82,82,82],"relic_stats":{"counters":[6,36],"Tiny Chest":1,"Pen Nib":[2],"PreservedInsect":0,"obtain_stats":[{"Strawberry":14,"Tiny Chest":3,"Pen Nib":9,"PreservedInsect":12,"Odd Mushroom":7,"Burning Blood":0},{"Strawberry":5,"Tiny Chest":2,"Pen Nib":3,"PreservedInsect":5,"Odd Mushroom":3,"Burning Blood":0},{"Strawberry":22,"Tiny Chest":7,"Pen Nib":13,"PreservedInsect":22,"Odd Mushroom":13,"Burning Blood":0}],"Burning Blood":30},"card_choices":[{"not_picked":["Havoc","Clothesline"],"picked":"Uppercut","floor":1},{"not_picked":["Battle Trance","Dual Wield"],"picked":"Shrug It Off","floor":2},{"not_picked":["Havoc","Heavy Blade"],"picked":"Searing Blow","floor":7},{"not_picked":["Headbutt","True Grit"],"picked":"Bloodletting","floor":10},{"not_picked":["Dark Embrace","Reckless Charge"],"picked":"Intimidate","floor":12}],"player_experience":1673700,"relics_obtained":[{"floor":7,"key":"Odd Mushroom"},{"floor":9,"key":"Pen Nib"},{"floor":12,"key":"PreservedInsect"},{"floor":14,"key":"Strawberry"}],"event_choices":[{"damage_healed":0,"gold_gain":0,"player_choice":"Success","damage_taken":18,"relics_obtained":["Tiny Chest"],"max_hp_gain":0,"max_hp_loss":0,"event_name":"Scrap Ooze","floor":3,"gold_loss":0},{"damage_healed":0,"gold_gain":0,"player_choice":"Grow","damage_taken":0,"max_hp_gain":0,"max_hp_loss":0,"event_name":"Living Wall","floor":5,"gold_loss":0,"cards_upgraded":["Uppercut"]},{"damage_healed":0,"gold_gain":0,"player_choice":"Fought Mushrooms","damage_taken":0,"max_hp_gain":0,"max_hp_loss":0,"event_name":"Mushrooms","floor":7,"gold_loss":0},{"damage_healed":25,"gold_gain":0,"player_choice":"Banana","damage_taken":0,"max_hp_gain":0,"max_hp_loss":0,"event_name":"Big Fish","floor":13,"gold_loss":0}],"is_beta":false,"boss_relics":[],"items_purged_floors":[4],"is_endless":false,"potions_floor_spawned":[2,7,10,12],"killed_by":"The Guardian","ascension_level":20}}