{"host":"q9718omregw4er46","time":1608153911,"event":{"mods":["BaseMod","Bestiary","Colored Powertips","Custom Start","Highlight Path","Minty Spire (QoL Compilation)","Practice Mode","Quick Restart","Relic Stats"],"gold_per_floor":[118,118,118,37,48,82,98,23,48,48,48,67,67,103,103,103,103],"floor_reached":16,"playtime":411,"items_purged":["Strike_P"],"score":259,"play_id":"d254c494-8515-47fa-8a16-9ba714659ad5","local_time":"20201217022511","is_ascension_mode":true,"campfire_choices":[{"data":"Ragnarok","floor":10,"key":"SMITH"},{"data":"EmptyFist","floor":13,"key":"SMITH"},{"data":"FollowUp","floor":15,"key":"SMITH"}],"circlet_count":0,"master_deck":["AscendersBane","Strike_P","Strike_P","Strike_P","Defend_P","Defend_P","Defend_P","Defend_P","Eruption","Vigilance","Ragnarok+1","EmptyFist+1","Adaptation","Consecrate","FollowUp+1","Conclude"],"relics":["PureWater","Ancient Tea Set","Vajra","Golden Idol","Oddly Smooth Stone"],"acts_visited":["Exordium"],"potions_floor_usage":[6],"damage_taken":[{"damage":2,"enemies":"Jaw Worm","floor":1,"turns":4},{"damage":7,"enemies":"Small Slimes","floor":5,"turns":3},{"damage":30,"enemies":"3 Sentries","floor":6,"turns":7},{"damage":0,"enemies":"2 Louse","floor":7,"turns":1},{"damage":3,"enemies":"Blue Slaver","floor":12,"turns":3},{"damage":0,"enemies":"Gremlin Nob","floor":14,"turns":2},{"damage":20,"enemies":"Hexaghost","floor":16,"turns":8}],"seed_played":"-632455092622055658","potions_obtained":[{"floor":5,"key":"PowerPotion"},{"floor":14,"key":"Fire Potion"}],"is_trial":false,"path_per_floor":["M","?","?","$","M","E","M","$","T","R","?","M","R","E","R","B"],"character_chosen":"WATCHER","items_purchased":["Adaptation"],"campfire_rested":0,"item_purchase_floors":[4],"current_hp_per_floor":[59,64,53,53,46,16,16,16,16,16,16,13,13,13,13,0,0],"gold":103,"neow_bonus":"ONE_RANDOM_RARE_CARD","is_daily":false,"chose_seed":false,"campfire_upgraded":3,"win_rate":0.0,"timestamp":1608153911,"path_taken":["M","?","?","$","M","E","M","?","T","R","?","M","R","E","R","BOSS"],"items_purchased_type":["Card"],"build_version":"2020-12-13","purchased_purges":1,"victory":false,"max_hp_per_floor":[68,73,73,73,73,73,73,73,73,73,66,66,66,66,66,66,66],"relic_stats":{"counters":[7,28],"Golden Idol":11,"obtain_stats":[{"Golden Idol":11,"Vajra":6,"Oddly Smooth Stone":14,"PureWater":0,"Ancient Tea Set":3},{"Golden Idol":4,"Vajra":3,"Oddly Smooth Stone":6,"PureWater":0,"Ancient Tea Set":1},{"Golden Idol":15,"Vajra":14,"Oddly Smooth Stone":20,"PureWater":0,"Ancient Tea Set":4}]},"card_choices":[{"not_picked":["SashWhip","SandsOfTime"],"picked":"EmptyFist","floor":1},{"not_picked":["SandsOfTime","CarveReality"],"picked":"Consecrate","floor":5},{"not_picked":["Prostrate","Perseverance"],"picked":"FollowUp","floor":6},{"not_picked":["FollowUp","Collect","Worship"],"picked":"SKIP","floor":7},{"not_picked":["Halt","FollowUp","ThirdEye"],"picked":"SKIP","floor":12},{"not_picked":["Worship","Halt"],"picked":"Conclude","floor":14}],"player_experience":1028235,"relics_obtained":[{"floor":6,"key":"Vajra"},{"floor":14,"key":"Oddly Smooth Stone"}],"event_choices":[{"damage_healed":0,"gold_gain":0,"player_choice":"Donut","damage_taken":0,"max_hp_gain":5,"max_hp_loss":0,"event_name":"Big Fish","floor":2,"gold_loss":0},{"damage_healed":0,"gold_gain":0,"player_choice":"Success","damage_taken":11,"relics_obtained":["Ancient Tea Set"],"max_hp_gain":0,"max_hp_loss":0,"event_name":"Scrap Ooze","floor":3,"gold_loss":0},{"damage_healed":0,"gold_gain":0,"player_choice":"Lose Max HP","damage_taken":0,"relics_obtained":["Golden Idol"],"max_hp_gain":0,"max_hp_loss":7,"event_name":"Golden Idol","floor":11,"gold_loss":0}],"is_beta":false,"boss_relics":[],"items_purged_floors":[8],"is_endless":false,"potions_floor_spawned":[5,14],"killed_by":"Hexaghost","ascension_level":19}}