{"host":"mvw7i28zi3kj0eu9","time":1608126766,"event":{"mods":["AchievementEnabler","BaseMod","Better Third Choice","BetterRewards","Block Reminder","Conspire","Custom Start","Downfall","Energized Spire","Halation","Hermit","Hubris","Infinite Spire","Jorbs\u0027s Wanderer Trilogy","Minty Spire (QoL Compilation)","Replay The Spire","Shop Mod","Small Relic Pack","Spikes Relics","StSLib","The Blue Laboratory","The Necromancer","The Servant 0.9.4","Virulent Crown"],"gold_per_floor":[117,117,117,130,130,130,55,55,126,146,146,156,84,100,100,197,197,209,209,219,239,239,239,253,253,253,263,163,163,179,209,209,310,310,324,351,226,226,246,279,279,290,290,290,300,57,70,0,0,102,102,115,179,179,181,185,185,193,202,227,227,240,240,240,269,269,356,356,361,362,362,362,187,201,201,199,199,199,199,199,199,270,270,347,347,350,356,256,260,260,260,269,269,269,270,270,270,316,116,116,202,202,212,222,222,222,222,244,244,270,293,307,334,334,348,348,348,446,446,456,456,464,464,489,489,505,533,560,578,578,597,597,586,586,691,691,707,750,603,623,623,623,641,641,691,703,740,752,784,813,825,937,949,961,973,1014,1121],"floor_reached":158,"playtime":2803,"items_purged":["Defend_G","Defend_G","Strike_G","Defend_G","Defend_G","Strike_G","Strike_G+1","Survivor","Neutralize+4"],"score":5195,"play_id":"eb7a46a9-d701-4461-b86e-78cdd4f72d8e","local_time":"20201216145246","is_ascension_mode":true,"campfire_choices":[{"data":"Neutralize","floor":6,"key":"SMITH"},{"data":"Neutralize+1","floor":6,"key":"SMITH"},{"data":"Neutralize+2","floor":8,"key":"SMITH"},{"data":"Neutralize+3","floor":8,"key":"SMITH"},{"data":"Cloak And Dagger","floor":15,"key":"SMITH"},{"data":"Cloak And Dagger+1","floor":15,"key":"SMITH"},{"data":"Accuracy","floor":23,"key":"SMITH"},{"data":"Cloak And Dagger+2","floor":23,"key":"SMITH"},{"data":"Accuracy+1","floor":25,"key":"SMITH"},{"data":"Accuracy+2","floor":25,"key":"SMITH"},{"data":"Accuracy+3","floor":29,"key":"SMITH"},{"data":"Cloak And Dagger+3","floor":29,"key":"SMITH"},{"data":"Accuracy+4","floor":32,"key":"SMITH"},{"data":"Accuracy+5","floor":32,"key":"SMITH"},{"data":"Accuracy+6","floor":41,"key":"SMITH"},{"data":"Accuracy+7","floor":41,"key":"SMITH"},{"data":"Accuracy+8","floor":44,"key":"SMITH"},{"data":"Accuracy+9","floor":44,"key":"SMITH"},{"data":"Cloak And Dagger+4","floor":49,"key":"SMITH"},{"data":"Accuracy+10","floor":49,"key":"SMITH"},{"data":"Accuracy+11","floor":57,"key":"SMITH"},{"data":"Accuracy+12","floor":57,"key":"SMITH"},{"data":"Accuracy+13","floor":61,"key":"SMITH"},{"data":"Accuracy+14","floor":61,"key":"SMITH"},{"data":"conspire:PoisonWeapons","floor":63,"key":"SMITH"},{"data":"Accuracy+15","floor":63,"key":"SMITH"},{"data":"Accuracy+16","floor":66,"key":"SMITH"},{"data":"Accuracy+17","floor":66,"key":"SMITH"},{"data":"Defend_G","floor":75,"key":"SMITH"},{"data":"Phantasmal Killer","floor":75,"key":"SMITH"},{"data":"Accuracy+18","floor":79,"key":"SMITH"},{"data":"Strike_G","floor":79,"key":"SMITH"},{"data":"Strike_G","floor":81,"key":"SMITH"},{"data":"Strike_G","floor":81,"key":"SMITH"},{"data":"Accuracy+19","floor":83,"key":"SMITH"},{"data":"Accuracy+19","floor":83,"key":"SMITH"},{"data":"Cloak And Dagger+5","floor":91,"key":"SMITH"},{"data":"Accuracy+20","floor":91,"key":"SMITH"},{"data":"Accuracy+20","floor":93,"key":"SMITH"},{"data":"Defend_G+1","floor":93,"key":"SMITH"},{"data":"Defend_G+2","floor":100,"key":"SMITH"},{"data":"Defend_G+3","floor":100,"key":"SMITH"},{"data":"Defend_G+4","floor":109,"key":"SMITH"},{"data":"Defend_G+5","floor":109,"key":"SMITH"},{"data":"Defend_G+6","floor":114,"key":"SMITH"},{"data":"Defend_G+7","floor":114,"key":"SMITH"},{"data":"Defend_G+8","floor":117,"key":"SMITH"},{"data":"Defend_G+9","floor":117,"key":"SMITH"},{"data":"Defend_G+10","floor":125,"key":"SMITH"},{"data":"Defend_G+11","floor":125,"key":"SMITH"},{"data":"Defend_G+12","floor":134,"key":"SMITH"},{"data":"Defend_G+13","floor":134,"key":"SMITH"},{"data":"Accuracy+21","floor":142,"key":"SMITH"},{"data":"Accuracy+21","floor":142,"key":"SMITH"},{"data":"Accuracy+22","floor":151,"key":"SMITH"},{"data":"Accuracy+22","floor":151,"key":"SMITH"},{"data":"Accuracy+23","floor":154,"key":"SMITH"},{"data":"Accuracy+23","floor":154,"key":"SMITH"}],"circlet_count":0,"master_deck":["Defend_G+14","Cloak And Dagger+6","conspire:PoisonWeapons+1","Phantasmal Killer+1","Accuracy+24","Accuracy+24","Night Terror"],"relics":["Ring of the Snake","Replay:Arrowhead","conspire:InfiniteJournal","hubris:DeadTorch","WristBlade","Ancient Tea Set","expansioncontent:StudyCardRelic","halation:Prosthetics","Akabeko","relicPack:DSword","SnailShell","MerchantsRug","Red Mask","hubris:TerracottaHorce","hubris:OldNail","Pen Nib","relicPack:OneForAll","hubris:MedicalManual","DollysMirror","Busted Crown","hubris:Towel","champ:DeflectingBracers","Vajra","ReplayTheSpireMod:Ninjato","conspire:Dentures","infinitespire:Lucky Rock","hubris:TenFootPole","Bag of Preparation","hubris:FruitBowl","hubris:EvacipatedBox","Replay:Rubber Ducky","Anchor","CaptainsWheel","MiniBlackHole","Chameleon Ring","infinitespire:PuzzleCube","Prayer Wheel","Art of War","Snack Pack","Gremlin Food","SpikesRelics:DaevaFist","sneckomod:SneckoTalon","Juzu Bracelet","PreservedInsect","Replay:Bandana","ReplayTheSpireMod:EnergyBall","Omamori","hubris:RunicObelisk","Incense Burner","halation:PromiseList","MawBank","Onion Ring","ReplayTheSpireMod:Lightbulb","energizedSpire:StickyHand","Bag of Marbles"],"acts_visited":["Exordium","TheCity","TheBeyond","Exordium","TheCity","TheBeyond","Exordium","TheCity","TheBeyond","TheEnding"],"potions_floor_usage":[18,31,67,101,157,157],"damage_taken":[{"damage":2,"enemies":"2 Louse","floor":1,"turns":4},{"damage":7,"enemies":"Small Slimes","floor":4,"turns":4},{"damage":0,"enemies":"Cultist","floor":10,"turns":3},{"damage":25,"enemies":"Exordium Thugs","floor":12,"turns":4},{"damage":4,"enemies":"3 Louse","floor":14,"turns":4},{"damage":26,"enemies":"The Guardian","floor":16,"turns":10},{"damage":30,"enemies":"conspire:FuzzyDice","floor":18,"turns":4},{"damage":0,"enemies":"Chosen","floor":20,"turns":3},{"damage":0,"enemies":"conspire:HollyBat","floor":21,"turns":4},{"damage":0,"enemies":"Centurion and Healer","floor":24,"turns":3},{"damage":0,"enemies":"Cultist and Chosen","floor":27,"turns":2},{"damage":0,"enemies":"Sentry and Sphere","floor":30,"turns":2},{"damage":7,"enemies":"Book of Stabbing","floor":31,"turns":2},{"damage":41,"enemies":"Champ","floor":33,"turns":6},{"damage":16,"enemies":"Orb Walker","floor":35,"turns":4},{"damage":0,"enemies":"conspire:MimicChest","floor":36,"turns":3},{"damage":0,"enemies":"3 Shapes","floor":39,"turns":1},{"damage":13,"enemies":"Nightmare","floor":40,"turns":5},{"damage":0,"enemies":"Maw","floor":42,"turns":4},{"damage":0,"enemies":"Writhing Mass","floor":45,"turns":2},{"damage":0,"enemies":"Spire Growth","floor":47,"turns":1},{"damage":0,"enemies":"Time Eater","floor":50,"turns":3},{"damage":0,"enemies":"Jaw Worm","floor":52,"turns":1},{"damage":3,"enemies":"Small Slimes","floor":55,"turns":2},{"damage":0,"enemies":"2 Louse","floor":56,"turns":1},{"damage":0,"enemies":"Blue Slaver","floor":58,"turns":2},{"damage":6,"enemies":"Looter","floor":59,"turns":2},{"damage":0,"enemies":"3 Sentries","floor":62,"turns":3},{"damage":0,"enemies":"Lagavulin","floor":65,"turns":1},{"damage":50,"enemies":"Slime Boss","floor":67,"turns":4},{"damage":0,"enemies":"Chosen","floor":69,"turns":2},{"damage":0,"enemies":"Shell Parasite","floor":70,"turns":2},{"damage":7,"enemies":"Slavers","floor":74,"turns":2},{"damage":0,"enemies":"Chosen and Byrds","floor":76,"turns":2},{"damage":30,"enemies":"conspire:MysteriousRune","floor":84,"turns":4},{"damage":0,"enemies":"Orb Walker","floor":86,"turns":2},{"damage":0,"enemies":"3 Darklings","floor":87,"turns":1},{"damage":3,"enemies":"Writhing Mass","floor":89,"turns":2},{"damage":0,"enemies":"Spire Growth","floor":92,"turns":2},{"damage":2,"enemies":"3 Darklings","floor":95,"turns":2},{"damage":0,"enemies":"Transient","floor":97,"turns":2},{"damage":0,"enemies":"hubris:GrandSnecko","floor":101,"turns":1},{"damage":0,"enemies":"Cultist","floor":103,"turns":1},{"damage":0,"enemies":"2 Louse","floor":104,"turns":2},{"damage":0,"enemies":"Gremlin Nob","floor":108,"turns":1},{"damage":0,"enemies":"Lagavulin","floor":110,"turns":1},{"damage":0,"enemies":"Small Slimes","floor":112,"turns":1},{"damage":0,"enemies":"3 Sentries","floor":113,"turns":1},{"damage":0,"enemies":"3 Louse","floor":115,"turns":1},{"damage":0,"enemies":"The Guardian","floor":118,"turns":1},{"damage":0,"enemies":"Shell Parasite","floor":120,"turns":1},{"damage":0,"enemies":"3 Byrds","floor":122,"turns":1},{"damage":0,"enemies":"Snake Plant","floor":126,"turns":1},{"damage":0,"enemies":"Slavers","floor":127,"turns":1},{"damage":0,"enemies":"Chosen and Byrds","floor":129,"turns":1},{"damage":0,"enemies":"Snecko","floor":131,"turns":1},{"damage":0,"enemies":"conspire:MysteriousRune","floor":135,"turns":1},{"damage":0,"enemies":"3 Darklings","floor":137,"turns":1},{"damage":0,"enemies":"2 Orb Walkers","floor":138,"turns":1},{"damage":0,"enemies":"3 Shapes","floor":140,"turns":1},{"damage":0,"enemies":"3 Darklings","floor":143,"turns":1},{"damage":0,"enemies":"R_Hoarder","floor":147,"turns":1},{"damage":0,"enemies":"Giant Head","floor":149,"turns":2},{"damage":0,"enemies":"Spire Growth","floor":150,"turns":1},{"damage":0,"enemies":"infinitespire:LordOfFortification","floor":152,"turns":2},{"damage":0,"enemies":"Shield and Spear","floor":156,"turns":1},{"damage":6,"enemies":"The Heart","floor":157,"turns":5}],"seed_played":"-2928879768451753203","potions_obtained":[{"floor":4,"key":"blueLaboratory:Moonshine"},{"floor":14,"key":"Weak Potion"},{"floor":18,"key":"champ:CounterPotion"},{"floor":33,"key":"DuplicationPotion"},{"floor":35,"key":"blueLaboratory:HeartbeatPotion"},{"floor":55,"key":"blueLaboratory:BlinkPotion"},{"floor":58,"key":"blueLaboratory:EmptyBottle"},{"floor":65,"key":"Regen Potion"},{"floor":70,"key":"champ:CounterPotion"},{"floor":76,"key":"Poison Potion"},{"floor":84,"key":"SteroidPotion"},{"floor":95,"key":"CunningPotion"},{"floor":101,"key":"SpeedPotion"}],"is_trial":true,"path_per_floor":["M","$","?","M","?","R","$","R","T","M","?","M","$","M","R","B",null,"M","?","M","M","?","R","M","R","T","M","$","R","M","E","R","B",null,"M","?","$","?","M","NM","R","M","T","R","M","$","M","?","R","B",null,"M","?","?","M","M","R","M","M","T","R","E","R","?","E","R","B",null,"M","M","?","?","$","E","R","M","T","?","R","?","R","$","R","B",null,"M","M","NS","M","?","R","M","R","T","M","AVR","M","T","$","R","B",null,"M","M","$","?","?","E","R","E","T","M","E","R","M","$","R","B",null,"M","?","M","?","T","R","M","E","T","M","AVR","M","?","$","R","B",null,"M","?","$","M","AVR","R","M","?","T","$","E","?","E","M","R","B",null,"R","$","E","B",null],"character_chosen":"THE_SILENT","items_purchased":["Accuracy","MerchantsRug","DollysMirror","Bag of Preparation","hubris:FruitBowl","hubris:EvacipatedBox","Replay:Rubber Ducky","Anchor","CaptainsWheel","Guide Book","MiniBlackHole","Chameleon Ring","infinitespire:PuzzleCube","halation:KoshaPiece","Prayer Wheel","Art of War","Snack Pack","Gremlin Food","RetroEgg","SpikesRelics:DaevaFist","Omamori","halation:PromiseList"],"campfire_rested":0,"item_purchase_floors":[13,46,82,116,116,116,116,116,116,116,116,116,116,116,116,116,116,116,116,116,133,139],"current_hp_per_floor":[68,68,68,61,58,58,58,58,58,58,58,35,35,32,32,20,87,64,64,72,80,80,80,84,84,84,89,89,89,95,94,94,69,112,103,113,113,78,83,82,82,93,93,93,98,98,103,103,103,116,164,166,121,121,120,123,123,125,121,121,121,129,129,129,132,132,96,182,184,187,187,187,187,188,188,192,192,192,192,192,192,192,192,174,224,228,233,233,231,231,231,232,232,232,234,234,241,241,241,241,245,261,262,262,262,262,262,263,263,266,266,268,271,271,274,43,43,48,224,225,225,231,231,231,231,232,238,238,240,240,242,296,296,296,305,305,308,310,310,313,313,313,316,316,316,316,321,321,325,326,326,342,342,342,342,348,375],"gold":1133,"neow_bonus":"","is_daily":false,"chose_seed":false,"campfire_upgraded":58,"win_rate":0.0,"timestamp":1608126766,"path_taken":["M","$","?","M","?","R","$","R","T","M","?","?","$","M","R","BOSS","M","?","M","M","?","R","M","R","T","M","$","R","?","E","R","BOSS","M","?","$","?","M","NM","R","M","T","R","M","?","?","?","R","BOSS","M","?","?","?","M","R","M","M","T","R","E","R","?","E","R","BOSS","M","M","?","?","$","E","R","M","T","?","R","?","R","$","R","BOSS","M","M","NS","M","?","R","M","R","T","M","AVR","M","?","$","R","BOSS","M","?","$","?","?","E","R","E","T","M","E","R","?","?","R","BOSS","M","?","?","?","?","R","M","E","T","M","AVR","M","?","$","R","BOSS","M","?","$","M","AVR","R","M","?","T","$","E","?","E","M","R","BOSS","R","$","E","BOSS"],"items_purchased_type":["Card","Relic","Relic","Relic","Relic","Relic","Relic","Relic","Relic","Relic","Relic","Relic","Relic","Relic","Relic","Relic","Relic","Relic","Relic","Relic","Relic","Relic"],"build_version":"2020-12-13","purchased_purges":9,"victory":true,"max_hp_per_floor":[70,70,70,70,70,70,70,70,70,70,70,72,72,73,73,87,87,94,94,102,110,110,110,114,114,114,119,119,119,125,131,131,147,112,119,129,129,129,134,146,146,157,157,157,162,162,167,167,167,180,180,182,182,182,184,187,187,189,191,191,191,199,199,199,202,202,211,211,213,216,216,216,216,224,224,228,228,228,228,228,228,228,228,240,240,244,249,249,250,250,250,251,251,251,255,255,262,262,262,262,266,266,267,267,267,267,267,268,268,271,271,273,276,276,279,279,279,282,282,283,283,287,287,287,287,288,292,292,294,294,296,296,296,296,305,305,308,310,310,313,313,313,316,316,316,316,321,321,325,326,326,342,342,342,342,348,379],"card_choices":[{"not_picked":["Dodge and Roll","Slice","Outmaneuver"],"picked":"SKIP","floor":1},{"not_picked":["Expertise","Bane","Deadly Poison"],"picked":"SKIP","floor":4},{"not_picked":["conspire:DoublingDagger","InfectiousVector"],"picked":"Cloak And Dagger","floor":10},{"not_picked":["Deadly Poison","Cloak And Dagger","Flechettes"],"picked":"SKIP","floor":12},{"not_picked":["Deadly Poison","Acrobatics","Crippling Poison"],"picked":"SKIP","floor":14},{"not_picked":["Acrobatics","Dodge and Roll+1","Dagger Spray"],"picked":"SKIP","floor":18},{"not_picked":["Hidden Blade","ReplayTheSpireMod:Scrap Shanks+1","Sucker Punch"],"picked":"SKIP","floor":20},{"not_picked":["Dagger Throw+1","Acrobatics","Corpse Explosion"],"picked":"SKIP","floor":21},{"not_picked":["hubris:Sniper","Bane+1","Underhanded Strike"],"picked":"SKIP","floor":24},{"not_picked":["Deadly Poison","Flying Knee","hubris:SlightOfHand"],"picked":"SKIP","floor":27},{"not_picked":["Deflect","Deadly Poison+1","Hidden Blade+1"],"picked":"SKIP","floor":30},{"not_picked":["conspire:DoublingDagger","Deflect","Dodge and Roll"],"picked":"SKIP","floor":31},{"not_picked":["conspire:DoublingDagger","Deflect","Dodge and Roll"],"picked":"SKIP","floor":31},{"not_picked":["Bane+1","Quick Slash+1","Prepared+1"],"picked":"SKIP","floor":35},{"not_picked":["Outmaneuver","Quick Slash+1","InfectiousVector+1"],"picked":"SKIP","floor":39},{"not_picked":["Underhanded Strike","Die Die Die","ReplayTheSpireMod:Necrosis"],"picked":"SKIP","floor":40},{"not_picked":["Bane+1","ReplayTheSpireMod:Tripwire","Deflect"],"picked":"SKIP","floor":42},{"not_picked":["Quick Slash","Prepared+1","Flechettes"],"picked":"SKIP","floor":45},{"not_picked":["Draining Mist","Deadly Poison+1","ReplayTheSpireMod:Scrap Shanks+1"],"picked":"SKIP","floor":47},{"not_picked":["Footwork","Expertise","Blade Dance"],"picked":"SKIP","floor":52},{"not_picked":["Bane","Backflip","Dagger Throw"],"picked":"SKIP","floor":55},{"not_picked":["Concentrate","Outmaneuver","hubris:Sniper"],"picked":"SKIP","floor":56},{"not_picked":["Tactician","Outmaneuver","InfectiousVector"],"picked":"SKIP","floor":58},{"not_picked":["Bane","Deadly Poison","Doppelganger"],"picked":"SKIP","floor":59},{"not_picked":["Bane","Acrobatics"],"picked":"conspire:PoisonWeapons","floor":62},{"not_picked":["Fluid Movement","Prepared","hubris:SlightOfHand"],"picked":"SKIP","floor":65},{"not_picked":["ReplayTheSpireMod:From All Sides","Night Terror"],"picked":"Phantasmal Killer","floor":67},{"not_picked":["Dagger Spray","Flying Knee","Deadly Poison"],"picked":"SKIP","floor":69},{"not_picked":["Accuracy","All Out Attack","hubris:SlightOfHand+1"],"picked":"SKIP","floor":70},{"not_picked":["Poisoned Stab","Escape Plan+1","Sneak Up"],"picked":"SKIP","floor":74},{"not_picked":["hubris:SlightOfHand","PiercingWail","Dodge and Roll"],"picked":"SKIP","floor":76},{"not_picked":["Blur"],"picked":"SKIP","floor":86},{"not_picked":["Bane"],"picked":"SKIP","floor":87},{"not_picked":["Predator+1"],"picked":"SKIP","floor":89},{"not_picked":["Dodge and Roll"],"picked":"SKIP","floor":92},{"not_picked":["Expertise+1"],"picked":"SKIP","floor":95},{"not_picked":["Skewer"],"picked":"SKIP","floor":97},{"not_picked":["Dagger Throw"],"picked":"SKIP","floor":103},{"not_picked":["Caltrops"],"picked":"SKIP","floor":104},{"not_picked":["All Out Attack"],"picked":"SKIP","floor":108},{"not_picked":["Flechettes"],"picked":"SKIP","floor":110},{"not_picked":["Bane"],"picked":"SKIP","floor":112},{"not_picked":["Reflex"],"picked":"SKIP","floor":113},{"not_picked":["Prepared"],"picked":"SKIP","floor":115},{"not_picked":["Flying Knee+1"],"picked":"SKIP","floor":120},{"not_picked":["Accuracy"],"picked":"SKIP","floor":120},{"not_picked":["Flechettes"],"picked":"SKIP","floor":122},{"not_picked":["Blade Dance+1"],"picked":"SKIP","floor":122},{"not_picked":["Predator+1"],"picked":"SKIP","floor":126},{"not_picked":["Poisoned Stab"],"picked":"SKIP","floor":126},{"not_picked":["Flying Knee"],"picked":"SKIP","floor":127},{"not_picked":["Quick Slash+1"],"picked":"SKIP","floor":129},{"not_picked":["Bullet Time"],"picked":"SKIP","floor":129},{"not_picked":["Pace"],"picked":"SKIP","floor":131},{"not_picked":["Poisoned Stab"],"picked":"SKIP","floor":131},{"not_picked":["Dagger Spray+1"],"picked":"SKIP","floor":137},{"not_picked":["Poisoned Stab+1"],"picked":"SKIP","floor":137},{"not_picked":["Deadly Poison"],"picked":"SKIP","floor":140},{"not_picked":["Escape Plan"],"picked":"SKIP","floor":140},{"not_picked":["Quick Slash"],"picked":"SKIP","floor":143},{"not_picked":["Draining Mist+1"],"picked":"SKIP","floor":143},{"not_picked":["ReplayTheSpireMod:Tripwire"],"picked":"SKIP","floor":147},{"not_picked":["Burst"],"picked":"SKIP","floor":149},{"not_picked":["Poisoned Stab"],"picked":"SKIP","floor":150},{"not_picked":["hubris:SlightOfHand+1"],"picked":"SKIP","floor":150},{"not_picked":["Sneak Up+1"],"picked":"SKIP","floor":156},{"not_picked":[],"picked":"Night Terror","floor":157}],"player_experience":877133,"relics_obtained":[{"floor":26,"key":"Blue Doll"},{"floor":36,"key":"Akabeko"},{"floor":40,"key":"SnailShell"},{"floor":43,"key":"infinitespire:Eraser"},{"floor":53,"key":"hubris:OldNail"},{"floor":60,"key":"Pen Nib"},{"floor":62,"key":"Toy Ornithopter"},{"floor":65,"key":"Potion Belt"},{"floor":74,"key":"hubris:MedicalManual"},{"floor":77,"key":"infinitespire:FocusingShard"},{"floor":94,"key":"champ:DeflectingBracers"},{"floor":98,"key":"Vajra"},{"floor":108,"key":"ReplayTheSpireMod:Ninjato"},{"floor":110,"key":"conspire:Dentures"},{"floor":111,"key":"infinitespire:Lucky Rock"},{"floor":113,"key":"hubris:TenFootPole"},{"floor":124,"key":"Juzu Bracelet"},{"floor":127,"key":"PreservedInsect"},{"floor":128,"key":"Replay:Bandana"},{"floor":138,"key":"Incense Burner"},{"floor":145,"key":"MawBank"},{"floor":147,"key":"Onion Ring"},{"floor":149,"key":"ReplayTheSpireMod:Lightbulb"},{"floor":156,"key":"Bag of Marbles"}],"event_choices":[{"damage_healed":0,"gold_gain":0,"player_choice":"Ignored","damage_taken":117,"max_hp_gain":0,"max_hp_loss":0,"event_name":"betterThird:BetterSerpent","floor":3,"gold_loss":0},{"damage_healed":0,"gold_gain":0,"player_choice":"Relic ","damage_taken":3,"max_hp_gain":0,"max_hp_loss":0,"event_name":"betterThird:BetterScrap","floor":5,"gold_loss":0,"cards_obtained":["Replay:LoomingThreat"]},{"damage_healed":0,"gold_gain":0,"player_choice":"Ignored","damage_taken":0,"max_hp_gain":0,"max_hp_loss":0,"event_name":"NoteForYourself","floor":11,"gold_loss":0},{"damage_healed":0,"gold_gain":0,"player_choice":"Paid","damage_taken":0,"relics_obtained":["Red Mask"],"max_hp_gain":0,"max_hp_loss":0,"event_name":"Tomb of Lord Red Mask","floor":48,"gold_loss":70},{"damage_healed":0,"gold_gain":0,"player_choice":"Gave Potion","damage_taken":0,"relics_obtained":["Turnip"],"max_hp_gain":0,"max_hp_loss":0,"event_name":"WeMeetAgain","floor":54,"gold_loss":0},{"damage_healed":0,"gold_gain":0,"player_choice":"Ignored","damage_taken":0,"max_hp_gain":0,"max_hp_loss":0,"event_name":"The Mausoleum","floor":78,"gold_loss":0},{"damage_healed":0,"gold_gain":0,"player_choice":"Ignored","damage_taken":222,"max_hp_gain":0,"max_hp_loss":0,"event_name":"betterThird:BetterSerpent","floor":106,"gold_loss":0},{"damage_healed":0,"gold_gain":0,"player_choice":"Ignored","damage_taken":0,"max_hp_gain":0,"max_hp_loss":0,"event_name":"The Mausoleum","floor":121,"gold_loss":0},{"damage_healed":0,"gold_gain":0,"player_choice":"Ignored","damage_taken":0,"max_hp_gain":0,"max_hp_loss":0,"event_name":"Vampires","floor":123,"gold_loss":0},{"damage_healed":98,"gold_gain":0,"player_choice":"Heal","damage_taken":0,"max_hp_gain":0,"max_hp_loss":0,"event_name":"The Library","floor":132,"gold_loss":0},{"damage_healed":0,"gold_gain":0,"player_choice":"Fight","damage_taken":0,"max_hp_gain":0,"max_hp_loss":0,"event_name":"Mysterious Sphere","floor":138,"gold_loss":0},{"cards_removed":["Accuracy"],"damage_healed":0,"gold_gain":0,"player_choice":"Offered Uncommon","damage_taken":0,"max_hp_gain":0,"max_hp_loss":0,"event_name":"Bonfire Elementals","floor":144,"gold_loss":0},{"damage_healed":0,"gold_gain":0,"player_choice":"Copied","damage_taken":0,"max_hp_gain":0,"max_hp_loss":0,"event_name":"Duplicator","floor":148,"gold_loss":0,"cards_obtained":["Accuracy"]}],"is_beta":false,"boss_relics":[{"not_picked":["Astrolabe","halation:HeavySnake"],"picked":"expansioncontent:StudyCardRelic"},{"not_picked":["energizedSpire:HugeHouse","halation:LoveArrow"],"picked":"halation:Prosthetics"},{"not_picked":["relicPack:StarArrow","halation:ForbiddenBikini"],"picked":"hubris:TerracottaHorce"},{"not_picked":["energizedSpire:RedRose","energizedSpire:SpiderWeb","conspire:SeveredTorchhead"]},{"not_picked":["energizedSpire:MagnifyingGlass","halation:Yufonium"],"picked":"Busted Crown"},{"not_picked":["halation:HeavySnake","Fusion Hammer","Calling Bell"]},{"not_picked":["hubris:Stopwatch","Snecko Scales","Runic Pyramid"],"picked":"sneckomod:SneckoTalon"},{"not_picked":["halation:HeavySnake","ChewingGum","energizedSpire:HighHeels"],"picked":"hubris:RunicObelisk"},{"not_picked":["Calling Bell","infinitespire:Cupcake","halation:PinkAlligatorPlush"],"picked":"energizedSpire:StickyHand"}],"items_purged_floors":[7,28,37,46,73,96,99,116,116],"is_endless":true,"potions_floor_spawned":[4,14,18,30,33,35,36,45,50,55,58,59,65,70,76,84,86,87,95,97,101,103,108,118,122,126,131,143,149,152],"ascension_level":5}}