{"host":"90jl2h70xtuoeg0i","time":1608108038,"event":{"mods":["AchievementEnabler","BaseMod","Colored Map","Colored Powertips","Minty Spire (QoL Compilation)","Relic Stats","ojb\u0027s Better Paths Mod","ojb\u0027s Info Mod"],"gold_per_floor":[109,120,137,153,228,228,228,228],"floor_reached":7,"playtime":734,"items_purged":[],"score":84,"play_id":"6430e328-702c-415f-a675-339d0089ad7e","local_time":"20201216034038","is_ascension_mode":true,"campfire_choices":[{"floor":6,"key":"REST"}],"circlet_count":0,"master_deck":["AscendersBane","Strike_G","Strike_G","Strike_G","Strike_G","Strike_G","Defend_G","Defend_G","Defend_G","Defend_G","Defend_G","Survivor","Neutralize","Calculated Gamble","Underhanded Strike","Noxious Fumes","Prepared"],"relics":["Runic Pyramid"],"acts_visited":["Exordium"],"potions_floor_usage":[7,7],"damage_taken":[{"damage":1,"enemies":"Cultist","floor":1,"turns":4},{"damage":0,"enemies":"Jaw Worm","floor":2,"turns":6},{"damage":4,"enemies":"2 Louse","floor":3,"turns":4},{"damage":22,"enemies":"Lots of Slimes","floor":4,"turns":4},{"damage":48,"enemies":"Gremlin Nob","floor":7,"turns":4}],"seed_played":"-6719684746435424005","potions_obtained":[{"floor":1,"key":"Fruit Juice"},{"floor":4,"key":"LiquidMemories"}],"is_trial":false,"path_per_floor":["M","M","M","M","?","R","E"],"character_chosen":"THE_SILENT","items_purchased":[],"campfire_rested":1,"item_purchase_floors":[],"current_hp_per_floor":[58,58,54,32,21,40,0,0],"gold":228,"neow_bonus":"BOSS_RELIC","is_daily":false,"chose_seed":false,"campfire_upgraded":0,"win_rate":0.0,"timestamp":1608108038,"path_taken":["M","M","M","?","?","R","E"],"items_purchased_type":[],"build_version":"2020-12-13","purchased_purges":0,"victory":false,"max_hp_per_floor":[66,66,66,66,66,66,71,71],"relic_stats":{"counters":[5,22],"obtain_stats":[{"Ring of the Snake":0,"Runic Pyramid":0},{"Ring of the Snake":0,"Runic Pyramid":0},{"Ring of the Snake":0,"Runic Pyramid":0}]},"card_choices":[{"not_picked":["Accuracy","Dagger Throw"],"picked":"Calculated Gamble","floor":1},{"not_picked":["Dodge and Roll","Backflip"],"picked":"Underhanded Strike","floor":2},{"not_picked":["Outmaneuver","Flying Knee"],"picked":"Noxious Fumes","floor":3},{"not_picked":["Acrobatics","Terror"],"picked":"Prepared","floor":4}],"player_experience":1301720,"relics_obtained":[],"event_choices":[{"damage_healed":0,"gold_gain":75,"player_choice":"Gather Gold","damage_taken":11,"max_hp_gain":0,"max_hp_loss":0,"event_name":"World of Goop","floor":5,"gold_loss":0}],"is_beta":false,"boss_relics":[],"items_purged_floors":[],"is_endless":false,"potions_floor_spawned":[1,4],"killed_by":"Gremlin Nob","ascension_level":19}}