{"host":"tl8jdqk9pnwb74j1","time":1608123320,"event":{"mods":["BaseMod","BetterRewards","Custom Start","Minty Spire (QoL Compilation)","Shop Mod","StSLib","SuperFastMode"],"gold_per_floor":[110,110,130,150,150,150,150,150],"floor_reached":7,"playtime":191,"items_purged":["Strike_R"],"score":41,"play_id":"719c78ce-4a33-4eca-8f86-b938c3b6a8e9","local_time":"20201216205520","is_ascension_mode":false,"campfire_choices":[{"data":"Entrench","floor":6.0,"key":"SMITH"}],"circlet_count":0,"master_deck":["Strike_R","Strike_R","Strike_R","Defend_R","Defend_R","Defend_R","Defend_R","Bash","Body Slam","Dual Wield","Sword Boomerang","Metallicize","Pommel Strike","Flame Barrier","True Grit","Body Slam","Entrench+1"],"relics":["Burning Blood","Shovel","Prayer Wheel"],"acts_visited":["Exordium"],"potions_floor_usage":[],"damage_taken":[{"damage":16.0,"enemies":"2 Louse","floor":1.0,"turns":3.0},{"damage":1.0,"enemies":"Cultist","floor":3.0,"turns":3.0},{"damage":0.0,"enemies":"Jaw Worm","floor":4.0,"turns":3.0},{"damage":27,"enemies":"Gremlin Nob","floor":7,"turns":5}],"seed_played":"-8039727608253787170","potions_obtained":[{"floor":4.0,"key":"LiquidMemories"}],"is_trial":false,"path_per_floor":["M","?","M","M","?","R","E"],"character_chosen":"IRONCLAD","items_purchased":["Body Slam","Dual Wield","Shovel"],"campfire_rested":0,"item_purchase_floors":[0,0,0],"current_hp_per_floor":[39,39,44,50,50,50,23,23],"gold":150,"neow_bonus":"","is_daily":false,"chose_seed":false,"campfire_upgraded":1,"win_rate":0.0,"timestamp":1608123320,"path_taken":["M","?","?","M","?","R","E"],"items_purchased_type":["Card","Card","Relic"],"build_version":"2020-12-13","purchased_purges":1,"victory":false,"max_hp_per_floor":[80,80,80,80,80,80,80,80],"card_choices":[{"not_picked":["True Grit","Uppercut"],"picked":"Metallicize","floor":1.0},{"not_picked":["Twin Strike","Warcry"],"picked":"Pommel Strike","floor":1.0},{"not_picked":["Headbutt","Cleave"],"picked":"Flame Barrier","floor":3.0},{"not_picked":["Twin Strike","Reckless Charge"],"picked":"True Grit","floor":3.0},{"not_picked":["Pommel Strike","Bloodletting"],"picked":"Body Slam","floor":4.0},{"not_picked":["Feed","Cleave"],"picked":"Entrench","floor":4.0}],"player_experience":945759,"relics_obtained":[],"event_choices":[{"damage_healed":0.0,"max_hp_gain":0.0,"max_hp_loss":0.0,"gold_gain":0.0,"event_name":"NoteForYourself","player_choice":"Ignored","floor":2.0,"gold_loss":0.0,"damage_taken":0.0},{"cards_removed":["Strike_R"],"damage_healed":0.0,"max_hp_gain":0.0,"max_hp_loss":0.0,"gold_gain":0.0,"event_name":"Purifier","player_choice":"Purged","floor":5.0,"gold_loss":0.0,"damage_taken":0.0}],"is_beta":false,"boss_relics":[],"items_purged_floors":[0],"is_endless":false,"potions_floor_spawned":[4],"killed_by":"Gremlin Nob","ascension_level":0}}