{"host":"25hwxgnshg5vqzox","time":1608152054,"event":{"mods":["BaseMod","Colored Map","Downfall","Googly Eyes","Highlight Path","Minty Spire (QoL Compilation)","Replay The Spire","StSLib"],"gold_per_floor":[99,99,24,24,49,67,119,146,160,85,31,50,35,45,60,60,60],"floor_reached":16,"playtime":1061,"items_purged":[],"score":135,"play_id":"74e6d2b0-3f97-481c-b6bf-8b9d2cbc8a9b","local_time":"20201216205414","is_ascension_mode":false,"campfire_choices":[{"floor":1,"key":"RECALL"},{"data":"Slimebound:Split","floor":3,"key":"SMITH"},{"data":"Slimebound:ProtectTheBoss","floor":10,"key":"SMITH"}],"circlet_count":0,"master_deck":["Slimebound:Strike_Slimebound","Slimebound:Strike_Slimebound","Slimebound:Strike_Slimebound","Slimebound:Tackle","Slimebound:Defend_Slimebound","Slimebound:Defend_Slimebound","Slimebound:Defend_Slimebound","Slimebound:Defend_Slimebound","Slimebound:Split+1","Slimebound:CorrosiveSpit","Slimebound:SplitMire","Slimebound:MassRepurpose","Slimebound:HauntingLick","Slimebound:SpikyOuterGoop","Slimebound:Nibble","Slimebound:ProtectTheBoss+1","Slimebound:GoopSpray","Slimebound:SplitBruiser+1","Slimebound:SplitLeeching","Slimebound:SlimeSpikes","Slimebound:PressTheAttack","Slimebound:RollThrough"],"relics":["Slimebound:AbsorbEndCombat","downfall:HeartsMalice","downfall:HeartBlessingRed","Question Card","ReplayTheSpireMod:TigerMarble","downfall:HeartBlessingBlue"],"acts_visited":["Exordium"],"potions_floor_usage":[8,16,16,16],"damage_taken":[{"damage":0,"enemies":"Cultist","floor":2,"turns":1},{"damage":0,"enemies":"downfall:FleeingMerchant","floor":4,"turns":1},{"damage":0,"enemies":"3 Sentries","floor":5,"turns":1},{"damage":13,"enemies":"Jaw Worm","floor":6,"turns":3},{"damage":41,"enemies":"Gremlin Nob","floor":8,"turns":4},{"damage":12,"enemies":"2 Louse","floor":9,"turns":2},{"damage":8,"enemies":"downfall:FleeingMerchant","floor":11,"turns":4},{"damage":25,"enemies":"Large Slime","floor":12,"turns":5},{"damage":38,"enemies":"downfall:FleeingMerchant","floor":13,"turns":4},{"damage":9,"enemies":"Red Slaver","floor":14,"turns":4},{"damage":6,"enemies":"Blue Slaver","floor":15,"turns":3},{"damage":117,"enemies":"downfall:Defect","floor":16,"turns":10}],"seed_played":"7067182122939192291","potions_obtained":[{"floor":5,"key":"Fire Potion"},{"floor":6,"key":"sneckomod:MuddlingPotion"},{"floor":8,"key":"Guardian:BlockOnCardUsePotion"},{"floor":14,"key":"Explosive Potion"}],"is_trial":false,"path_per_floor":["R_BF","M","R","$","E","M","T","E","M","R","$","M","$","M","M","B"],"character_chosen":"SLIMEBOUND","items_purchased":["Slimebound:SplitBruiser+1"],"campfire_rested":0,"item_purchase_floors":[11],"current_hp_per_floor":[60,60,60,60,60,60,60,41,49,59,70,65,69,69,70,0,0],"gold":60,"neow_bonus":"THREE_ENEMY_KILL","is_daily":false,"chose_seed":false,"campfire_upgraded":2,"win_rate":0.0,"timestamp":1608152054,"path_taken":["R_BF","M","R","$","E","M","T","E","M","R","$","M","?","M","M","BOSS"],"items_purchased_type":["Card"],"build_version":"2020-12-13","purchased_purges":0,"victory":false,"max_hp_per_floor":[60,60,60,60,60,60,60,60,60,70,70,70,70,70,70,70,70],"card_choices":[{"not_picked":["Slimebound:PressTheAttack","Slimebound:ViciousTackle"],"picked":"Slimebound:SplitMire","floor":2},{"not_picked":["Slimebound:GrowthPunch","Slimebound:FinishingTackle"],"picked":"Slimebound:MassRepurpose","floor":4},{"not_picked":["Slimebound:SlimeBrawl","Slimebound:FinishingTackle"],"picked":"Slimebound:HauntingLick","floor":5},{"not_picked":["Slimebound:LeechEnergy","Slimebound:SplitAcid","Slimebound:Prepare"],"picked":"Slimebound:SpikyOuterGoop","floor":6},{"not_picked":["Slimebound:LeechEnergy","Slimebound:LeechLife","Slimebound:AcidTongue"],"picked":"Slimebound:Nibble","floor":8},{"not_picked":["Slimebound:GrowthPunch","Slimebound:Chomp","Slimebound:SplitBruiser"],"picked":"Slimebound:ProtectTheBoss","floor":9},{"not_picked":["Slimebound:Equalize","Slimebound:PressTheAttack","Slimebound:FinishingTackle"],"picked":"Slimebound:GoopSpray","floor":11},{"not_picked":["Slimebound:SplitMire","Slimebound:SelfFormingGoo","Slimebound:LeechEnergy"],"picked":"Slimebound:SplitLeeching","floor":12},{"not_picked":["Slimebound:Equalize","Slimebound:LeechEnergy","Slimebound:GrowthPunch"],"picked":"Slimebound:SlimeSpikes","floor":13},{"not_picked":["Slimebound:LeechEnergy","Slimebound:SamplingLick","Slimebound:GrowthPunch"],"picked":"Slimebound:PressTheAttack","floor":14},{"not_picked":["Slimebound:SlimeSpikes","Slimebound:LeechEnergy","Slimebound:HauntingLick"],"picked":"Slimebound:RollThrough","floor":15}],"player_experience":10176,"relics_obtained":[{"floor":5,"key":"Question Card"},{"floor":8,"key":"ReplayTheSpireMod:TigerMarble"}],"event_choices":[],"is_beta":false,"boss_relics":[],"items_purged_floors":[],"is_endless":false,"potions_floor_spawned":[5,6,8,14],"killed_by":"downfall:Defect","ascension_level":0}}