{"host":"eemx8njkng76fu5x","time":1608097004,"event":{"mods":["2.2 Compatiblity","BaseMod","Downfall","Minty Spire (QoL Compilation)","Permanent Neow","StSLib","Unceasing Turn Reminder","Unknown Chances"],"gold_per_floor":[99,125,125,135,153,168,241,273,273,304,314,414,250,266,285,389,389,239,339,350,275,113,124,124,157,157,185,199,148,168,184,202,298,298,298,298,324,324,324,353,353,369,369,400,63,82,132,146,156,156,156,188,47,47,47],"floor_reached":56,"playtime":3379,"items_purged":["champ:Strike","champ:Strike+1","champ:Defend","champ:Defend"],"score":1690,"play_id":"fc718d37-86e6-40a2-a7ae-dc8b98780a5f","local_time":"20201216133644","is_ascension_mode":true,"campfire_choices":[{"data":"champ:Execute","floor":1.0,"key":"SMITH"},{"floor":18,"key":"RECALL"},{"data":"champ:AdrenalArmor","floor":21,"key":"SMITH"},{"data":"champ:EndlessRage","floor":26,"key":"SMITH"},{"data":"champ:Backstep","floor":35,"key":"SMITH"},{"data":"champ:Backstep","floor":39,"key":"SMITH"},{"data":"champ:BringItOn","floor":43,"key":"SMITH"},{"data":"1","floor":54,"key":"LIFT"}],"circlet_count":0,"master_deck":["champ:Defend+1","champ:Defend+1","champ:Execute+1","champ:Taunt+1","CurseOfTheBell","champ:Encircle+1","champ:TornadoPunch+1","champ:GutPunch+1","champ:Backstep+1","champ:RecklessLeap+1","champ:Encircle+1","champ:Circumvent+1","champ:Duel+1","champ:AdrenalArmor+1","champ:RecklessLeap+1","champ:EndlessRage+1","champ:BringItOn+1","champ:StanceDance+1","champ:BringItOn+1","champ:Backstep+1","champ:BerserkersShout+1","champ:HeartStrike+1","champ:GutPunch+1","champ:Backstep+1","champ:EndlessRage+1","champ:HeartStrike+1","champ:BerserkerStyle","Trip"],"relics":["Calling Bell","champ:FightingForDummies","Molten Egg 2","Pocketwatch","Omamori","Blood Vial","Ornamental Fan","champ:DefensiveTrainingManual","Potion Belt","Empty Cage","downfall:HeartBlessingGreen","downfall:HeartBlessingBlue","downfall:HeartBlessingRed","Pantograph","Regal Pillow","War Paint","Happy Flower","Coffee Dripper","champ:SpectersHand","Anchor","Bottled Flame","Bird Faced Urn","Darkstone Periapt","Vajra","Girya","Shuriken"],"acts_visited":["Exordium","TheCity","TheBeyond","TheEnding"],"potions_floor_usage":[49,55,55,55,55,55],"damage_taken":[{"damage":33.0,"enemies":"Lagavulin","floor":2.0,"turns":7.0},{"damage":7.0,"enemies":"2 Louse","floor":4.0,"turns":2.0},{"damage":6.0,"enemies":"Jaw Worm","floor":5.0,"turns":2.0},{"damage":15.0,"enemies":"Cultist","floor":6.0,"turns":3.0},{"damage":13.0,"enemies":"3 Sentries","floor":8.0,"turns":3.0},{"damage":19.0,"enemies":"Gremlin Nob","floor":10.0,"turns":4.0},{"damage":5.0,"enemies":"2 Fungi Beasts","floor":11.0,"turns":2.0},{"damage":42.0,"enemies":"downfall:LadyInBlue","floor":12.0,"turns":3.0},{"damage":53.0,"enemies":"downfall:FleeingMerchant","floor":13.0,"turns":4.0},{"damage":2.0,"enemies":"Red Slaver","floor":14.0,"turns":2.0},{"damage":3.0,"enemies":"Exordium Wildlife","floor":15.0,"turns":2.0},{"damage":46,"enemies":"downfall:Silent","floor":16,"turns":5},{"damage":45,"enemies":"3 Byrds","floor":20,"turns":4},{"damage":17,"enemies":"downfall:FleeingMerchant","floor":22,"turns":4},{"damage":28,"enemies":"Shell Parasite","floor":23,"turns":4},{"damage":66,"enemies":"Gremlin Leader","floor":25,"turns":5},{"damage":57,"enemies":"Book of Stabbing","floor":27,"turns":6},{"damage":27,"enemies":"Snake Plant","floor":28,"turns":3},{"damage":40,"enemies":"downfall:FleeingMerchant","floor":29,"turns":3},{"damage":58,"enemies":"Snecko","floor":30,"turns":4},{"damage":44,"enemies":"Centurion and Healer","floor":31,"turns":3},{"damage":39,"enemies":"Chosen and Byrds","floor":32,"turns":3},{"damage":82,"enemies":"downfall:Watcher","floor":33,"turns":5},{"damage":62,"enemies":"Reptomancer","floor":37,"turns":6},{"damage":58,"enemies":"Nemesis","floor":40,"turns":5},{"damage":13,"enemies":"Orb Walker","floor":42,"turns":2},{"damage":61,"enemies":"Reptomancer","floor":44,"turns":4},{"damage":57,"enemies":"3 Darklings","floor":46,"turns":3},{"damage":77,"enemies":"Mind Bloom Boss Battle","floor":47,"turns":8},{"damage":15,"enemies":"Jaw Worm Horde","floor":48,"turns":4},{"damage":49,"enemies":"Spire Growth","floor":49,"turns":3},{"damage":78,"enemies":"downfall:Ironclad","floor":50,"turns":6},{"damage":94,"enemies":"downfall:CharBossMerchant","floor":52,"turns":7},{"damage":225,"enemies":"downfall:NeowBoss","floor":55,"turns":17}],"seed_played":"-1146754088470744525","potions_obtained":[{"floor":4.0,"key":"Ancient Potion"},{"floor":5.0,"key":"Fire Potion"},{"floor":8.0,"key":"SteroidPotion"},{"floor":12.0,"key":"Regen Potion"},{"floor":12.0,"key":"BlessingOfTheForge"},{"floor":12.0,"key":"LiquidMemories"},{"floor":25,"key":"EssenceOfSteel"},{"floor":49,"key":"EssenceOfSteel"},{"floor":52,"key":"LiquidBronze"}],"is_trial":false,"path_per_floor":["R","E","?","M","M","M","T","E","?","E","M","?","$","M","M","B",null,"R","?","M","R","$","M","T","E","R","E","M","$","M","M","M","B",null,"R","T","E","?","R","E","T","M","R","E","$","M","?","M","M","B",null,"E","$","R","B",null],"character_chosen":"THE_CHAMP","items_purchased":["champ:Duel+1","champ:BringItOn","champ:HeartStrike+1","champ:GutPunch+1","Happy Flower","champ:BerserkerStyle","Vajra","Trip","Strength Potion"],"campfire_rested":0,"item_purchase_floors":[13,22,29,29,29,45,45,53,53],"current_hp_per_floor":[90,77,77,75,74,74,74,82,82,85,87,90,90,90,90,80,90,100,100,92,92,100,100,100,100,100,98,100,100,100,100,100,87,100,100,100,100,100,100,100,100,100,100,100,100,100,94,100,100,100,100,97,97,97,100],"gold":47,"neow_bonus":"BOSS_RELIC","is_daily":false,"chose_seed":false,"campfire_upgraded":6,"win_rate":0.0,"timestamp":1608097004,"path_taken":["R","E","?","M","M","M","T","E","?","E","M","?","$","?","M","BOSS","R","?","M","R","$","M","T","E","R","E","M","$","M","M","M","BOSS","R","?","E","?","R","E","T","M","R","E","$","M","?","?","M","BOSS","E","$","R","BOSS"],"items_purchased_type":["Card","Card","Card","Card","Relic","Card","Relic","Card","Potion"],"build_version":"2020-12-13","purchased_purges":4,"victory":true,"max_hp_per_floor":[90,90,90,90,90,90,90,90,90,90,90,90,90,90,90,90,90,100,100,100,100,100,100,100,100,100,100,100,100,100,100,100,100,100,100,100,100,100,100,100,100,100,100,100,100,100,100,100,100,100,100,100,100,100,100],"card_choices":[{"not_picked":["champ:EnGarde","champ:Shatter+1"],"picked":"champ:Encircle+1","floor":2.0},{"not_picked":["champ:SwordSigil","champ:StanceDance"],"picked":"champ:TornadoPunch+1","floor":4.0},{"not_picked":["champ:AdrenalArmor","champ:PerfectForm"],"picked":"champ:GutPunch+1","floor":5.0},{"not_picked":["champ:StanceDance","champ:SwordSigil","champ:BerserkerStyle"],"picked":"SKIP","floor":6.0},{"not_picked":["champ:ShieldSigil","champ:EnGarde"],"picked":"champ:Backstep","floor":8.0},{"not_picked":["champ:PerfectedStrike+1","champ:FocusedDefense"],"picked":"champ:RecklessLeap+1","floor":10.0},{"not_picked":["champ:ViciousMockery","champ:BerserkersShout"],"picked":"champ:Encircle+1","floor":11.0},{"not_picked":["champ:Riposte","champ:BerserkersShout"],"picked":"champ:Circumvent","floor":13.0},{"not_picked":["champ:StanceDance","champ:FaceSlap+1"],"picked":"champ:AdrenalArmor","floor":14.0},{"not_picked":["champ:DefensiveStyle","champ:ArenaPreparation"],"picked":"champ:RecklessLeap+1","floor":15.0},{"not_picked":["champ:RageSigil","champ:ViciousMockery+1","champ:CrookedStrike+1"],"picked":"SKIP","floor":20},{"not_picked":["champ:RisingSlash+1","champ:ShieldSlam+1"],"picked":"champ:EndlessRage","floor":22},{"not_picked":["champ:DeathBlow+1","champ:Lariat"],"picked":"champ:StanceDance+1","floor":23},{"not_picked":["champ:BladeFlurry+1","champ:Riposte"],"picked":"champ:BringItOn+1","floor":25},{"not_picked":["champ:RapidStrikes+1","champ:DeathBlow+1","champ:BerserkerStyle"],"picked":"SKIP","floor":27},{"not_picked":["champ:ShieldSigil","champ:GladiatorsShout"],"picked":"champ:Backstep+1","floor":28},{"not_picked":["champ:PerfectedStrike+1","champ:Encircle+1"],"picked":"champ:BerserkersShout+1","floor":29},{"not_picked":["champ:DefensiveShout+1","champ:Backstep","champ:DeathBlow+1"],"picked":"SKIP","floor":30},{"not_picked":["champ:Encircle+1","champ:Shatter+1"],"picked":"champ:Backstep","floor":31},{"not_picked":["champ:CheapShot+1","champ:CrookedStrike+1","champ:ShieldWall"],"picked":"SKIP","floor":32},{"not_picked":["champ:Duel+1","champ:FocusedGladiator+1"],"picked":"champ:EndlessRage+1","floor":37},{"not_picked":["champ:Control+1","champ:BerserkersShout","champ:RageSigil"],"picked":"SKIP","floor":40},{"not_picked":["champ:StanceDance","champ:Haymaker+1","champ:GladiatorsShout"],"picked":"SKIP","floor":42},{"not_picked":["champ:GladiatorStyle+1","champ:CalledShot"],"picked":"champ:HeartStrike+1","floor":44},{"not_picked":["champ:FalseCounter","champ:DefensiveShout+1","champ:GladiatorsShout+1"],"picked":"SKIP","floor":46},{"not_picked":["champ:Shatter+1","champ:MurderStrike+1","champ:FocusedGladiator"],"picked":"SKIP","floor":48},{"not_picked":["champ:RageSigil+1","champ:Backstep","champ:PerfectedStrike+1"],"picked":"SKIP","floor":49},{"not_picked":["champ:FaceSlap+1","champ:SkillfulDodge","champ:Backstep"],"picked":"SKIP","floor":52}],"player_experience":367477,"relics_obtained":[{"floor":0.0,"key":"champ:FightingForDummies"},{"floor":0.0,"key":"Molten Egg 2"},{"floor":0.0,"key":"Pocketwatch"},{"floor":2.0,"key":"Omamori"},{"floor":8.0,"key":"Blood Vial"},{"floor":10.0,"key":"champ:DefensiveTrainingManual"},{"floor":12.0,"key":"Potion Belt"},{"floor":24,"key":"Pantograph"},{"floor":25,"key":"Regal Pillow"},{"floor":27,"key":"War Paint"},{"floor":36,"key":"champ:SpectersHand"},{"floor":37,"key":"Anchor"},{"floor":40,"key":"Bottled Flame"},{"floor":41,"key":"Bird Faced Urn"},{"floor":44,"key":"Darkstone Periapt"},{"floor":47,"key":"Girya"},{"floor":52,"key":"Shuriken"}],"event_choices":[{"damage_healed":0.0,"max_hp_gain":0.0,"max_hp_loss":0.0,"gold_gain":0.0,"event_name":"Big Fish","player_choice":"Box","floor":9.0,"gold_loss":0.0,"damage_taken":0.0,"relics_obtained":["Ornamental Fan"],"cards_obtained":["Regret"]}],"is_beta":false,"boss_relics":[{"not_picked":["Tiny House","champ:PowerArmor"],"picked":"Empty Cage"},{"not_picked":["Snecko Eye","Busted Crown"],"picked":"Coffee Dripper"}],"items_purged_floors":[13,22,29,45],"is_endless":false,"potions_floor_spawned":[4,5,8,11,14,23,25,27,31,33,40,46,47,48,49,52],"ascension_level":3}}