{"host":"v0dnu0zs4qo0v13s","time":1608086879,"event":{"mods":["BaseMod","Colored Map","Colored Powertips","Minty Spire (QoL Compilation)","Relic Stats","StSLib","SuperFastMode","everything is the same but u backflip on backflip"],"gold_per_floor":[110,110,123,139,149,149,181,181,229,246,102,102,2,2,2,100,100,117,216,216,236,248,282,282,3,3,15,15,27,27,43,43,142,142,152,167,14,14,33,33,62,62,62,96,108,135,194,222,234,246],"floor_reached":51,"playtime":5718,"items_purged":["Defend_P","Defend_P","Bite"],"score":1003,"play_id":"c1b4fb2c-de09-4aea-9fd5-21f7562f2d0d","local_time":"20201215214759","is_ascension_mode":true,"campfire_choices":[{"data":"Vigilance","floor":6.0,"key":"SMITH"},{"floor":8.0,"key":"REST"},{"floor":12.0,"key":"REST"},{"data":"TalkToTheHand","floor":15.0,"key":"SMITH"},{"floor":24.0,"key":"REST"},{"data":"Tantrum","floor":28.0,"key":"SMITH"},{"data":"MentalFortress","floor":30.0,"key":"SMITH"},{"data":"SandsOfTime","floor":32.0,"key":"SMITH"},{"data":"Meditate","floor":40.0,"key":"SMITH"},{"data":"Wallop","floor":42.0,"key":"SMITH"},{"data":"Brilliance","floor":45.0,"key":"SMITH"},{"data":"LikeWater","floor":49.0,"key":"SMITH"}],"circlet_count":0,"master_deck":["Eruption","Vigilance+1","EmptyBody+1","Evaluate","Brilliance+1","Pray","Conclude","TalkToTheHand+1","Omniscience","Protect+1","Bite","Bite","Bite","Bite","Tantrum+1","ClearTheMind","FearNoEvil","SandsOfTime+1","Vault","Meditate+1","Wallop+1","Adaptation+1","LikeWater+1"],"relics":["SacredBark","Blue Candle","Vajra","PreservedInsect","Snecko Eye","FossilizedHelix","Strange Spoon","Matryoshka","Empty Cage","Bag of Preparation","CloakClasp","Strawberry","Question Card","MawBank","Lantern","Omamori"],"acts_visited":["Exordium","TheCity","TheBeyond"],"potions_floor_usage":[50,50,50,50],"damage_taken":[{"damage":4.0,"enemies":"Cultist","floor":1.0,"turns":4.0},{"damage":4.0,"enemies":"Jaw Worm","floor":3.0,"turns":3.0},{"damage":5.0,"enemies":"2 Louse","floor":4.0,"turns":3.0},{"damage":0.0,"enemies":"Exordium Wildlife","floor":5.0,"turns":3.0},{"damage":22.0,"enemies":"Lagavulin","floor":7.0,"turns":6.0},{"damage":9.0,"enemies":"Blue Slaver","floor":10.0,"turns":3.0},{"damage":0.0,"enemies":"The Guardian","floor":16.0,"turns":10.0},{"damage":3.0,"enemies":"Chosen","floor":18.0,"turns":3.0},{"damage":0.0,"enemies":"Spheric Guardian","floor":21.0,"turns":3.0},{"damage":15.0,"enemies":"Shelled Parasite and Fungi","floor":22.0,"turns":5.0},{"damage":41.0,"enemies":"Slavers","floor":23.0,"turns":7.0},{"damage":0.0,"enemies":"Centurion and Healer","floor":27.0,"turns":4.0},{"damage":0.0,"enemies":"Sentry and Sphere","floor":29.0,"turns":2.0},{"damage":0.0,"enemies":"Cultist and Chosen","floor":31.0,"turns":5.0},{"damage":20.0,"enemies":"Automaton","floor":33.0,"turns":8.0},{"damage":0.0,"enemies":"3 Shapes","floor":35.0,"turns":4.0},{"damage":0.0,"enemies":"3 Darklings","floor":36.0,"turns":2.0},{"damage":0.0,"enemies":"Jaw Worm Horde","floor":39.0,"turns":2.0},{"damage":0.0,"enemies":"Reptomancer","floor":41.0,"turns":2.0},{"damage":14.0,"enemies":"Nemesis","floor":44.0,"turns":6.0},{"damage":0.0,"enemies":"Transient","floor":46.0,"turns":6.0},{"damage":0.0,"enemies":"4 Shapes","floor":48.0,"turns":2.0},{"damage":14,"enemies":"Donu and Deca","floor":50,"turns":11}],"seed_played":"-6652824930301601022","potions_obtained":[{"floor":1.0,"key":"Ancient Potion"},{"floor":7.0,"key":"SmokeBomb"},{"floor":10.0,"key":"Ancient Potion"},{"floor":18.0,"key":"EssenceOfSteel"},{"floor":22.0,"key":"Strength Potion"},{"floor":29.0,"key":"GamblersBrew"},{"floor":44.0,"key":"EntropicBrew"},{"floor":46.0,"key":"SmokeBomb"},{"floor":48.0,"key":"Fire Potion"}],"is_trial":false,"path_per_floor":["M","?","M","M","M","R","E","R","T","M","$","R","$","?","R","B",null,"M","?","?","M","M","E","R","$","T","M","R","M","R","M","R","B",null,"M","M","$","?","M","R","E","R","T","E","R","M","T","M","R","B",null],"character_chosen":"WATCHER","items_purchased":["TalkToTheHand","Strange Spoon","Bag of Preparation"],"campfire_rested":3,"item_purchase_floors":[11,25,37],"current_hp_per_floor":[61,47,43,38,38,38,16,37,37,28,28,49,49,46,46,46,66,63,63,50,50,45,12,27,27,27,35,35,43,43,50,50,33,46,50,50,50,50,50,50,50,50,57,47,47,57,57,57,57,57],"gold":258,"neow_bonus":"BOSS_RELIC","is_daily":false,"chose_seed":false,"campfire_upgraded":9,"win_rate":0.0,"timestamp":1608086879,"path_taken":["M","?","M","M","M","R","E","R","T","M","$","R","$","?","R","BOSS","M","?","?","M","M","E","R","?","T","M","R","?","R","M","R","BOSS","M","M","$","?","M","R","E","R","T","E","R","M","?","M","R","BOSS"],"items_purchased_type":["Card","Relic","Relic"],"build_version":"2020-12-13","purchased_purges":3,"victory":true,"max_hp_per_floor":[72,72,72,72,72,72,72,72,72,72,72,72,72,72,72,72,72,72,72,50,50,50,50,50,50,50,50,50,50,50,50,50,50,50,50,50,50,50,50,50,50,50,57,57,57,57,57,57,57,57],"relic_stats":{"Strange Spoon":[25],"counters":[23,104],"Blue Candle":[0],"Snecko Eye":[117,127,138,114],"PreservedInsect":149,"Bag of Preparation":[12],"CloakClasp":[141],"Question Card":3,"MawBank":84,"obtain_stats":[{"Lantern":47,"SacredBark":0,"Blue Candle":7,"Vajra":9,"PreservedInsect":14,"Bag of Preparation":37,"CloakClasp":41,"Omamori":47,"Empty Cage":34,"Question Card":43,"MawBank":44,"Strange Spoon":25,"Matryoshka":26,"Strawberry":43,"Snecko Eye":17,"PureWater":0,"FossilizedHelix":23},{"Lantern":21,"SacredBark":0,"Blue Candle":5,"Vajra":5,"PreservedInsect":6,"Bag of Preparation":17,"CloakClasp":19,"Omamori":21,"Empty Cage":15,"Question Card":19,"MawBank":20,"Strange Spoon":11,"Matryoshka":11,"Strawberry":19,"Snecko Eye":7,"PureWater":0,"FossilizedHelix":11},{"Lantern":91,"SacredBark":0,"Blue Candle":19,"Vajra":19,"PreservedInsect":22,"Bag of Preparation":75,"CloakClasp":79,"Omamori":91,"Empty Cage":69,"Question Card":79,"MawBank":85,"Strange Spoon":50,"Matryoshka":50,"Strawberry":79,"Snecko Eye":32,"PureWater":0,"FossilizedHelix":50}]},"card_choices":[{"not_picked":["Consecrate","FollowUp"],"picked":"EmptyBody","floor":1.0},{"not_picked":["JustLucky","PathToVictory"],"picked":"Evaluate","floor":3.0},{"not_picked":["Consecrate","SashWhip"],"picked":"Brilliance","floor":4.0},{"not_picked":["BowlingBash","SashWhip"],"picked":"Pray","floor":5.0},{"not_picked":["SashWhip","Sanctity"],"picked":"Conclude","floor":7.0},{"not_picked":["SashWhip","DeceiveReality"],"picked":"MentalFortress","floor":10.0},{"not_picked":["Blasphemy","Ragnarok"],"picked":"Omniscience","floor":16.0},{"not_picked":["CrushJoints+1","Meditate"],"picked":"Protect+1","floor":18.0},{"not_picked":["FollowUp","SashWhip"],"picked":"Tantrum","floor":21.0},{"not_picked":["JustLucky","Indignation"],"picked":"ClearTheMind","floor":22.0},{"not_picked":["Prostrate","SashWhip"],"picked":"FearNoEvil","floor":23.0},{"not_picked":["FearNoEvil+1","CutThroughFate+1","CrushJoints"],"picked":"SKIP","floor":27.0},{"not_picked":["FollowUp","CutThroughFate+1","JustLucky"],"picked":"SKIP","floor":29.0},{"not_picked":["Vengeance+1","CarveReality"],"picked":"SandsOfTime","floor":31.0},{"not_picked":["Blasphemy","DeusExMachina"],"picked":"Vault","floor":33.0},{"not_picked":["FlurryOfBlows","Consecrate+1"],"picked":"Meditate","floor":35.0},{"not_picked":["Weave","Consecrate","FollowUp"],"picked":"SKIP","floor":36.0},{"not_picked":["Indignation+1","ForeignInfluence","FollowUp"],"picked":"SKIP","floor":39.0},{"not_picked":["WheelKick","ReachHeaven"],"picked":"Wallop","floor":41.0},{"not_picked":["FlurryOfBlows","CrushJoints","Evaluate+1","ClearTheMind+1"],"picked":"SKIP","floor":44.0},{"not_picked":["Weave+1","Consecrate","Vengeance+1"],"picked":"Adaptation+1","floor":46.0},{"not_picked":["Conclude+1","Scrawl","ForeignInfluence"],"picked":"LikeWater","floor":48.0}],"player_experience":594875,"relics_obtained":[{"floor":7.0,"key":"Blue Candle"},{"floor":9.0,"key":"Vajra"},{"floor":23.0,"key":"FossilizedHelix"},{"floor":26.0,"key":"Matryoshka"},{"floor":41.0,"key":"CloakClasp"},{"floor":43.0,"key":"Strawberry"},{"floor":43.0,"key":"Question Card"},{"floor":44.0,"key":"MawBank"},{"floor":47.0,"key":"Lantern"},{"floor":47.0,"key":"Omamori"}],"event_choices":[{"damage_healed":0.0,"max_hp_gain":0.0,"max_hp_loss":0.0,"gold_gain":0.0,"event_name":"Shining Light","player_choice":"Entered Light","floor":2.0,"gold_loss":0.0,"damage_taken":14.0,"cards_upgraded":["EmptyBody","Strike_P"]},{"damage_healed":0.0,"max_hp_gain":0.0,"max_hp_loss":0.0,"gold_gain":0.0,"event_name":"Scrap Ooze","player_choice":"Success","floor":14.0,"gold_loss":0.0,"damage_taken":3.0,"relics_obtained":["PreservedInsect"]},{"damage_healed":0.0,"max_hp_gain":0.0,"max_hp_loss":0.0,"gold_gain":99.0,"event_name":"Nest","player_choice":"Stole From Cult","floor":19.0,"gold_loss":0.0,"damage_taken":0.0},{"damage_healed":0.0,"max_hp_gain":0.0,"max_hp_loss":22.0,"gold_gain":0.0,"event_name":"Vampires","player_choice":"Became a vampire","floor":20.0,"gold_loss":0.0,"damage_taken":0.0,"cards_obtained":["Bite","Bite","Bite","Bite","Bite"]},{"cards_removed":["MentalFortress"],"damage_healed":0.0,"max_hp_gain":0.0,"max_hp_loss":0.0,"gold_gain":0.0,"event_name":"Falling","player_choice":"Removed Power","floor":38.0,"gold_loss":0.0,"damage_taken":0.0}],"is_beta":false,"boss_relics":[{"not_picked":["Calling Bell","Busted Crown"],"picked":"Snecko Eye"},{"not_picked":["Sozu","Pandora\u0027s Box"],"picked":"Empty Cage"}],"items_purged_floors":[11,13,25],"is_endless":false,"potions_floor_spawned":[1,7,10,18,22,29,44,46,48],"ascension_level":6}}