{"host":"dusk7mhlix1mqn14","time":1608121741,"event":{"mods":["BaseMod","Colored Powertips","Downfall","Highlight Path","Minty Spire (QoL Compilation)","Quick Restart","Reimu（博丽灵梦）","Remilia（蕾米莉亚）","Replay The Spire","Ryuuou龙王","SIMod","Shop Mod","StSLib","The Bug Knight","The Forsaken","The Mystic","The Senshi","TheWitcher","【东方二次创作】八云紫mod"],"gold_per_floor":[136,136,150,150,150,150,23,23,48,48,48,67,83,101,101,203,203,221,221,239,249,260,260,279,298,347,347,373,373,400,315,315,412,512,522,522,276,325,325,325,355,372,372,372,364,364,364],"floor_reached":46,"playtime":4170,"items_purged":["AT_purpleEX","Defend_purpleEX"],"score":686,"play_id":"1862ce6a-ca42-4513-82ca-7b5978969a38","local_time":"20201216202901","is_ascension_mode":true,"campfire_choices":[{"data":"Observe_purple_1","floor":6.0,"key":"SMITH"},{"data":"Observe_purple_2","floor":8.0,"key":"SMITH"},{"data":"OmniscientAndOmnipotent_Monster_purple","floor":10.0,"key":"SMITH"},{"data":"WatchEyeChange_purple","floor":15.0,"key":"SMITH"},{"data":"Shallow_ocean_purpleEX","floor":23.0,"key":"SMITH"},{"data":"MeetDecomposer_purple","floor":27.0,"key":"SMITH"},{"data":"Mirror_WaveAndshot_purple","floor":32.0,"key":"SMITH"},{"data":"ExistenceContinue_purple","floor":40,"key":"SMITH"},{"data":"DimensionStaggered_purple","floor":44,"key":"SMITH"}],"circlet_count":0,"master_deck":["Defend_purpleEX","Defend_purpleEX","Defend_purpleEX","Observe_purple_1+1","Observe_purple_2+1","Fantasy_PerpetualMotionMachine_purple","DimensionStaggered_purple","OmniscientAndOmnipotent_Monster_purple+1","Mirror_TwoAndThreeElementRealm_purple","WatchEyeChange_purple+1","Mirror_TwoAndThreeElementRealm_purple","Boundary_DreamRealityDamnation_purple","Slimebound:Tackle+1","Slimebound:Tackle+1","Slimebound:Tackle+1","Shallow_ocean_purpleEX+1","OmniscientAndOmnipotent_Monster_purple","Mirror_WaveAndshot_purple+1","MeetDecomposer_purple+1","ExistenceContinue_purple+1","DarkRealmRedLine_purple+1","LoveAcrossDimensions_purple","DimensionStaggered_purple+1"],"relics":["Boundary_crack","Memoryfragments_purpleEX","Centennial Puzzle","Coffee Dripper","Juzu Bracelet","MealTicket","theSenshi:SailorFukuRelic","Pocketwatch","Replay:Wanted Poster","Pet Ghost","Blood Vial","ReplayTheSpireMod:Lightbulb","AntiCross"],"acts_visited":["Exordium","TheCity","TheBeyond"],"potions_floor_usage":[],"damage_taken":[{"damage":2.0,"enemies":"Small Slimes","floor":1.0,"turns":5.0},{"damage":1.0,"enemies":"2 Louse","floor":3.0,"turns":4.0},{"damage":1.0,"enemies":"Jaw Worm","floor":12.0,"turns":2.0},{"damage":2.0,"enemies":"Blue Slaver","floor":13.0,"turns":3.0},{"damage":0.0,"enemies":"2 Fungi Beasts","floor":14.0,"turns":3.0},{"damage":31.0,"enemies":"Fading Forest","floor":16.0,"turns":11.0},{"damage":0.0,"enemies":"Spheric Guardian","floor":18.0,"turns":2.0},{"damage":10.0,"enemies":"Shell Parasite","floor":20.0,"turns":3.0},{"damage":4.0,"enemies":"3 Cultists","floor":21.0,"turns":3.0},{"damage":6.0,"enemies":"Snecko","floor":22.0,"turns":4.0},{"damage":5.0,"enemies":"Snake Plant","floor":24.0,"turns":3.0},{"damage":13.0,"enemies":"Shelled Parasite and Fungi","floor":25.0,"turns":3.0},{"damage":37.0,"enemies":"Slavers","floor":28.0,"turns":4.0},{"damage":16.0,"enemies":"Gremlin Leader","floor":30.0,"turns":4.0},{"damage":29.0,"enemies":"Pondfish","floor":33.0,"turns":11.0},{"damage":27.0,"enemies":"3 Shapes","floor":35.0,"turns":3.0},{"damage":47,"enemies":"Reptomancer","floor":41,"turns":4},{"damage":9,"enemies":"3 Darklings","floor":42,"turns":3},{"damage":36,"enemies":"Writhing Mass","floor":45,"turns":3},{"damage":140,"enemies":"Nemesis","floor":46,"turns":1}],"seed_played":"-8587053343310592693","potions_obtained":[{"floor":1.0,"key":"EssenceOfSteel"},{"floor":13.0,"key":"Dexterity Potion"},{"floor":14.0,"key":"AttackPotion"},{"floor":22.0,"key":"PowerPotion"}],"is_trial":true,"path_per_floor":["M","?","M","?","?","R","$","R","T","R","$","M","M","M","R","B",null,"M","?","M","M","M","R","M","M","T","R","E","?","E","?","R","B",null,"M","?","$","T","?","R","E","M","T","R","M","E"],"character_chosen":"Youkari","items_purchased":["OmniscientAndOmnipotent_Monster_purple","Pet Ghost"],"campfire_rested":0,"item_purchase_floors":[7,37],"current_hp_per_floor":[70,70,70,70,49,49,49,49,49,49,49,53,56,61,61,35,70,70,70,70,70,69,69,69,59,59,59,43,43,37,37,37,30,70,70,70,70,70,70,70,39,51,51,51,43,0,0],"gold":364,"neow_bonus":"","is_daily":false,"chose_seed":false,"campfire_upgraded":9,"win_rate":0.0,"timestamp":1608121741,"path_taken":["M","?","M","?","?","R","?","R","T","R","$","M","M","M","R","BOSS","M","?","M","M","M","R","M","M","T","R","E","?","E","?","R","BOSS","M","?","$","?","?","R","E","M","T","R","M","E"],"items_purchased_type":["Card","Relic"],"build_version":"2020-12-13","purchased_purges":2,"victory":false,"max_hp_per_floor":[70,70,70,70,70,70,70,70,70,70,70,70,70,70,70,70,70,70,70,70,70,70,70,70,70,70,70,70,70,70,70,70,70,70,70,70,70,70,70,70,70,70,70,70,70,70,70],"card_choices":[{"not_picked":["Mirror_WaveAndshot_purple","WeekHit_purple"],"picked":"Fantasy_PerpetualMotionMachine_purple","floor":1.0},{"not_picked":["MNeedle_purple","Anti_communist_purple"],"picked":"DimensionStaggered_purple","floor":3.0},{"not_picked":["DimensionStaggered_purple","OpenedBox_purple","SfantasyHide_purple"],"picked":"SKIP","floor":12.0},{"not_picked":["RuleDissolution_purple","Charmbait_purple"],"picked":"Mirror_TwoAndThreeElementRealm_purple","floor":13.0},{"not_picked":["MNeedle_purple","Yakumo_Ran_purple"],"picked":"WatchEyeChange_purple","floor":14.0},{"not_picked":["ContainerChange_purple","MagicEyes_LaplaceDemon_purple"],"picked":"Mirror_TwoAndThreeElementRealm_purple","floor":16.0},{"not_picked":["RuleDissolution_purple+1","Umbrella_purple"],"picked":"Boundary_DreamRealityDamnation_purple","floor":18.0},{"not_picked":["StateErode_purple","DimensionStaggered_purple"],"picked":"Shallow_ocean_purpleEX","floor":20.0},{"not_picked":["Shallow_ocean_purpleEX","RuleDissolution_purple"],"picked":"OmniscientAndOmnipotent_Monster_purple","floor":21.0},{"not_picked":["WingOfChimera_purple","Mirror_Drifter_purple"],"picked":"Mirror_WaveAndshot_purple","floor":22.0},{"not_picked":["Erosivefilter_purple","PurpleNeedle_purple"],"picked":"MeetDecomposer_purple","floor":24.0},{"not_picked":["Bait_Toxicbait_purple","Boundary_DreamRealityDamnation_purple"],"picked":"ExistenceContinue_purple","floor":25.0},{"not_picked":["Realm_recovery_purpleEX","OpenedBox_purple"],"picked":"DarkRealmRedLine_purple+1","floor":28.0},{"not_picked":["MagicEyes_LaplaceDemon_purple","Erosivefilter_purple+1","SfantasyHide_purple"],"picked":"SKIP","floor":30.0},{"not_picked":["ContainerChange_purple","Know_ledgeAbilityRealm_purple"],"picked":"LoveAcrossDimensions_purple","floor":33.0},{"not_picked":["ExternalForce_HighSpeedFlying_purple+1","ExistenceContinue_purple","Realm_recovery_purpleEX"],"picked":"SKIP","floor":35.0},{"not_picked":["Boundary_ObjectiveBoundary_purple+1","WatchEyeChange_purple","SharpContractionReality_purple"],"picked":"SKIP","floor":41},{"not_picked":["MNeedle_purple+1","RuleDissolution_purple"],"picked":"DimensionStaggered_purple","floor":42},{"not_picked":["Know_ledgeAbilityRealm_purple","StateDuplicate_purple","Umbrella_purple"],"picked":"SKIP","floor":45}],"player_experience":224200,"relics_obtained":[{"floor":9.0,"key":"Centennial Puzzle"},{"floor":26.0,"key":"Juzu Bracelet"},{"floor":28.0,"key":"MealTicket"},{"floor":30.0,"key":"theSenshi:SailorFukuRelic"},{"floor":38.0,"key":"Blood Vial"},{"floor":41,"key":"ReplayTheSpireMod:Lightbulb"},{"floor":43,"key":"AntiCross"}],"event_choices":[{"damage_healed":0.0,"max_hp_gain":0.0,"max_hp_loss":0.0,"gold_gain":0.0,"event_name":"Addict","player_choice":"Obtained Relic","floor":31.0,"gold_loss":85.0,"damage_taken":0.0,"relics_obtained":["Pocketwatch"]},{"damage_healed":0.0,"max_hp_gain":0.0,"max_hp_loss":0.0,"gold_gain":0.0,"event_name":"Wheel of Change","player_choice":"Full Heal","floor":36.0,"gold_loss":0.0,"damage_taken":0.0},{"damage_healed":0,"gold_gain":0,"player_choice":"Ignored","damage_taken":0,"max_hp_gain":0,"max_hp_loss":0,"event_name":"Tomb of Lord Red Mask","floor":39,"gold_loss":0}],"is_beta":false,"boss_relics":[{"not_picked":["Cursed Key","ReplayTheSpireMod:DimensionalGlitch"],"picked":"Coffee Dripper"},{"not_picked":["expansioncontent:StudyCardRelic","SacredBark"],"picked":"Replay:Wanted Poster"}],"items_purged_floors":[7,37],"is_endless":false,"potions_floor_spawned":[1,13,14,18,22,25,28,30,35,41,42],"killed_by":"Nemesis","ascension_level":1}}