{"host":"l8lkgdumzpe3823a","time":1608158705,"event":{"mods":["Aspiration","BaseMod","Better Note","Colored Powertips","Curses Come First","Custom Start","DeckTracker","Defuse TimeMaze Blight","Highlight Path","Hubris","Infinite Spire","Minty Spire (QoL Compilation)","Quick Restart","Replay The Spire","Shop Mod","StSLib","SuperFastMode","The Construct","The Dragon Tamer","vexMod"],"gold_per_floor":[116,142,142,142,142,175,175,8,85,85,99,129,273,273,273,293,293],"floor_reached":16,"playtime":1245,"items_purged":[],"score":177,"play_id":"e96f4f40-90be-405c-aafe-ea9b07b3d539","local_time":"20201216164505","is_ascension_mode":true,"campfire_choices":[{"data":"Pummel","floor":7.0,"key":"SMITH"},{"data":"Sadistic Nature","floor":10.0,"key":"SMITH"},{"data":"Bash","floor":15.0,"key":"SMITH"}],"circlet_count":0,"master_deck":["Strike_R","Strike_R","Strike_R","Strike_R","Strike_R","Defend_R","Defend_R","Defend_R","Defend_R","Bash+1","Havoc","Pummel+1","Sadistic Nature+1","Evolve","True Grit"],"relics":["Burning Blood","NeowsBlessing","Replay:Bandana","hubris:Towel","hubris:Icosahedron","Replay:Wax Seal","infinitespire:Bottled Soul","hubris:OldNail"],"acts_visited":["Exordium"],"potions_floor_usage":[16,16,16],"damage_taken":[{"damage":0.0,"enemies":"Cultist","floor":1.0,"turns":1.0},{"damage":0.0,"enemies":"Gremlin Nob","floor":6.0,"turns":1.0},{"damage":0.0,"enemies":"Small Slimes","floor":11.0,"turns":1.0},{"damage":11.0,"enemies":"2 Louse","floor":12.0,"turns":3.0},{"damage":63.0,"enemies":"Lagavulin","floor":13.0,"turns":8.0},{"damage":21,"enemies":"Hexaghost","floor":16,"turns":9}],"seed_played":"2017043140486576172","potions_obtained":[{"floor":1.0,"key":"Elixir"},{"floor":13.0,"key":"Fire Potion"},{"floor":14.0,"key":"SkillPotion"},{"floor":14.0,"key":"Adrenaline Potion"}],"is_trial":false,"path_per_floor":["M","T","?","?","?","E","R","$","T","R","M","M","E","?","R","B"],"character_chosen":"IRONCLAD","items_purchased":["Sadistic Nature"],"campfire_rested":0,"item_purchase_floors":[8],"current_hp_per_floor":[78,78,78,78,78,80,80,80,80,80,80,75,18,18,18,0,0],"gold":293,"neow_bonus":"THREE_ENEMY_KILL","is_daily":false,"chose_seed":false,"campfire_upgraded":3,"win_rate":0.0,"timestamp":1608158705,"path_taken":["M","?","?","?","?","E","R","?","T","R","?","M","E","?","R","BOSS"],"items_purchased_type":["Card"],"build_version":"2020-12-13","purchased_purges":0,"victory":false,"max_hp_per_floor":[80,80,80,80,80,80,80,80,80,80,80,80,80,80,80,80,80],"card_choices":[{"not_picked":["Life Link","Run Through"],"picked":"Havoc","floor":1.0},{"not_picked":["Flex","Warcry"],"picked":"Pummel","floor":6.0},{"not_picked":["Clothesline","Warcry"],"picked":"Evolve","floor":11.0},{"not_picked":["Cleave","hubris:CleavingFinish"],"picked":"True Grit","floor":12.0},{"not_picked":["Twin Strike","Searing Blow","Defy Death"],"picked":"SKIP","floor":13.0}],"player_experience":562468,"relics_obtained":[{"floor":2.0,"key":"Replay:Bandana"},{"floor":6.0,"key":"Replay:Wax Seal"},{"floor":9.0,"key":"infinitespire:Bottled Soul"},{"floor":13.0,"key":"hubris:OldNail"}],"event_choices":[{"damage_healed":0.0,"max_hp_gain":0.0,"max_hp_loss":0.0,"gold_gain":0.0,"event_name":"Lab","player_choice":"Got Potions","floor":14.0,"gold_loss":0.0,"damage_taken":0.0}],"is_beta":false,"boss_relics":[],"items_purged_floors":[],"is_endless":false,"potions_floor_spawned":[1,13],"killed_by":"Hexaghost","ascension_level":7}}