{"host":"dwyzfvnzfcqffr30","time":1608116917,"event":{"mods":["2.2 Compatiblity","Act Like it!","BaseMod","Beaked The Cultist","Better Altar","Better Sensory Stone","Better Third Choice","Clockwork Mod","Colored Map","Colored Powertips","Conspire","Elementarium","GifTheSpireLib","Halation","Hubris","Jedi Mod","Menagerie","Mimic Mod","Minty Spire (QoL Compilation)","Permanent Neow","Random Character Button","Replay The Spire","Spicy Shops","StSLib","Stuff the Spire","The Construct","The Druid","TheFirefly","Trackpad","vexMod"],"gold_per_floor":[120,140,64,64,83,123,138,138,138,162,162,162],"floor_reached":11,"playtime":1415,"items_purged":[],"score":127,"play_id":"beeb9576-bdd0-4755-a5be-9104cac93049","local_time":"20201216030837","is_ascension_mode":true,"campfire_choices":[{"floor":8,"key":"REST"}],"circlet_count":0,"master_deck":["AscendersBane","Clockwork:Strike+1","Clockwork:Strike+1","Clockwork:Strike+1","Clockwork:Strike+1","Clockwork:Shield+1","Clockwork:Shield+1","Clockwork:Shield+1","Clockwork:Shield+1","Clockwork:Tinker+1","Clockwork:WarmUp+1","Clockwork:SearingStrike+1","MasterReality+1","Clockwork:HoardingStrike+1","Clockwork:TestingEnvironment+1","Clockwork:Enhance+1","Clockwork:Roundhouse+1","Clockwork:RevUp+1","Clockwork:CraftVarja+1"],"relics":["Clockwork:MomentumEngine","Bottled Tornado","Quantum Egg","Frozen Egg 2","Toxic Egg 2","Molten Egg 2","Golden Idol","Juzu Bracelet","hubris:ToyBattleship","Clockwork:Varja"],"acts_visited":["Menagerie:Menagerie"],"potions_floor_usage":[6,11,11],"damage_taken":[{"damage":0,"enemies":"Menagerie:2_RABBITS","floor":1,"turns":7},{"damage":0,"enemies":"Menagerie:WhisperingWraith","floor":2,"turns":4},{"damage":0,"enemies":"Menagerie:MonstrousExperiment","floor":5,"turns":8},{"damage":27,"enemies":"Menagerie:Hydra","floor":6,"turns":6},{"damage":17,"enemies":"Menagerie:MeltingSalamander","floor":7,"turns":7},{"damage":22,"enemies":"Menagerie:STYGIAN_BOAR_AND_WHISPERING_WRAITH","floor":10,"turns":7},{"damage":29,"enemies":"Menagerie:VoidReaper","floor":11,"turns":9}],"seed_played":"-1987269551566611404","potions_obtained":[{"floor":5,"key":"DuplicationPotion"},{"floor":7,"key":"Dexterity Potion"},{"floor":10,"key":"Venom Potion"}],"is_trial":false,"path_per_floor":["M","M","$","?","M","E","M","R","T","M","E"],"character_chosen":"CLOCKWORK","items_purchased":["Clockwork:Enhance+1"],"campfire_rested":1,"item_purchase_floors":[3],"current_hp_per_floor":[71,71,71,71,71,44,27,50,50,28,0,0],"gold":162,"neow_bonus":"THREE_CARDS","is_daily":false,"chose_seed":false,"campfire_upgraded":0,"win_rate":0.0,"timestamp":1608116917,"path_taken":["M","?","$","?","M","E","M","R","T","M","E"],"items_purchased_type":["Card"],"build_version":"2020-12-13","purchased_purges":0,"victory":false,"max_hp_per_floor":[79,79,79,79,79,79,79,79,79,79,79,79],"card_choices":[{"not_picked":["Clockwork:Friction","Clockwork:Pluck"],"picked":"Clockwork:SearingStrike","floor":0},{"not_picked":["Clockwork:SystemScan+1","Clockwork:Pluck+1"],"picked":"Clockwork:HoardingStrike+1","floor":1},{"not_picked":["Clockwork:Pluck+1","Clockwork:SystemScan+1"],"picked":"Clockwork:TestingEnvironment+1","floor":2},{"not_picked":["Clockwork:AssemblyLine+1","Clockwork:Pluck+1"],"picked":"Clockwork:Roundhouse+1","floor":5},{"not_picked":["Clockwork:MechanicalMass+1","Clockwork:QuantumStrike+1"],"picked":"Clockwork:RevUp+1","floor":6},{"not_picked":["Clockwork:CraftBloodPhial+1","Clockwork:AdaptiveCannon+1"],"picked":"Clockwork:CraftVarja+1","floor":7},{"not_picked":["Clockwork:ForgeStrike+1","Clockwork:Friction+1"],"picked":"Clockwork:CraftVarja+1","floor":10}],"player_experience":1231169,"relics_obtained":[{"floor":6,"key":"hubris:ToyBattleship"}],"event_choices":[{"damage_healed":0,"gold_gain":0,"player_choice":"Simplicity","damage_taken":0,"max_hp_gain":0,"max_hp_loss":8,"event_name":"betterThird:BetterWriting","floor":0,"gold_loss":0},{"damage_healed":0,"gold_gain":0,"player_choice":"Upgraded","damage_taken":0,"max_hp_gain":0,"max_hp_loss":0,"event_name":"Upgrade Shrine","floor":0,"gold_loss":0,"cards_upgraded":["Clockwork:Tinker"]},{"damage_healed":0,"gold_gain":0,"player_choice":"Upgraded","damage_taken":0,"max_hp_gain":0,"max_hp_loss":0,"event_name":"Upgrade Shrine","floor":0,"gold_loss":0,"cards_upgraded":["Clockwork:SearingStrike"]},{"damage_healed":0,"gold_gain":0,"player_choice":"Upgraded","damage_taken":0,"max_hp_gain":0,"max_hp_loss":0,"event_name":"Upgrade Shrine","floor":0,"gold_loss":0,"cards_upgraded":["Clockwork:WarmUp"]},{"damage_healed":0,"gold_gain":0,"player_choice":"Upgraded","damage_taken":0,"max_hp_gain":0,"max_hp_loss":0,"event_name":"Upgrade Shrine","floor":0,"gold_loss":0,"cards_upgraded":["Clockwork:Handicap"]}],"is_beta":false,"boss_relics":[],"items_purged_floors":[],"is_endless":false,"potions_floor_spawned":[5,7,10],"killed_by":"Menagerie:VoidReaper","ascension_level":16}}