{"host":"a3oe3gstxz77c7qu","time":1608145570,"event":{"mods":["2.2 Compatiblity","Act Like it!","BaseMod","Bestiary","Better Altar","Better Match","Better Note","Better Sensory Stone","Better Skull","Better Third Choice","Block Reminder","Conspire","Curses Come First","Custom Start","Downfall","Friendly Minions","GifTheSpireLib","Humility","Infinite Spire","Lobotomy","LobotomyExtend","Marisa????????","Minty Spire (QoL Compilation)","Permanent Neow","Quick Restart","Relic Stats","Replay The Spire","Robot Space Explorer","StSLib","The Blue Laboratory","Uncapped","Wandering Minibosses"],"gold_per_floor":[118,25,25,36,50,50,66,97,151,151,177,194,39,51,51,123,173,173,30,44,61,73,93,93,93,119,119,44,63,83,83,83],"floor_reached":31,"playtime":1743,"items_purged":["Strike_B"],"score":461,"play_id":"f6bc4585-8809-4b53-9657-d5e9745b611f","local_time":"20201216190610","is_ascension_mode":true,"campfire_choices":[{"data":"Zap","floor":6.0,"key":"SMITH"},{"floor":10.0,"key":"REST"},{"data":"Seek","floor":15.0,"key":"SMITH"},{"floor":24.0,"key":"REST"},{"data":"infinitespire:Menacing","floor":27.0,"key":"SMITH"}],"circlet_count":0,"master_deck":["LongBird","AscendersBane","Strike_B+1","Strike_B","Defend_B","Defend_B","Defend_B","Defend_B","Zap+1","Dualcast","Melter+1","UniverseFragment","conspire:Banana+1","Leap","Seek+1","MHz","BootSequence","Core Surge","Hologram+1","infinitespire:Menacing+1","ReplayTheSpireMod:Echoes of Time"],"relics":["Cracked Core","CogitoBucket","RabbitCall","LetterFromLob","Mummified Hand","infinitespire:Beetle Shell","DataDisk","AspirationHeart","conspire:TreasureMap","Tiny House","Moonlight_r","ReplayFunnel","ChangeAnything","Justitia_r","Nuclear Battery","Akabeko","PreservedInsect"],"acts_visited":["Exordium","TheCity"],"potions_floor_usage":[],"damage_taken":[{"damage":1.0,"enemies":"Cultist","floor":1.0,"turns":3.0},{"damage":0.0,"enemies":"2 Louse","floor":4.0,"turns":2.0},{"damage":12.0,"enemies":"Jaw Worm","floor":5.0,"turns":4.0},{"damage":8.0,"enemies":"Blue Slaver","floor":7.0,"turns":3.0},{"damage":6.0,"enemies":"Gremlin Nob","floor":8.0,"turns":3.0},{"damage":24.0,"enemies":"Lagavulin","floor":11.0,"turns":6.0},{"damage":18.0,"enemies":"Exordium Thugs","floor":12.0,"turns":6.0},{"damage":8.0,"enemies":"3 Louse","floor":14.0,"turns":3.0},{"damage":53.0,"enemies":"Hexaghost","floor":16.0,"turns":10.0},{"damage":5.0,"enemies":"conspire:FuzzyDice","floor":20.0,"turns":9.0},{"damage":2.0,"enemies":"Spheric Guardian","floor":21.0,"turns":3.0},{"damage":32.0,"enemies":"Centurion and Healer","floor":22.0,"turns":11.0},{"damage":71.0,"enemies":"3 Cultists","floor":23.0,"turns":8.0},{"damage":5.0,"enemies":"Snecko","floor":29.0,"turns":4.0},{"damage":5.0,"enemies":"Snake Plant","floor":30.0,"turns":4.0},{"damage":58,"enemies":"Gremlin Leader","floor":31,"turns":2}],"seed_played":"-2242375341625001046","potions_obtained":[{"floor":5.0,"key":"blueLaboratory:RememoryPotion"},{"floor":8.0,"key":"SpeedPotion"},{"floor":11.0,"key":"Energy Potion"},{"floor":12.0,"key":"Flashbang"},{"floor":17.0,"key":"blueLaboratory:CorrosionFlask"},{"floor":22.0,"key":"Dexterity Potion"},{"floor":30.0,"key":"blueLaboratory:BubblePotion"}],"is_trial":false,"path_per_floor":["M","$","?","M","M","R","M","E","T","R","E","M","$","M","R","B",null,"M","$","M","M","M","M","R","AVR","T","R","?","M","M","E"],"character_chosen":"DEFECT","items_purchased":["conspire:Banana","conspire:TreasureMap","ReplayFunnel"],"campfire_rested":2,"item_purchase_floors":[2,13,19],"current_hp_per_floor":[67,67,67,67,57,57,51,49,49,73,55,53,53,49,49,4,94,102,102,103,105,79,12,54,54,54,54,54,53,54,0,0],"gold":83,"neow_bonus":"","is_daily":false,"chose_seed":false,"campfire_upgraded":3,"win_rate":0.0,"timestamp":1608145570,"path_taken":["M","?","?","M","M","R","M","E","T","R","E","M","$","M","R","BOSS","M","$","M","M","M","M","R","AVR","T","R","?","M","M","E"],"items_purchased_type":["Card","Relic","Relic"],"build_version":"2020-12-13","purchased_purges":1,"victory":false,"max_hp_per_floor":[75,75,75,75,77,77,79,83,83,83,89,105,105,109,109,117,122,122,122,128,132,138,142,142,142,142,142,142,146,152,154,154],"relic_stats":{"counters":[18,82],"Mummified Hand":[0],"PreservedInsect":57,"obtain_stats":[{"ReplayFunnel":19,"RabbitCall":0,"conspire:TreasureMap":13,"Tiny House":17,"AspirationHeart":12,"infinitespire:Beetle Shell":9,"PreservedInsect":26,"Akabeko":25,"Nuclear Battery":25,"Moonlight_r":18,"CogitoBucket":0,"DataDisk":11,"Mummified Hand":8,"LetterFromLob":1,"ChangeAnything":22,"Cracked Core":0,"Justitia_r":23},{"ReplayFunnel":10,"RabbitCall":0,"conspire:TreasureMap":8,"Tiny House":10,"AspirationHeart":8,"infinitespire:Beetle Shell":5,"PreservedInsect":15,"Akabeko":15,"Nuclear Battery":15,"Moonlight_r":10,"CogitoBucket":0,"DataDisk":6,"Mummified Hand":5,"LetterFromLob":1,"ChangeAnything":14,"Cracked Core":0,"Justitia_r":15},{"ReplayFunnel":41,"RabbitCall":0,"conspire:TreasureMap":28,"Tiny House":41,"AspirationHeart":28,"infinitespire:Beetle Shell":15,"PreservedInsect":73,"Akabeko":73,"Nuclear Battery":73,"Moonlight_r":41,"CogitoBucket":0,"DataDisk":21,"Mummified Hand":15,"LetterFromLob":3,"ChangeAnything":65,"Cracked Core":0,"Justitia_r":73}]},"card_choices":[{"not_picked":["Cold Snap","Aggregate"],"picked":"Melter","floor":1.0},{"not_picked":["Murderer","Bloodbath"],"picked":"UniverseFragment","floor":1.0},{"not_picked":["Compile Driver","BasicCrystalCard"],"picked":"Leap","floor":4.0},{"not_picked":["WallGazer","OSAHOGD","SpiderBud"],"picked":"Singing Bowl","floor":4.0},{"not_picked":["Conserve Battery","Tempest"],"picked":"Seek","floor":5.0},{"not_picked":["QueenOfHatred","Scorched"],"picked":"LongBird","floor":5.0},{"not_picked":["MeatLantern","Murderer","VoidDream"],"picked":"Singing Bowl","floor":7.0},{"not_picked":["BlackSwan","PunishingBird"],"picked":"MHz","floor":7.0},{"not_picked":["Redo","Undo","Stack"],"picked":"SKIP","floor":7.0},{"not_picked":["Rainbow","Reinforced Body"],"picked":"BootSequence","floor":8.0},{"not_picked":["BeautyBeast","Alriune","WallGazer"],"picked":"Singing Bowl","floor":8.0},{"not_picked":["BeautyBeast","NakedNest","DespairKnight"],"picked":"Singing Bowl","floor":11.0},{"not_picked":["Aggregate","Hologram","ReplayTheSpireMod:Dual Polarity"],"picked":"SKIP","floor":11.0},{"not_picked":["OldLady","Wellcheers","Scorched"],"picked":"Singing Bowl","floor":12.0},{"not_picked":["Melter","Go for the Eyes","Conserve Battery"],"picked":"SKIP","floor":12.0},{"not_picked":["Mercenary","ShyLook","Rudolta"],"picked":"Singing Bowl","floor":14.0},{"not_picked":["ReplaySolidLightProjector","Compile Driver","Blizzard"],"picked":"SKIP","floor":14.0},{"not_picked":["ReplayRNGCard","Multi-Cast"],"picked":"Core Surge","floor":16.0},{"not_picked":["NakedNest","QueenBee","CrumblingArmor"],"picked":"Singing Bowl","floor":16.0},{"not_picked":["BasicCrystalCard","Beam Cell"],"picked":"Hologram","floor":17.0},{"not_picked":["CherryBlossoms","WallGazer","Porccubus"],"picked":"Singing Bowl","floor":20.0},{"not_picked":["Stack","Hologram","Cold Snap"],"picked":"SKIP","floor":20.0},{"not_picked":["Freischutz","CherryBlossoms","DespairKnight"],"picked":"Singing Bowl","floor":21.0},{"not_picked":["Redo","Compile Driver","Sweeping Beam"],"picked":"SKIP","floor":21.0},{"not_picked":["HeroicMonk","Rudolta","WallGazer"],"picked":"Singing Bowl","floor":22.0},{"not_picked":["Chill","Consume+1","Steam"],"picked":"SKIP","floor":22.0},{"not_picked":["WhiteNight","BeautyBeast","LittleHelper"],"picked":"Singing Bowl","floor":23.0},{"not_picked":["Machine Learning","Chaos","ReplayTheSpireMod:Dual Polarity"],"picked":"SKIP","floor":23.0},{"not_picked":["CherryBlossoms","Yin","PunishingBird"],"picked":"Singing Bowl","floor":29.0},{"not_picked":["Consume","Heatsinks","Coolheaded"],"picked":"SKIP","floor":29.0},{"not_picked":["OldLady","DreamingCurrent","Scarecrow"],"picked":"Singing Bowl","floor":30.0},{"not_picked":["ReplayTheSpireMod:Omega Cannon","Cold Snap","Crystallizer"],"picked":"SKIP","floor":30.0}],"player_experience":814475,"relics_obtained":[{"floor":1.0,"key":"LetterFromLob"},{"floor":8.0,"key":"Mummified Hand"},{"floor":9.0,"key":"infinitespire:Beetle Shell"},{"floor":11.0,"key":"DataDisk"},{"floor":26.0,"key":"PreservedInsect"}],"event_choices":[{"damage_healed":0.0,"max_hp_gain":0.0,"max_hp_loss":0.0,"gold_gain":0.0,"event_name":"Accursed Blacksmith","player_choice":"Forge","floor":3.0,"gold_loss":0.0,"damage_taken":0.0,"cards_upgraded":["conspire:Banana"]},{"cards_removed":["Strike_B"],"damage_healed":0.0,"max_hp_gain":0.0,"max_hp_loss":0.0,"gold_gain":0.0,"event_name":"Beggar","player_choice":"Gave Gold","floor":28.0,"gold_loss":75.0,"damage_taken":0.0}],"is_beta":false,"boss_relics":[{"not_picked":["conspire:RoyalGoblet","ChewingGum"],"picked":"Tiny House"}],"items_purged_floors":[25],"is_endless":false,"potions_floor_spawned":[5,8,11,12,22,29,30],"killed_by":"Gremlin Leader","ascension_level":13}}