{"host":"tnhjz9cb8p0320p2","time":1608085880,"event":{"mods":["BaseMod","Better Third Choice","Downfall","Hermit","Marisa????????","Minty Spire (QoL Compilation)","Relic Stats","Replay The Spire","Shade Mod","StSLib","The Construct","The Cursed","The Jungle","The Runesmith"],"gold_per_floor":[112,112,62,62,95,95,130,170,249,283,314,362,374,414,426,556,568,607,434,446,485,68,108,108,108,108,108,145,145,190,190,190,216,216,341,341,381,381,381,393,434,434,434,434],"floor_reached":43,"playtime":3427,"items_purged":["Pain"],"score":734,"play_id":"211a1334-891b-4244-bc70-8a2b312fc239","local_time":"20201215203120","is_ascension_mode":true,"campfire_choices":[{"data":"AbsoluteMagnitude","floor":6,"key":"SMITH"},{"floor":13,"key":"REST"},{"data":"StarDustReverie","floor":15,"key":"SMITH"},{"data":"OortCloud","floor":24,"key":"SMITH"},{"data":"MilkyWay","floor":27,"key":"SMITH"},{"data":"PulseMagic","floor":42,"key":"SMITH"}],"circlet_count":0,"master_deck":["Strike_MRS","Strike_MRS","Defend_MRS","Defend_MRS","Defend_MRS","UpSweep","AbsoluteMagnitude+1","WitchOfGreed","Neutralize","SporeBomb","AsteroidBelt","Orbital+1","OortCloud+1","SuperPerseids","Distraction","StarDustReverie+1","PowerUp+1","EventHorizon","MilkyWay+1","PulseMagic+1","PropBag+1","PowerUp+1","ManaRampage+1","IllusionStar","CollectingQuirk+1","GrandCross","MachineGunSpark+1","ShootTheMoon+1"],"relics":["m_TsuchinokoRing","MealTicket","Darkstone Periapt","MawBank","Runic Pyramid","theJungle:Creamberry","WarpedTongs","Guardian:BottledAnomaly","Peace Pipe","Oddly Smooth Stone","Replay:Mystery Machine","Ring of Chaos","Ornamental Fan"],"acts_visited":["Exordium","Exordium","TheBeyond"],"potions_floor_usage":[8,12,12,16,18,18,21,28,28,33,35,35,37,43],"damage_taken":[{"damage":7,"enemies":"Jaw Worm","floor":1,"turns":3},{"damage":0,"enemies":"Small Slimes","floor":5,"turns":3},{"damage":5,"enemies":"Cultist","floor":7,"turns":4},{"damage":12,"enemies":"Lagavulin","floor":8,"turns":7},{"damage":6,"enemies":"Looter","floor":10,"turns":4},{"damage":1,"enemies":"Red Slaver","floor":11,"turns":3},{"damage":21,"enemies":"Gremlin Nob","floor":12,"turns":6},{"damage":0,"enemies":"Blue Slaver","floor":14,"turns":7},{"damage":20,"enemies":"Hexaghost","floor":16,"turns":7},{"damage":11,"enemies":"theJungle:MUSHROOMGANG","floor":18,"turns":3},{"damage":5,"enemies":"theJungle:5_Spyders","floor":21,"turns":5},{"damage":0,"enemies":"theJungle:Cassacara","floor":23,"turns":6},{"damage":0,"enemies":"theJungle:Lyon","floor":28,"turns":3},{"damage":0,"enemies":"theJungle:2_Phrogs","floor":30,"turns":6},{"damage":20,"enemies":"theJungle:JungleHuntersEncounter","floor":33,"turns":3},{"damage":35,"enemies":"theJungle:TotemBoss","floor":35,"turns":7},{"damage":10,"enemies":"3 Shapes","floor":37,"turns":4},{"damage":22,"enemies":"3 Darklings","floor":40,"turns":3},{"damage":5,"enemies":"4 Shapes","floor":41,"turns":3},{"damage":62,"enemies":"Nemesis","floor":43,"turns":6}],"seed_played":"7776919096395590862","potions_obtained":[{"floor":5,"key":"sneckomod:MuddlingPotion"},{"floor":7,"key":"Strength Potion"},{"floor":7,"key":"Energy Potion"},{"floor":8,"key":"sneckomod:MuddlingPotion"},{"floor":8,"key":"Fire Potion"},{"floor":10,"key":"LifebloodPotion"},{"floor":12,"key":"Toxic Potion"},{"floor":14,"key":"Strength Potion"},{"floor":16,"key":"Strength Potion"},{"floor":18,"key":"Death Potion"},{"floor":18,"key":"DuplicationPotion"},{"floor":21,"key":"FearPotion"},{"floor":28,"key":"Doom Potion"},{"floor":28,"key":"Fire Potion"},{"floor":30,"key":"Fruit Juice"},{"floor":33,"key":"ColorlessPotion"},{"floor":33,"key":"Explosive Potion"},{"floor":35,"key":"CultistPotion"},{"floor":37,"key":"Ancient Potion"},{"floor":41,"key":"Adrenaline Potion"}],"is_trial":false,"path_per_floor":["M","?","?","?","M","R","M","E","T","M","M","E","R","M","R","B",null,"M","?","?","M","$","E","R","?","T","R","M","?","E","PTL","PTL","M","R","B",null,"M","?","?","M","M","R","E"],"character_chosen":"MARISA","items_purchased":["Guardian:BottledAnomaly","EventHorizon","MilkyWay","PulseMagic"],"campfire_rested":1,"item_purchase_floors":[22,22,22,22],"current_hp_per_floor":[61,61,61,61,61,61,56,44,44,38,37,16,38,38,38,18,61,50,50,56,51,66,66,66,91,91,91,91,91,91,91,91,76,96,61,87,77,77,77,55,50,50,0,0],"gold":434,"neow_bonus":"ONE_RANDOM_RARE_CARD","is_daily":false,"chose_seed":false,"campfire_upgraded":5,"win_rate":0.0,"timestamp":1608085880,"path_taken":["M","?","?","?","M","R","?","E","T","M","M","E","R","M","R","BOSS","M","?","?","?","$","E","R","?","T","R","?","?","E","PTL","PTL","M","R","BOSS","M","?","?","M","M","R","E"],"items_purchased_type":["Relic","Card","Card","Card"],"build_version":"2020-12-13","purchased_purges":1,"victory":false,"max_hp_per_floor":[75,75,75,75,75,75,75,75,75,75,75,75,75,75,75,75,75,75,75,81,81,81,81,81,91,91,91,91,91,91,91,91,96,96,96,96,96,96,96,96,96,96,96,96],"relic_stats":{"Darkstone Periapt":6,"Peace Pipe":0,"counters":[20,93],"Ornamental Fan":[8],"MealTicket":15,"MawBank":120,"obtain_stats":[{"Darkstone Periapt":9,"AmplifyWand":30,"Blue Candle":18,"Oddly Smooth Stone":26,"Ring of Chaos":36,"theJungle:Creamberry":19,"Replay:Mystery Machine":30,"MawBank":12,"WarpedTongs":20,"Mercury Hourglass":33,"Peace Pipe":23,"m_TsuchinokoRing":4,"Mummified Hand":28,"Sundial":37,"Ornamental Fan":43,"MealTicket":8,"MiniHakkero":0,"Guardian:BottledAnomaly":22,"Runic Pyramid":17},{"Darkstone Periapt":4,"AmplifyWand":14,"Blue Candle":10,"Oddly Smooth Stone":12,"Ring of Chaos":16,"theJungle:Creamberry":10,"Replay:Mystery Machine":14,"MawBank":7,"WarpedTongs":10,"Mercury Hourglass":15,"Peace Pipe":12,"m_TsuchinokoRing":1,"Mummified Hand":13,"Sundial":17,"Ornamental Fan":20,"MealTicket":4,"MiniHakkero":0,"Guardian:BottledAnomaly":11,"Runic Pyramid":9},{"Darkstone Periapt":17,"AmplifyWand":62,"Blue Candle":45,"Oddly Smooth Stone":58,"Ring of Chaos":77,"theJungle:Creamberry":47,"Replay:Mystery Machine":67,"MawBank":30,"WarpedTongs":47,"Mercury Hourglass":68,"Peace Pipe":58,"m_TsuchinokoRing":3,"Mummified Hand":59,"Sundial":78,"Ornamental Fan":88,"MealTicket":17,"MiniHakkero":0,"Guardian:BottledAnomaly":52,"Runic Pyramid":44}],"WarpedTongs":[46]},"card_choices":[{"not_picked":["GravityBeat","GalacticHalo"],"picked":"WitchOfGreed","floor":1},{"not_picked":["PowerUp","Cloak And Dagger"],"picked":"SporeBomb","floor":5},{"not_picked":["UnstableBomb","WitchLeyline"],"picked":"AsteroidBelt","floor":7},{"not_picked":["Occultation","Dagger Throw"],"picked":"Orbital","floor":8},{"not_picked":["Blade Dance","PowerUp"],"picked":"OortCloud","floor":10},{"not_picked":["MagicAbsorber","MysteriousBeam"],"picked":"SuperPerseids","floor":11},{"not_picked":["Outmaneuver","AsteroidBelt"],"picked":"Distraction","floor":12},{"not_picked":["DC","Cloak And Dagger"],"picked":"StarDustReverie","floor":14},{"not_picked":["Adrenaline","AbsoluteMagnitude"],"picked":"EscapeVelocity","floor":16},{"not_picked":["GravityBeat","OpenUniverse"],"picked":"PowerUp+1","floor":18},{"not_picked":["Orbital+1","SporeBomb+1","GravityBeat"],"picked":"SKIP","floor":21},{"not_picked":["WitchOfGreed","StarBarrage+1"],"picked":"PropBag+1","floor":23},{"not_picked":["LuminesStrike","GravityBeat"],"picked":"PowerUp+1","floor":28},{"not_picked":["SatelliteIllusion+1","UnstableBomb+1"],"picked":"ManaRampage+1","floor":30},{"not_picked":["SuperPerseids+1","FairyDestructionRay+1"],"picked":"IllusionStar","floor":33},{"not_picked":["JA+1","FinalSpark+1"],"picked":"CollectingQuirk+1","floor":35},{"not_picked":["GravityBeat","PowerUp+1"],"picked":"GrandCross","floor":37},{"not_picked":["DoubleSpark","GrandCross"],"picked":"MachineGunSpark+1","floor":40},{"not_picked":["SuperPerseids+1","WitchOfGreed"],"picked":"ShootTheMoon+1","floor":41}],"player_experience":1956872,"relics_obtained":[{"floor":8,"key":"MealTicket"},{"floor":9,"key":"Darkstone Periapt"},{"floor":12,"key":"MawBank"},{"floor":23,"key":"Peace Pipe"},{"floor":26,"key":"Oddly Smooth Stone"},{"floor":30,"key":"Replay:Mystery Machine"}],"event_choices":[{"cards_removed":["Strike_MRS"],"damage_healed":0,"gold_gain":0,"player_choice":"Card Removal","damage_taken":0,"max_hp_gain":0,"max_hp_loss":0,"event_name":"The Cleric","floor":3,"gold_loss":50},{"damage_healed":0,"gold_gain":0,"player_choice":"Rummage","damage_taken":0,"relics_obtained":["WarpedTongs"],"max_hp_gain":0,"max_hp_loss":0,"event_name":"Accursed Blacksmith","floor":20,"gold_loss":0,"cards_obtained":["Pain"]},{"cards_removed":["EscapeVelocity"],"damage_healed":15,"gold_gain":0,"player_choice":"Offered Rare","damage_taken":0,"max_hp_gain":10,"max_hp_loss":0,"event_name":"Bonfire Elementals","floor":25,"gold_loss":0},{"damage_healed":0,"gold_gain":0,"player_choice":"Ignored","damage_taken":0,"max_hp_gain":0,"max_hp_loss":0,"event_name":"Tomb of Lord Red Mask","floor":38,"gold_loss":0},{"cards_removed":["Strike_MRS"],"damage_healed":0,"gold_gain":0,"player_choice":"Removed Attack","damage_taken":0,"max_hp_gain":0,"max_hp_loss":0,"event_name":"Falling","floor":39,"gold_loss":0}],"is_beta":false,"boss_relics":[{"not_picked":["ChewingGum","Fusion Hammer"],"picked":"Runic Pyramid"},{"not_picked":["Sozu","Philosopher\u0027s Stone"],"picked":"Ring of Chaos"}],"items_purged_floors":[22],"is_endless":false,"potions_floor_spawned":[7,8,10,16,18,21,28,33],"killed_by":"Nemesis","ascension_level":6}}