{"host":"5gqrjli8yntg44l3","time":1608120650,"event":{"mods":["AchievementEnabler","BaseMod","Better Third Choice","Highlight Path","Minty Spire (QoL Compilation)","Relic Stats","StSLib"],"gold_per_floor":[117,130,91,109,109,109,139,139,139,14,27,54,70,70,70,175,175,193,108,138,154,1,29,29,54,54,54,70,70,102,33,33,136,136,146,43,43,43,56,56,88,88,88,114,114,132,132,151,151,151],"floor_reached":51,"playtime":2646,"items_purged":["Strike_G"],"score":881,"play_id":"dde66813-8630-44dd-b97f-7d32819d2465","local_time":"20201216121050","is_ascension_mode":true,"campfire_choices":[{"data":"Seeing Red","floor":6,"key":"SMITH"},{"floor":15,"key":"REST"},{"data":"Backstab","floor":24,"key":"SMITH"},{"floor":29,"key":"REST"},{"floor":32,"key":"REST"},{"data":"Accuracy","floor":40,"key":"SMITH"},{"floor":42,"key":"REST"},{"floor":49,"key":"REST"}],"circlet_count":0,"master_deck":["Strike_G","Strike_G","Defend_G","Defend_G","Survivor","Neutralize","All Out Attack","Poisoned Stab","Footwork","Seeing Red+1","Bouncing Flask","Predator","Burst","Wraith Form v2","Accuracy+1","Slice","Cloak And Dagger","Endless Agony","Backstab+1","Burst","Deadly Poison","Sucker Punch+1","Accuracy","Infinite Blades","Cloak And Dagger","Storm of Steel","Endless Agony+1","Bouncing Flask+1","Finisher+1","Blade Dance+1","Bouncing Flask+1","Masterful Stab+1","Blade Dance+1","Cloak And Dagger+1","Panacea","Accuracy","Neutralize+1","PiercingWail","Wraith Form v2","Slice+1"],"relics":["Ring of the Snake","betterThird:SlimedRelic","Dream Catcher","Nunchaku","Pen Nib","Mummified Hand","WristBlade","Bronze Scales","Red Mask","Darkstone Periapt","Ancient Tea Set","Bottled Tornado","Molten Egg 2","Astrolabe","CaptainsWheel","Pear","InkBottle"],"acts_visited":["Exordium","TheCity","TheBeyond"],"potions_floor_usage":[16,20,25,30,30,50,50],"damage_taken":[{"damage":0,"enemies":"Jaw Worm","floor":1,"turns":6},{"damage":0,"enemies":"2 Louse","floor":2,"turns":3},{"damage":0,"enemies":"Cultist","floor":4,"turns":3},{"damage":37,"enemies":"Lagavulin","floor":7,"turns":10},{"damage":0,"enemies":"Exordium Thugs","floor":11,"turns":5},{"damage":3,"enemies":"Gremlin Nob","floor":12,"turns":4},{"damage":0,"enemies":"Looter","floor":13,"turns":2},{"damage":31,"enemies":"The Guardian","floor":16,"turns":9},{"damage":3,"enemies":"Spheric Guardian","floor":18,"turns":5},{"damage":6,"enemies":"Masked Bandits","floor":20,"turns":5},{"damage":0,"enemies":"3 Byrds","floor":21,"turns":2},{"damage":15,"enemies":"Book of Stabbing","floor":23,"turns":4},{"damage":28,"enemies":"Slavers","floor":25,"turns":6},{"damage":15,"enemies":"3 Cultists","floor":28,"turns":5},{"damage":10,"enemies":"Book of Stabbing","floor":30,"turns":5},{"damage":62,"enemies":"Champ","floor":33,"turns":11},{"damage":20,"enemies":"Orb Walker","floor":35,"turns":3},{"damage":8,"enemies":"3 Shapes","floor":39,"turns":3},{"damage":21,"enemies":"Nemesis","floor":41,"turns":5},{"damage":0,"enemies":"Reptomancer","floor":44,"turns":4},{"damage":12,"enemies":"Maw","floor":46,"turns":5},{"damage":14,"enemies":"Jaw Worm Horde","floor":48,"turns":3},{"damage":19,"enemies":"Donu and Deca","floor":50,"turns":7}],"seed_played":"7449234435155231367","potions_obtained":[{"floor":12,"key":"DistilledChaos"},{"floor":13,"key":"FairyPotion"},{"floor":18,"key":"EssenceOfSteel"},{"floor":23,"key":"Explosive Potion"},{"floor":28,"key":"LiquidMemories"},{"floor":41,"key":"Dexterity Potion"},{"floor":44,"key":"Dexterity Potion"}],"is_trial":false,"path_per_floor":["M","M","?","M","?","R","E","?","T","$","M","E","M","$","R","B",null,"M","?","?","M","$","E","R","E","T","?","M","R","E","$","R","B",null,"M","$","?","$","M","R","E","R","T","E","?","M","?","M","R","B",null],"character_chosen":"THE_SILENT","items_purchased":["Regen Potion","Block Potion","Endless Agony","Infinite Blades","FairyPotion"],"campfire_rested":5,"item_purchase_floors":[10,10,22,31,36],"current_hp_per_floor":[77,77,66,66,61,61,24,24,24,24,24,21,21,21,44,13,77,74,74,68,68,68,53,53,25,25,25,10,33,23,23,46,9,77,57,57,57,57,49,49,28,51,61,61,61,49,49,35,61,42],"gold":151,"neow_bonus":"TEN_PERCENT_HP_BONUS","is_daily":false,"chose_seed":false,"campfire_upgraded":3,"win_rate":0.0,"timestamp":1608120650,"path_taken":["M","M","?","M","?","R","E","?","T","?","M","E","?","$","R","BOSS","M","?","?","M","$","E","R","E","T","?","M","R","E","$","R","BOSS","M","$","?","?","?","R","E","R","T","E","?","?","?","M","R","BOSS"],"items_purchased_type":["Potion","Potion","Card","Card","Potion"],"build_version":"2020-12-13","purchased_purges":1,"victory":true,"max_hp_per_floor":[77,77,77,77,77,77,77,77,77,77,77,77,77,77,77,77,77,77,77,77,77,77,77,77,77,77,77,77,77,77,77,77,77,77,77,77,77,77,77,77,77,77,87,87,87,87,87,87,87,87],"relic_stats":{"Darkstone Periapt":0,"Dream Catcher":5,"Nunchaku":[24],"counters":[23,115],"Mummified Hand":[48],"Bronze Scales":[257],"Astrolabe":["Endless Agony","Bouncing Flask","Finisher"],"Pen Nib":[24],"obtain_stats":[{"Darkstone Periapt":23,"Pear":43,"Astrolabe":34,"Pen Nib":9,"Bottled Tornado":26,"Ancient Tea Set":25,"Dream Catcher":5,"Nunchaku":7,"CaptainsWheel":41,"WristBlade":17,"Mummified Hand":12,"betterThird:SlimedRelic":3,"Bronze Scales":19,"Molten Egg 2":30,"Red Mask":20,"InkBottle":44,"Ring of the Snake":0},{"Darkstone Periapt":12,"Pear":19,"Astrolabe":16,"Pen Nib":4,"Bottled Tornado":13,"Ancient Tea Set":13,"Dream Catcher":3,"Nunchaku":4,"CaptainsWheel":19,"WristBlade":8,"Mummified Hand":6,"betterThird:SlimedRelic":2,"Bronze Scales":9,"Molten Egg 2":15,"Red Mask":10,"InkBottle":20,"Ring of the Snake":0},{"Darkstone Periapt":58,"Pear":96,"Astrolabe":85,"Pen Nib":22,"Bottled Tornado":64,"Ancient Tea Set":64,"Dream Catcher":12,"Nunchaku":22,"CaptainsWheel":96,"WristBlade":42,"Mummified Hand":31,"betterThird:SlimedRelic":9,"Bronze Scales":47,"Molten Egg 2":74,"Red Mask":52,"InkBottle":100,"Ring of the Snake":0}],"InkBottle":[11],"Ring of the Snake":[47]},"card_choices":[{"not_picked":["Cloak And Dagger","Quick Slash"],"picked":"All Out Attack","floor":1},{"not_picked":["Outmaneuver","Deflect"],"picked":"Poisoned Stab","floor":2},{"not_picked":["Dagger Throw","Infinite Blades"],"picked":"Footwork","floor":4},{"not_picked":["Heel Hook","Outmaneuver","Infinite Blades"],"picked":"SKIP","floor":7},{"not_picked":["Sucker Punch","Quick Slash"],"picked":"Bouncing Flask","floor":11},{"not_picked":["Flying Knee","Eviscerate","Blur"],"picked":"SKIP","floor":12},{"not_picked":["Reflex","Dodge and Roll"],"picked":"Predator","floor":13},{"not_picked":["Underhanded Strike","Prepared"],"picked":"Burst","floor":15},{"not_picked":["Unload","Corpse Explosion"],"picked":"Wraith Form v2","floor":16},{"not_picked":["Bouncing Flask+1","Acrobatics"],"picked":"Accuracy","floor":18},{"not_picked":["Concentrate+1","Dagger Spray"],"picked":"Slice","floor":20},{"not_picked":["Predator","Dodge and Roll"],"picked":"Cloak And Dagger","floor":21},{"not_picked":["PiercingWail","Endless Agony"],"picked":"Backstab","floor":23},{"not_picked":["Dodge and Roll","Distraction"],"picked":"Burst","floor":25},{"not_picked":["Prepared","Backflip"],"picked":"Deadly Poison","floor":28},{"not_picked":["Skewer","Deadly Poison+1"],"picked":"Sucker Punch+1","floor":29},{"not_picked":["Dagger Spray+1","Backflip+1"],"picked":"Accuracy","floor":30},{"not_picked":["Finisher+1","Tactician"],"picked":"Cloak And Dagger","floor":32},{"not_picked":["Grand Finale+1","Corpse Explosion"],"picked":"Storm of Steel","floor":33},{"not_picked":["Flechettes+1","Dodge and Roll"],"picked":"Blade Dance+1","floor":35},{"not_picked":["Flying Knee+1","Outmaneuver+1"],"picked":"Bouncing Flask+1","floor":39},{"not_picked":["Dagger Throw+1","Deadly Poison"],"picked":"Masterful Stab+1","floor":41},{"not_picked":["Bouncing Flask","Backflip+1"],"picked":"Blade Dance+1","floor":42},{"not_picked":["Underhanded Strike+1","Dagger Spray+1"],"picked":"Cloak And Dagger+1","floor":44},{"not_picked":["Expertise","Underhanded Strike+1","Flechettes+1"],"picked":"SKIP","floor":46},{"not_picked":["Flying Knee+1","Tactician+1"],"picked":"Wraith Form v2","floor":48},{"not_picked":["Dagger Throw+1","Dagger Spray+1"],"picked":"Slice+1","floor":49}],"player_experience":179998,"relics_obtained":[{"floor":7,"key":"Nunchaku"},{"floor":9,"key":"Pen Nib"},{"floor":12,"key":"Mummified Hand"},{"floor":20,"key":"Red Mask"},{"floor":23,"key":"Darkstone Periapt"},{"floor":25,"key":"Ancient Tea Set"},{"floor":26,"key":"Bottled Tornado"},{"floor":30,"key":"Molten Egg 2"},{"floor":41,"key":"CaptainsWheel"},{"floor":43,"key":"Pear"},{"floor":44,"key":"InkBottle"}],"event_choices":[{"damage_healed":0,"gold_gain":0,"player_choice":"Slimed","damage_taken":11,"max_hp_gain":0,"max_hp_loss":0,"event_name":"betterThird:BetterGoop","floor":3,"gold_loss":39},{"damage_healed":0,"gold_gain":0,"player_choice":"Ignored","damage_taken":139,"max_hp_gain":0,"max_hp_loss":0,"event_name":"betterThird:BetterSerpent","floor":8,"gold_loss":0},{"damage_healed":0,"gold_gain":0,"player_choice":"Obtained Relic","damage_taken":0,"relics_obtained":["Bronze Scales"],"max_hp_gain":0,"max_hp_loss":0,"event_name":"Addict","floor":19,"gold_loss":85},{"damage_healed":0,"gold_gain":0,"player_choice":"Fought Bandits","damage_taken":0,"max_hp_gain":0,"max_hp_loss":0,"event_name":"Masked Bandits","floor":20,"gold_loss":0},{"damage_healed":0,"gold_gain":0,"player_choice":"Ignored","damage_taken":0,"max_hp_gain":0,"max_hp_loss":0,"event_name":"Ghosts","floor":27,"gold_loss":0},{"cards_removed":["Defend_G"],"damage_healed":0,"gold_gain":0,"player_choice":"Removed Skill","damage_taken":0,"max_hp_gain":0,"max_hp_loss":0,"event_name":"Falling","floor":37,"gold_loss":0},{"damage_healed":0,"gold_gain":0,"player_choice":"3 cards matched","damage_taken":0,"max_hp_gain":0,"max_hp_loss":0,"event_name":"Match and Keep!","floor":45,"gold_loss":0,"cards_obtained":["Panacea","Accuracy","Neutralize"]},{"damage_healed":0,"gold_gain":0,"cards_transformed":["Strike_G"],"player_choice":"Transformed","damage_taken":0,"max_hp_gain":0,"max_hp_loss":0,"event_name":"Transmorgrifier","floor":47,"gold_loss":0,"cards_obtained":["PiercingWail"]}],"is_beta":false,"boss_relics":[{"not_picked":["Coffee Dripper","Runic Dome"],"picked":"WristBlade"},{"not_picked":["SlaversCollar","Cursed Key"],"picked":"Astrolabe"}],"items_purged_floors":[22],"is_endless":false,"potions_floor_spawned":[12,13,18,23,28,41,44],"ascension_level":1}}