{"host":"ecuvtzmejf7hhjpv","time":1608083662,"event":{"mods":["AchievementEnabler","Act Like it!","Aspiration","BaseMod","Better Altar","Better Match","Better Note","Better Sensory Stone","Better Skull","Better Third Choice","BetterRewards","Conspire","Custom Start","Gensokyo","GifTheSpireLib","Hallownest","Hermit","Hubris","Kratos Character Expansion","Marisa????????","Minty Spire (QoL Compilation)","Prisma Mod","Replay The Spire","Spicy Shops","StSLib","The Animator","The Blackbeard","The Bug Knight","The Forsaken","The Hierophant","The Jungle","The Necromancer","The Poker Player","The Wild Card"],"gold_per_floor":[127,147,222,222,81,116,116,150,150,181,181,191,191,47,47,147,147,158,158,4,19,39,84,34,73,73,88,107,136,136,149,149,248,248,261,280,291,62,76,76,105,105,105,140,157,184,184,235,235,235,235,235,9,41,41,41],"floor_reached":55,"playtime":10492,"items_purged":[],"score":1316,"play_id":"5aeddcac-846d-437a-8d6c-368735ac9cf9","local_time":"20201215195422","is_ascension_mode":true,"campfire_choices":[{"data":"animator:MisaKurobane","floor":7,"key":"SMITH"},{"floor":11,"key":"REST"},{"data":"animator:Zero","floor":15,"key":"SMITH"},{"data":"animator:KyokoSakura","floor":30,"key":"SMITH"},{"data":"animator:Strike","floor":32,"key":"PURGE"},{"floor":40,"key":"RECALL"},{"floor":47,"key":"REST"},{"floor":49,"key":"REST"},{"data":"animator:Cirno","floor":52,"key":"SMITH"}],"circlet_count":0,"master_deck":["animator:Strike_MadokaMagica","animator:Defend_MadokaMagica","animator:Strike","animator:Strike","animator:Defend","animator:Defend","animator:Defend","animator:IrohaTamaki","animator:YuiTsuruno","animator:KyokoSakura+1","animator:ElricAlphonse+1","animator:SayakaMiki","animator:MamiTomoe","animator:MisaKurobane+1","animator:NagisaMomoe","animator:YuiTsuruno","animator:Cirno+1","animator:Zero+1","animator:ElricEdward","animator:Pride","animator:Ainz","AbeCurse","animator:YachiyoNanami","animator:Hans","animator:OrikoMikuni+1","animator:Cirno+1","animator:NononJakuzure","animator:Albedo+1","animator:MamiTomoe+1","animator:MamiTomoe+1","animator:MamiTomoe+1","animator:NononJakuzure+1","animator:Vesta+1","animator:Pride+1","animator:Vesta+1","Compile Driver+1"],"relics":["animator:LivingPicture","animator:ColorlessFragment","Blue Candle","Garlic","Bag of Preparation","Red Skull","animator:OldCoffin","Replay:WaspNest","White Beast Statue","hubris:ToyBattleship","TwistedFunnel","Replay:Grab Bag","Replay:Bronze Core","Abe\u0027s Treasure","animator:HolyGrailRelic","aspiration:SecretTechniqueScroll","Blue Doll","ReplayTheSpireMod:Lightbulb","HollowMod:StagPassRelic","Molten Egg 2","aspiration:FrozenJewel","hubris:Stopwatch","DollysMirror","Gambling Chip","hubris:Towel","Potion Belt","hubris:DisguiseKit","Counterbalance","hubris:BottledRain"],"acts_visited":["Exordium","TheCity","TheBeyond","TheEnding"],"potions_floor_usage":[6,6,10,22,23,23,27,28,41,41,44,46,48,50,54,54,55,55,55],"damage_taken":[{"damage":0,"enemies":"conspire:RoseBush","floor":1,"turns":2},{"damage":0,"enemies":"2 Louse","floor":2,"turns":2},{"damage":0,"enemies":"3 Sentries","floor":6,"turns":3},{"damage":0,"enemies":"Lagavulin","floor":8,"turns":5},{"damage":0,"enemies":"3 Sentries","floor":10,"turns":3},{"damage":0,"enemies":"Cultist","floor":12,"turns":3},{"damage":0,"enemies":"Slime Boss","floor":16,"turns":7},{"damage":0,"enemies":"3 Byrds","floor":18,"turns":3},{"damage":0,"enemies":"Shell Parasite","floor":21,"turns":5},{"damage":0,"enemies":"Cultist and Chosen","floor":22,"turns":5},{"damage":10,"enemies":"Gremlin Leader","floor":23,"turns":6},{"damage":1,"enemies":"Replay:Snechameleon","floor":25,"turns":4},{"damage":1,"enemies":"Centurion and Healer","floor":27,"turns":5},{"damage":0,"enemies":"Chosen and Byrds","floor":28,"turns":4},{"damage":0,"enemies":"HollowMod:Nosk","floor":29,"turns":7},{"damage":0,"enemies":"3 Cultists","floor":31,"turns":5},{"damage":16,"enemies":"conspire:MysteriousRune","floor":33,"turns":6},{"damage":0,"enemies":"3 Shapes","floor":35,"turns":4},{"damage":6,"enemies":"Orb Walker","floor":36,"turns":4},{"damage":1,"enemies":"Sphere and 2 Shapes","floor":37,"turns":5},{"damage":4,"enemies":"3 Darklings","floor":39,"turns":5},{"damage":19,"enemies":"Nemesis","floor":41,"turns":8},{"damage":7,"enemies":"Giant Head","floor":44,"turns":9},{"damage":6,"enemies":"Jaw Worm Horde","floor":45,"turns":5},{"damage":19,"enemies":"Nemesis","floor":46,"turns":6},{"damage":13,"enemies":"2 Orb Walkers","floor":48,"turns":5},{"damage":42,"enemies":"hubris:GrandSnecko","floor":50,"turns":9},{"damage":36,"enemies":"Shield and Spear","floor":54,"turns":6},{"damage":54,"enemies":"The Heart","floor":55,"turns":2}],"seed_played":"4777092065793584058","potions_obtained":[{"floor":2,"key":"Explosive Potion"},{"floor":10,"key":"Fire Potion"},{"floor":12,"key":"Toxic Potion"},{"floor":16,"key":"Weak Potion"},{"floor":22,"key":"Adrenaline Potion"},{"floor":23,"key":"Languid Potion"},{"floor":25,"key":"Swift Potion"},{"floor":27,"key":"Weak Potion"},{"floor":28,"key":"BlessingOfTheForge"},{"floor":31,"key":"ColorlessPotion"},{"floor":41,"key":"Fire Potion"},{"floor":44,"key":"Dexterity Potion"},{"floor":45,"key":"Languid Potion"},{"floor":46,"key":"Explosive Potion"},{"floor":48,"key":"Regen Potion"},{"floor":54,"key":"Adrenaline Potion"}],"is_trial":false,"path_per_floor":["M","M","?","?","$","E","R","E","T","E","R","M","?","$","R","B",null,"M","?","$","M","M","E","?","E","T","M","M","E","R","M","R","B",null,"M","M","M","$","M","R","E","?","T","E","M","E","R","?","R","B",null,"R","$","E","B"],"character_chosen":"THE_ANIMATOR","items_purchased":["Blue Candle","Garlic","Bag of Preparation","animator:KyokoSakura","animator:ElricAlphonse+1","animator:SayakaMiki","animator:MamiTomoe","animator:ColorlessFragment","Red Skull","animator:MisaKurobane","BlessingOfTheForge","animator:Cirno","Adrenaline Potion","TwistedFunnel","Blue Doll","DollysMirror","animator:NononJakuzure","animator:Vesta+1","PowerPotion","PowerPotion"],"campfire_rested":3,"item_purchase_floors":[0,0,0,0,0,0,0,0,0,0,0,5,5,14,20,38,38,53,53,53],"current_hp_per_floor":[26,26,15,15,15,15,15,15,15,15,34,34,34,34,34,34,74,76,76,76,78,81,71,71,72,72,73,75,75,75,77,77,63,88,90,86,85,85,81,81,62,62,62,55,51,32,56,45,70,37,82,82,82,46,0,0],"gold":41,"neow_bonus":"","is_daily":false,"chose_seed":false,"campfire_upgraded":4,"win_rate":0.0,"timestamp":1608083662,"path_taken":["M","M","?","?","$","E","R","E","T","E","R","M","?","$","R","BOSS","M","?","$","M","M","E","?","E","T","M","M","E","R","M","R","BOSS","M","M","?","$","M","R","E","?","T","E","M","E","R","?","R","BOSS","R","$","E","BOSS"],"items_purchased_type":["Relic","Relic","Relic","Card","Card","Card","Card","Relic","Relic","Card","Potion","Card","Potion","Relic","Relic","Relic","Card","Card","Potion","Potion"],"build_version":"2020-12-13","purchased_purges":0,"victory":false,"max_hp_per_floor":[66,66,66,66,66,66,66,66,66,66,66,66,66,66,66,66,74,76,76,76,78,81,81,81,83,83,85,87,84,84,86,86,88,88,90,92,92,92,89,89,86,86,86,84,86,83,83,85,85,82,82,82,82,79,79,79],"card_choices":[{"not_picked":["animator:IrohaTamaki","animator:Emonzaemon"],"picked":"animator:NagisaMomoe","floor":1},{"not_picked":["animator:Shuna","animator:Konayuki"],"picked":"animator:YuiTsuruno","floor":2},{"not_picked":["animator:Lelouch","animator:MisaKurobane"],"picked":"animator:Zero","floor":6},{"not_picked":["animator:TsurugaMeisai","animator:MaesHughes"],"picked":"animator:ElricEdward","floor":8},{"not_picked":["animator:Evileye","animator:UneriGinkaku","animator:YuiTsuruno"],"picked":"SKIP","floor":10},{"not_picked":["animator:Scar","animator:ElricEdward"],"picked":"animator:Pride","floor":12},{"not_picked":["animator:Father","animator:HigakiRinne"],"picked":"animator:Ainz","floor":16},{"not_picked":["animator:Ara+1","animator:Emonzaemon","animator:ElricEdward"],"picked":"SKIP","floor":18},{"not_picked":["animator:Konayuki+1","animator:YuiTsuruno","animator:WinryRockbell"],"picked":"SKIP","floor":21},{"not_picked":["animator:NagisaMomoe","animator:SuzuneAmano"],"picked":"animator:YachiyoNanami","floor":22},{"not_picked":["animator:YuiTsuruno","animator:NarberalGamma+1"],"picked":"animator:Hans","floor":23},{"not_picked":["animator:Ara+1","animator:ElricAlphonse"],"picked":"animator:OrikoMikuni+1","floor":25},{"not_picked":["animator:Magilou","animator:Canti+1"],"picked":"animator:Cirno+1","floor":27},{"not_picked":["animator:Demiurge","animator:Verdia+1","animator:Konayuki"],"picked":"SKIP","floor":28},{"not_picked":["animator:Ara+1","animator:Emonzaemon+1","animator:Gluttony"],"picked":"SKIP","floor":29},{"not_picked":["animator:Kuroyukihime","animator:Kagari"],"picked":"animator:NononJakuzure","floor":31},{"not_picked":["animator:Hans","animator:Envy"],"picked":"animator:Albedo+1","floor":33},{"not_picked":["animator:Ciel","animator:UneriGinkaku+1","animator:ElricEdward+1"],"picked":"SKIP","floor":35},{"not_picked":["animator:UneriGinkaku+1","animator:SayakaMiki+1"],"picked":"animator:MamiTomoe+1","floor":36},{"not_picked":["animator:KyokoSakura+1","animator:IrohaTamaki+1"],"picked":"animator:MamiTomoe+1","floor":37},{"not_picked":["animator:SayakaMiki+1","animator:Ara+1"],"picked":"animator:Vesta+1","floor":39},{"not_picked":["animator:YachiyoNanami+1","animator:Envy"],"picked":"animator:Pride+1","floor":41},{"not_picked":["animator:WinryRockbell+1","animator:Add+1","animator:Nanami"],"picked":"SKIP","floor":44},{"not_picked":["animator:Hakurou+1","animator:Azekura","animator:Sebas+1"],"picked":"SKIP","floor":45},{"not_picked":["animator:Shion+1","animator:Kazuma","animator:UneriGinkaku+1"],"picked":"SKIP","floor":46},{"not_picked":["animator:Elsword+1","animator:Chris+1","animator:Lu+1"],"picked":"Compile Driver","floor":54}],"player_experience":893118,"relics_obtained":[{"floor":6,"key":"animator:OldCoffin"},{"floor":8,"key":"Replay:WaspNest"},{"floor":9,"key":"White Beast Statue"},{"floor":10,"key":"hubris:ToyBattleship"},{"floor":23,"key":"ReplayTheSpireMod:Lightbulb"},{"floor":25,"key":"HollowMod:StagPassRelic"},{"floor":26,"key":"Molten Egg 2"},{"floor":29,"key":"aspiration:FrozenJewel"},{"floor":41,"key":"Gambling Chip"},{"floor":44,"key":"Potion Belt"},{"floor":46,"key":"hubris:DisguiseKit"},{"floor":48,"key":"Counterbalance"},{"floor":54,"key":"hubris:BottledRain"}],"event_choices":[{"damage_healed":0,"gold_gain":75,"player_choice":"Gold","damage_taken":11,"max_hp_gain":1,"max_hp_loss":0,"event_name":"betterThird:BetterGoop","floor":3,"gold_loss":0},{"damage_healed":0,"gold_gain":0,"player_choice":"Ignored","damage_taken":0,"max_hp_gain":0,"max_hp_loss":0,"event_name":"Golden Wing","floor":4,"gold_loss":0},{"damage_healed":0,"gold_gain":0,"player_choice":"Disagree","damage_taken":0,"max_hp_gain":0,"max_hp_loss":0,"event_name":"conspire:LoneGhost","floor":13,"gold_loss":0},{"damage_healed":0,"gold_gain":0,"player_choice":"Ignored","damage_taken":0,"max_hp_gain":0,"max_hp_loss":0,"event_name":"betterNote:BetterNote","floor":19,"gold_loss":0,"cards_obtained":["Strike_G"]},{"damage_healed":0,"gold_gain":0,"player_choice":"Bet on Owner","damage_taken":0,"max_hp_gain":0,"max_hp_loss":0,"event_name":"The Joust","floor":24,"gold_loss":50},{"damage_healed":0,"gold_gain":0,"player_choice":"Fight","damage_taken":0,"max_hp_gain":0,"max_hp_loss":0,"event_name":"Mysterious Sphere","floor":48,"gold_loss":0}],"is_beta":false,"boss_relics":[{"not_picked":["Ring of Chaos","Calling Bell"],"picked":"Replay:Grab Bag"},{"not_picked":["Busted Crown","Runic Dome"],"picked":"Replay:Bronze Core"},{"not_picked":["hubris:VirtuousBlindfold","Mark of Pain"],"picked":"Abe\u0027s Treasure"},{"not_picked":["aspiration:SilentSkillbook","hubris:ScarierMask"],"picked":"animator:HolyGrailRelic"},{"not_picked":["animator:RacePiece","hubris:HollowSoul"],"picked":"aspiration:SecretTechniqueScroll"},{"not_picked":["Honey Jar","Tiny House"],"picked":"hubris:Stopwatch"}],"items_purged_floors":[],"is_endless":false,"potions_floor_spawned":[2,10,12,16,18,21,22,23,25,27,28,29,31,33,35,36,37,39,41,44,45,46,48,54],"killed_by":"The Heart","ascension_level":1}}