{"host":"wonp23fsqqcu31ie","time":1608087052,"event":{"mods":["2.2 Compatiblity","AchievementEnabler","Aspiration","BaseMod","Bestiary","Better Altar","Better Match","Better Sensory Stone","Better Skull","Better Third Choice","BetterRewards","Block Reminder","Colored Map","Colored Powertips","Conspire","DeckTracker","Displayed Cursed Tome","Downfall","Hermit","Highlight Path","Hubris","Minty Spire (QoL Compilation)","Permanent Neow","Quick Restart","Rare Cards Sparkle","Relic Stats","Replay The Spire","Shade Mod","Shop Mod","StSLib","SuperFastMode","The Animator","The Cursed","The Gatherer","The Necromancer","The Runesmith","The Servant 0.9.4"],"gold_per_floor":[126,99,123,7,7,49,49,90,90,90,114,114,79,100,100,104,104],"floor_reached":16,"playtime":427,"items_purged":["sneckomod:Bewildered"],"score":174,"play_id":"47b719a4-b818-41e1-8082-010ffb542824","local_time":"20201216135052","is_ascension_mode":true,"campfire_choices":[{"floor":10,"key":"RECALL"},{"floor":12,"key":"REST"},{"floor":15,"key":"REST"}],"circlet_count":0,"master_deck":["animator:Strike_FullmetalAlchemist","animator:Defend_FullmetalAlchemist","animator:Strike","animator:Strike","animator:Strike","animator:Defend","animator:Defend","animator:Defend","animator:ElricEdward","animator:ElricAlphonse","animator:Archer","animator:ShinjiMatou","animator:Sloth","animator:KrulTepes","animator:Azekura","animator:SilverFang","animator:MamizouFutatsuiwa","animator:Alexander","animator:UneriGinkaku","animator:Shigure","animator:WinryRockbell","animator:Chris","animator:Mitsuba","animator:MaesHughes","animator:Pride","animator:GazelDwargon"],"relics":["animator:LivingPicture","animator:TheMissingPiece","MerchantsRug","Bird Faced Urn","BargainBundle","hubris:DeckOfHolding","Bottled Flame","Replay:Bottled Snecko"],"acts_visited":["Exordium"],"potions_floor_usage":[8,16,16,16],"damage_taken":[{"damage":0,"enemies":"Cultist","floor":1,"turns":4},{"damage":0,"enemies":"conspire:RoseBush","floor":3,"turns":3},{"damage":12,"enemies":"Replay:BlueRogue","floor":6,"turns":6},{"damage":25,"enemies":"Gremlin Nob","floor":8,"turns":5},{"damage":15,"enemies":"Jaw Worm","floor":11,"turns":3},{"damage":11,"enemies":"Looter","floor":14,"turns":3},{"damage":78,"enemies":"Fading Forest","floor":16,"turns":10}],"seed_played":"1086775237432318712","potions_obtained":[{"floor":8,"key":"Languid Potion"}],"is_trial":false,"path_per_floor":["M","$","M","$","?","E","?","E","T","R","M","R","?","M","R","B"],"character_chosen":"THE_ANIMATOR","items_purchased":["MerchantsRug","BargainBundle","animator:Archer","animator:ShinjiMatou","animator:Sloth","animator:KrulTepes","animator:Azekura","LiquidBronze","Toxic Potion","Energy Potion","animator:MamizouFutatsuiwa","animator:UneriGinkaku","animator:WinryRockbell","animator:Chris"],"campfire_rested":2,"item_purchase_floors":[0,0,0,0,0,0,0,0,0,0,0,2,4,4],"current_hp_per_floor":[43,43,45,45,66,57,57,36,36,36,24,44,61,52,68,0,0],"gold":104,"neow_bonus":"","is_daily":false,"chose_seed":false,"campfire_upgraded":0,"win_rate":0.0,"timestamp":1608087052,"path_taken":["M","$","?","$","?","E","?","E","T","R","M","R","?","M","R","BOSS"],"items_purchased_type":["Relic","Relic","Card","Card","Card","Card","Card","Potion","Potion","Potion","Card","Card","Card","Card"],"build_version":"2020-12-13","purchased_purges":1,"victory":false,"max_hp_per_floor":[66,66,66,66,66,67,67,67,67,67,68,68,68,68,68,68,68],"relic_stats":{"counters":[55,278],"Bird Faced Urn":[16],"obtain_stats":[{"Golden Egg":9,"Vajra":22,"aspiration:Stabinomicon":21,"Ginger":20,"Lizard Tail":8,"hubris:DeckOfHolding":6,"hubris:DeadTorch":7,"Replay:Bottled Flurry":10,"MerchantsRug":36,"ReplayTheSpireMod:CursedCoin":36,"aspiration:Nostalgia":45,"Dead Branch":0,"hubris:FruitBowl":25,"Replay:Kaleidoscope":54,"animator:CerealBox":25,"WarpedTongs":29,"Bottled Flame":8,"Bronze Scales":6,"Bird Faced Urn":0,"ReplayTheSpireMod:TigerMarble":26,"Grinning Jar":43,"Mirror":31,"hubris:Metronome":26,"animator:TheMissingPiece":0,"hubris:SlimyHat":36,"Replay:Mystery Machine":8,"Burning Blood":45,"hubris:EvacipatedBox":25,"aspiration:StickyExplosives_weak":25,"Dream Catcher":42,"hubris:Icosahedron":2,"aspiration:DefectSkillbook":34,"Mummified Hand":0,"WingedGreaves":40,"animator:HallowedScabbard":10,"Replay:Bottled Snecko":9,"animator:VividPicture":17,"BargainBundle":0,"Replay:Towering Pillar of Hats":24,"Thread and Needle":25,"PreservedInsect":23,"Replay:WaspNest":0,"Omamori":19,"hubris:Towel":27,"Replay:Arrowhead":47,"Anchor":30,"Busted Crown":34,"animator:LivingPicture":0,"Garlic":53,"Champion Belt":13,"hubris:CrackedHourglass":17},{"Golden Egg":4,"Vajra":12,"aspiration:Stabinomicon":12,"Ginger":12,"Lizard Tail":32,"hubris:DeckOfHolding":51,"hubris:DeadTorch":31,"Replay:Bottled Flurry":33,"MerchantsRug":18,"ReplayTheSpireMod:CursedCoin":18,"aspiration:Nostalgia":21,"Dead Branch":26,"hubris:FruitBowl":39,"Replay:Kaleidoscope":25,"animator:CerealBox":14,"WarpedTongs":15,"Bottled Flame":52,"Bronze Scales":30,"Bird Faced Urn":48,"ReplayTheSpireMod:TigerMarble":14,"Grinning Jar":47,"Mirror":16,"hubris:Metronome":39,"animator:TheMissingPiece":0,"hubris:SlimyHat":18,"Replay:Mystery Machine":4,"Burning Blood":21,"hubris:EvacipatedBox":39,"aspiration:StickyExplosives_weak":39,"Dream Catcher":20,"hubris:Icosahedron":1,"aspiration:DefectSkillbook":42,"Mummified Hand":26,"WingedGreaves":19,"animator:HallowedScabbard":5,"Replay:Bottled Snecko":52,"animator:VividPicture":9,"BargainBundle":48,"Replay:Towering Pillar of Hats":39,"Thread and Needle":14,"PreservedInsect":13,"Replay:WaspNest":26,"Omamori":37,"hubris:Towel":39,"Replay:Arrowhead":22,"Anchor":40,"Busted Crown":17,"animator:LivingPicture":0,"Garlic":24,"Champion Belt":7,"hubris:CrackedHourglass":36},{"Golden Egg":12,"Vajra":54,"aspiration:Stabinomicon":54,"Ginger":54,"Lizard Tail":168,"hubris:DeckOfHolding":257,"hubris:DeadTorch":159,"Replay:Bottled Flurry":174,"MerchantsRug":87,"ReplayTheSpireMod:CursedCoin":87,"aspiration:Nostalgia":101,"Dead Branch":140,"hubris:FruitBowl":203,"Replay:Kaleidoscope":132,"animator:CerealBox":67,"WarpedTongs":72,"Bottled Flame":262,"Bronze Scales":157,"Bird Faced Urn":244,"ReplayTheSpireMod:TigerMarble":67,"Grinning Jar":241,"Mirror":76,"hubris:Metronome":203,"animator:TheMissingPiece":0,"hubris:SlimyHat":87,"Replay:Mystery Machine":12,"Burning Blood":101,"hubris:EvacipatedBox":203,"aspiration:StickyExplosives_weak":203,"Dream Catcher":98,"hubris:Icosahedron":4,"aspiration:DefectSkillbook":219,"Mummified Hand":140,"WingedGreaves":93,"animator:HallowedScabbard":16,"Replay:Bottled Snecko":262,"animator:VividPicture":36,"BargainBundle":244,"Replay:Towering Pillar of Hats":203,"Thread and Needle":67,"PreservedInsect":62,"Replay:WaspNest":140,"Omamori":193,"hubris:Towel":203,"Replay:Arrowhead":107,"Anchor":208,"Busted Crown":83,"animator:LivingPicture":0,"Garlic":125,"Champion Belt":25,"hubris:CrackedHourglass":189}]},"card_choices":[{"not_picked":["animator:Shuna","animator:Mitsurugi"],"picked":"animator:Alexander","floor":1},{"not_picked":["animator:Emonzaemon","animator:Shion"],"picked":"animator:Shigure","floor":3},{"not_picked":["animator:Benimaru","animator:Azekura"],"picked":"animator:Mitsuba","floor":6},{"not_picked":["animator:WinryRockbell","animator:ElricEdward"],"picked":"animator:MaesHughes","floor":8},{"not_picked":["animator:Vanir","animator:SakuraMatou"],"picked":"animator:Pride","floor":11},{"not_picked":["animator:Shigure","animator:Shion"],"picked":"animator:GazelDwargon","floor":14}],"player_experience":615862,"relics_obtained":[{"floor":6,"key":"hubris:DeckOfHolding"},{"floor":8,"key":"Bottled Flame"},{"floor":9,"key":"Replay:Bottled Snecko"}],"event_choices":[{"damage_healed":22,"gold_gain":0,"player_choice":"Banana","damage_taken":0,"max_hp_gain":0,"max_hp_loss":0,"event_name":"Big Fish","floor":5,"gold_loss":0},{"damage_healed":0,"gold_gain":0,"player_choice":"Leave","damage_taken":0,"max_hp_gain":0,"max_hp_loss":0,"event_name":"conspire:Investor","floor":7,"gold_loss":0},{"damage_healed":17,"gold_gain":0,"player_choice":"Healed","damage_taken":0,"max_hp_gain":0,"max_hp_loss":0,"event_name":"The Cleric","floor":13,"gold_loss":35}],"is_beta":false,"boss_relics":[],"items_purged_floors":[0],"is_endless":false,"potions_floor_spawned":[6,8],"killed_by":"Fading Forest","ascension_level":2}}