{"host":"jm9833yuloeli2yd","time":1608083509,"event":{"mods":["AchievementEnabler","BaseMod","Better Altar","Better Match","Better Note","Better Sensory Stone","Better Skull","Better Vampires","Colored Map","Colored Powertips","DeckTracker","Minty Spire (QoL Compilation)","Permanent Neow","Quick Restart","Replay The Spire","StSLib","SuperFastMode"],"gold_per_floor":[110,137,137,51,63,63,82,47,47,66,94,94,19,38,38,114,114,126,126,145,145,156,156,156,156],"floor_reached":24,"playtime":718,"items_purged":["Strike_B"],"score":542,"play_id":"980dadee-7782-4945-99a1-5e5f2c6b2fcb","local_time":"20201215205149","is_ascension_mode":true,"campfire_choices":[{"floor":6.0,"key":"REST"},{"data":"Zap","floor":12.0,"key":"SMITH"},{"data":"Hologram","floor":15.0,"key":"SMITH"},{"floor":23,"key":"REST"}],"circlet_count":0,"master_deck":["AscendersBane","Strike_B+1","Strike_B+1","Strike_B+1","Defend_B+1","Defend_B+1","Defend_B+1","Defend_B+1","Zap+1","Dualcast","Metamorphosis","Auto Shields","Leap","Doom and Gloom","ReplayTheSpireMod:Calculation Training","Compile Driver","FIFO Queue","Cold Snap","Melter","Cold Snap","Hologram+1","Multi-Cast","Conserve Battery","FIFO Queue+1","Conserve Battery","Darkness"],"relics":["Cracked Core","Prayer Wheel","Symbiotic Virus","Replay:Bottled Steam","Sozu"],"acts_visited":["Exordium","TheCity"],"potions_floor_usage":[],"damage_taken":[{"damage":7.0,"enemies":"Small Slimes","floor":1.0,"turns":3.0},{"damage":1.0,"enemies":"Jaw Worm","floor":5.0,"turns":3.0},{"damage":1.0,"enemies":"Cultist","floor":7.0,"turns":3.0},{"damage":1.0,"enemies":"Looter","floor":10.0,"turns":4.0},{"damage":29.0,"enemies":"3 Sentries","floor":11.0,"turns":8.0},{"damage":0.0,"enemies":"2 Fungi Beasts","floor":14.0,"turns":2.0},{"damage":0.0,"enemies":"Fading Forest","floor":16.0,"turns":13.0},{"damage":32,"enemies":"2 Thieves","floor":18,"turns":5},{"damage":20,"enemies":"3 Byrds","floor":20,"turns":5},{"damage":19,"enemies":"Cultist and Chosen","floor":22,"turns":5},{"damage":25,"enemies":"Slavers","floor":24,"turns":2}],"seed_played":"4198432469546205720","potions_obtained":[{"floor":11.0,"key":"FocusPotion"},{"floor":14.0,"key":"EssenceOfSteel"}],"is_trial":false,"path_per_floor":["M","?","?","$","M","R","M","?","T","M","E","R","$","M","R","B",null,"M","?","M","?","M","R","E"],"character_chosen":"DEFECT","items_purchased":["Doom and Gloom"],"campfire_rested":2,"item_purchase_floors":[4],"current_hp_per_floor":[39,11,11,11,10,31,30,47,47,46,17,17,17,17,17,25,60,28,28,8,22,3,24,0,0],"gold":156,"neow_bonus":"RANDOM_COLORLESS_2","is_daily":false,"chose_seed":false,"campfire_upgraded":2,"win_rate":0.0,"timestamp":1608083509,"path_taken":["M","?","?","?","M","R","?","?","T","M","E","R","$","M","R","BOSS","M","?","M","?","M","R","E"],"items_purchased_type":["Card"],"build_version":"2020-12-13","purchased_purges":1,"victory":false,"max_hp_per_floor":[71,71,71,71,71,71,71,71,71,71,71,71,71,71,71,71,71,71,71,71,71,71,71,71,71],"card_choices":[{"not_picked":["Mayhem","Crow Ritual"],"picked":"Metamorphosis","floor":0.0},{"not_picked":["Cold Snap","Coolheaded"],"picked":"Auto Shields","floor":1.0},{"not_picked":["ReplaySolidLightProjector","Panic Button"],"picked":"Leap","floor":2.0},{"not_picked":["Force Field","Gash"],"picked":"ReplayTheSpireMod:Calculation Training","floor":5.0},{"not_picked":["Crystallizer","Redo"],"picked":"Compile Driver","floor":5.0},{"not_picked":["Chill","Undo","Streamline"],"picked":"SKIP","floor":7.0},{"not_picked":["Hologram","Turbo","Gash"],"picked":"SKIP","floor":7.0},{"not_picked":["Chill","Undo","Streamline"],"picked":"SKIP","floor":7.0},{"not_picked":["Hologram","Turbo","Gash"],"picked":"SKIP","floor":7.0},{"not_picked":["Rebound","Streamline"],"picked":"FIFO Queue","floor":10.0},{"not_picked":["Fission","Darkness"],"picked":"Cold Snap","floor":10.0},{"not_picked":["BasicCrystalCard","Melter","Hello World"],"picked":"SKIP","floor":11.0},{"not_picked":["BasicCrystalCard","Hello World"],"picked":"Melter","floor":11.0},{"not_picked":["Steam Power","BootSequence"],"picked":"Cold Snap","floor":14.0},{"not_picked":["BootSequence","Rip and Tear"],"picked":"Hologram","floor":14.0},{"not_picked":["Hyperbeam","Seek"],"picked":"Multi-Cast","floor":16.0},{"not_picked":["Compile Driver","Scrape"],"picked":"Conserve Battery","floor":18},{"not_picked":["Panic Button","Steam"],"picked":"FIFO Queue+1","floor":18},{"not_picked":["FTL","Rip and Tear"],"picked":"Conserve Battery","floor":20},{"not_picked":["ReplayTheSpireMod:Repulse","Hello World","Panic Button"],"picked":"SKIP","floor":20},{"not_picked":["Beam Cell","Gash"],"picked":"Darkness","floor":22},{"not_picked":["Cold Snap","Streamline","BasicCrystalCard"],"picked":"SKIP","floor":22}],"player_experience":1097501,"relics_obtained":[{"floor":2.0,"key":"Prayer Wheel"},{"floor":9.0,"key":"Symbiotic Virus"},{"floor":11.0,"key":"Replay:Bottled Steam"}],"event_choices":[{"damage_healed":17.0,"max_hp_gain":0.0,"max_hp_loss":0.0,"gold_gain":0.0,"event_name":"The Cleric","player_choice":"Healed","floor":8.0,"gold_loss":35.0,"damage_taken":0.0},{"damage_healed":0,"gold_gain":0,"player_choice":"Simplicity","damage_taken":0,"max_hp_gain":0,"max_hp_loss":0,"event_name":"Back to Basics","floor":19,"gold_loss":0,"cards_upgraded":["Strike_B","Strike_B","Strike_B","Defend_B","Defend_B","Defend_B","Defend_B"]},{"damage_healed":14,"gold_gain":0,"player_choice":"Heal","damage_taken":0,"max_hp_gain":0,"max_hp_loss":0,"event_name":"The Library","floor":21,"gold_loss":0}],"is_beta":false,"boss_relics":[{"not_picked":["Fusion Hammer","Calling Bell"],"picked":"Sozu"}],"items_purged_floors":[13],"is_endless":false,"potions_floor_spawned":[11,14,20],"killed_by":"Slavers","ascension_level":20}}