{"host":"6bsan6hkua32tfq7","time":1608110639,"event":{"mods":["BaseMod","Better Third Choice","Colored Map","Highlight Path","Minty Spire (QoL Compilation)","StSLib"],"gold_per_floor":[119,132,143,162,162,162,185,107,131,174,8,8,22,41,41,41,41],"floor_reached":16,"playtime":410,"items_purged":[],"score":208,"play_id":"9d22b994-ef5b-4807-a4e0-1cb9ef54827c","local_time":"20201216102359","is_ascension_mode":true,"campfire_choices":[{"data":"Crippling Poison","floor":6.0,"key":"SMITH"},{"floor":12.0,"key":"REST"},{"data":"Well Laid Plans","floor":15,"key":"SMITH"}],"circlet_count":0,"master_deck":["AscendersBane","Strike_G","Strike_G","Strike_G","Strike_G","Strike_G","Defend_G","Defend_G","Defend_G","Defend_G","Defend_G","Survivor","Neutralize","Blade Dance","Crippling Poison+1","Flying Knee","Dash","Crippling Poison","Well Laid Plans+1","Dagger Throw","Bouncing Flask"],"relics":["SlaversCollar","Golden Idol","Happy Flower","Bag of Preparation","Strawberry","PreservedInsect"],"acts_visited":["Exordium"],"potions_floor_usage":[],"damage_taken":[{"damage":7.0,"enemies":"Cultist","floor":1.0,"turns":6.0},{"damage":2.0,"enemies":"2 Louse","floor":2.0,"turns":3.0},{"damage":6.0,"enemies":"Small Slimes","floor":3.0,"turns":4.0},{"damage":4.0,"enemies":"Exordium Wildlife","floor":4.0,"turns":5.0},{"damage":19.0,"enemies":"Exordium Thugs","floor":7.0,"turns":4.0},{"damage":14.0,"enemies":"Gremlin Nob","floor":10.0,"turns":4.0},{"damage":5,"enemies":"Large Slime","floor":13,"turns":6},{"damage":4,"enemies":"2 Fungi Beasts","floor":14,"turns":3},{"damage":27,"enemies":"Slime Boss","floor":16,"turns":6}],"seed_played":"-2235299724949535642","potions_obtained":[{"floor":1.0,"key":"CunningPotion"},{"floor":4.0,"key":"SteroidPotion"},{"floor":7.0,"key":"LiquidMemories"}],"is_trial":false,"path_per_floor":["M","M","M","M","?","R","M","?","T","E","$","R","M","M","R","B"],"character_chosen":"THE_SILENT","items_purchased":["PreservedInsect"],"campfire_rested":1,"item_purchase_floors":[11],"current_hp_per_floor":[52,50,44,40,40,40,21,21,21,14,14,34,29,25,25,0,0],"gold":41,"neow_bonus":"BOSS_RELIC","is_daily":false,"chose_seed":false,"campfire_upgraded":2,"win_rate":0.0,"timestamp":1608110639,"path_taken":["M","M","?","M","?","R","M","?","T","E","$","R","?","M","R","BOSS"],"items_purchased_type":["Relic"],"build_version":"2020-12-13","purchased_purges":0,"victory":false,"max_hp_per_floor":[66,66,66,66,60,60,60,60,60,67,67,67,67,67,67,67,67],"card_choices":[{"not_picked":["Quick Slash","Dagger Throw"],"picked":"Blade Dance","floor":1.0},{"not_picked":["Outmaneuver","Endless Agony"],"picked":"Crippling Poison","floor":2.0},{"not_picked":["Flechettes","Poisoned Stab"],"picked":"Flying Knee","floor":3.0},{"not_picked":["Slice","Underhanded Strike"],"picked":"Dash","floor":4.0},{"not_picked":["Poisoned Stab","Underhanded Strike"],"picked":"Crippling Poison","floor":7.0},{"not_picked":["Dagger Spray","All Out Attack"],"picked":"Well Laid Plans","floor":10.0},{"not_picked":["Skewer","Deflect"],"picked":"Dagger Throw","floor":13},{"not_picked":["Grand Finale","Deflect"],"picked":"Bouncing Flask","floor":14}],"player_experience":5179100,"relics_obtained":[{"floor":9.0,"key":"Bag of Preparation"},{"floor":10.0,"key":"Strawberry"}],"event_choices":[{"damage_healed":0.0,"max_hp_gain":0.0,"max_hp_loss":6.0,"gold_gain":0.0,"event_name":"Golden Idol","player_choice":"Lose Max HP","floor":5.0,"gold_loss":0.0,"damage_taken":0.0,"relics_obtained":["Golden Idol"]},{"damage_healed":0.0,"max_hp_gain":0.0,"max_hp_loss":0.0,"gold_gain":0.0,"event_name":"WeMeetAgain","player_choice":"Paid Gold","floor":8.0,"gold_loss":78.0,"damage_taken":0.0,"relics_obtained":["Happy Flower"]}],"is_beta":false,"boss_relics":[],"items_purged_floors":[],"is_endless":false,"potions_floor_spawned":[1,4,7],"killed_by":"Slime Boss","ascension_level":20}}