{"host":"wxm9nhpxzwflah6x","time":1608143540,"event":{"mods":["2.2 Compatiblity","AchievementEnabler","BaseMod","Bestiary","Better Third Choice","Curses Come First","Minty Spire (QoL Compilation)","Quick Restart","Rare Cards Sparkle","Replay The Spire","StSLib","TheHero"],"gold_per_floor":[109,109,124,124,138,138,168,168,194,194,211,242,259,105,105,200,200,213,226,242,242,242,242],"floor_reached":22,"playtime":614,"items_purged":[],"score":246,"play_id":"eb0a81fd-c1ce-4a91-b80a-a13f45fc2668","local_time":"20201216103220","is_ascension_mode":false,"campfire_choices":[{"data":"animeID:Iida","floor":6.0,"key":"SMITH"},{"data":"animeID:Shigaraki","floor":8.0,"key":"SMITH"},{"data":"animeID:Bakugo","floor":10.0,"key":"SMITH"},{"floor":15.0,"key":"REST"}],"circlet_count":0,"master_deck":["animeID:Deku+1","animeID:Bakugo+1","animeID:Smash+1","animeID:Smash+1","animeID:Smash+1","animeID:Smash+1","animeID:DefendMH+1","animeID:DefendMH+1","animeID:DefendMH+1","animeID:DefendMH+1","animeID:Tamaki","animeID:Iida+1","animeID:Ojiro","animeID:Shigaraki+1","animeID:Rappa","animeID:FatGum","animeID:PresentMic","animeID:Uraraka+1","animeID:Rei+1"],"relics":["animeID:HeroCostume","NeowsBlessing","Bronze Scales","Blood Vial","Replay:Wax Seal","Membership Card","Philosopher\u0027s Stone"],"acts_visited":["Exordium","TheCity"],"potions_floor_usage":[],"damage_taken":[{"damage":0.0,"enemies":"Jaw Worm","floor":1.0,"turns":1.0},{"damage":0.0,"enemies":"2 Louse","floor":3.0,"turns":1.0},{"damage":0.0,"enemies":"Cultist","floor":5.0,"turns":1.0},{"damage":0.0,"enemies":"3 Sentries","floor":7.0,"turns":3.0},{"damage":8.0,"enemies":"Lots of Slimes","floor":11.0,"turns":2.0},{"damage":14.0,"enemies":"Gremlin Nob","floor":12.0,"turns":3.0},{"damage":17.0,"enemies":"Gremlin Gang","floor":13.0,"turns":2.0},{"damage":48.0,"enemies":"The Guardian","floor":16.0,"turns":7.0},{"damage":29.0,"enemies":"2 Thieves","floor":18.0,"turns":3.0},{"damage":7,"enemies":"Chosen","floor":19,"turns":4},{"damage":39,"enemies":"Snake Plant","floor":20,"turns":4},{"damage":27,"enemies":"3 Cultists","floor":22,"turns":3}],"seed_played":"-1336591693252119859","potions_obtained":[{"floor":1.0,"key":"Elixir"},{"floor":5.0,"key":"Cursed Concoction"},{"floor":16.0,"key":"Swift Potion"},{"floor":20,"key":"Venom Potion"}],"is_trial":false,"path_per_floor":["M","?","M","?","M","R","E","R","T","R","M","E","M","$","R","B",null,"M","M","M","?","M"],"character_chosen":"THE_HERO","items_purchased":["Membership Card"],"campfire_rested":1,"item_purchase_floors":[14],"current_hp_per_floor":[75,75,75,75,75,75,75,75,75,75,67,57,42,42,64,27,75,46,49,14,14,0,0],"gold":242,"neow_bonus":"THREE_ENEMY_KILL","is_daily":false,"chose_seed":false,"campfire_upgraded":3,"win_rate":0.0,"timestamp":1608143540,"path_taken":["M","?","M","?","?","R","E","R","T","R","M","E","M","?","R","BOSS","M","?","?","?","M"],"items_purchased_type":["Relic"],"build_version":"2020-12-13","purchased_purges":0,"victory":false,"max_hp_per_floor":[75,75,75,75,75,75,75,75,75,75,75,75,75,75,75,75,75,75,75,75,75,75,75],"card_choices":[{"not_picked":["animeID:Tsuyu","animeID:SkinnyGum"],"picked":"animeID:Tamaki","floor":1.0},{"not_picked":["animeID:Bakugo","animeID:TodorokiShoto"],"picked":"animeID:Iida","floor":3.0},{"not_picked":["animeID:Mezo","animeID:Bakugo"],"picked":"animeID:Ojiro","floor":5.0},{"not_picked":["animeID:Tomura","animeID:TodorokiShoto"],"picked":"animeID:Shigaraki","floor":7.0},{"not_picked":["animeID:Ojiro","animeID:Stain"],"picked":"animeID:Rappa","floor":11.0},{"not_picked":["animeID:DetroitSmash","animeID:Kirishima","animeID:Nomu"],"picked":"SKIP","floor":12.0},{"not_picked":["animeID:Kirishima","animeID:Mezo"],"picked":"animeID:FatGum","floor":13.0},{"not_picked":["animeID:ProminenceBurn","animeID:MirioTogata"],"picked":"animeID:PresentMic","floor":16.0},{"not_picked":["animeID:Ojiro","animeID:DetroitSmash"],"picked":"animeID:Uraraka+1","floor":18.0},{"not_picked":["animeID:Kaminari","animeID:DetroitDelaware","animeID:Aoyama"],"picked":"SKIP","floor":19},{"not_picked":["animeID:Mezo","animeID:DetroitDelaware"],"picked":"animeID:Rei+1","floor":20}],"player_experience":216952,"relics_obtained":[{"floor":7.0,"key":"Bronze Scales"},{"floor":9.0,"key":"Blood Vial"},{"floor":12.0,"key":"Replay:Wax Seal"}],"event_choices":[{"damage_healed":0.0,"max_hp_gain":0.0,"max_hp_loss":0.0,"gold_gain":0.0,"event_name":"betterThird:BetterScrap","player_choice":"LEAVE","floor":2.0,"gold_loss":0.0,"damage_taken":0.0,"cards_obtained":["Ghostly Armor"]},{"damage_healed":0.0,"max_hp_gain":0.0,"max_hp_loss":0.0,"gold_gain":0.0,"event_name":"Accursed Blacksmith","player_choice":"Forge","floor":4.0,"gold_loss":0.0,"damage_taken":0.0,"cards_upgraded":["animeID:Deku"]},{"damage_healed":0,"gold_gain":0,"player_choice":"Simplicity","damage_taken":0,"max_hp_gain":0,"max_hp_loss":8,"event_name":"betterThird:BetterWriting","floor":21,"gold_loss":0}],"is_beta":false,"boss_relics":[{"not_picked":["Tiny House","Fusion Hammer"],"picked":"Philosopher\u0027s Stone"}],"items_purged_floors":[],"is_endless":false,"potions_floor_spawned":[1,5,16,20],"killed_by":"3 Cultists","ascension_level":0}}