{"host":"a7kkotolxcg5vljr","time":1608145222,"event":{"mods":["2.2 Compatiblity","AchievementEnabler","Act Like it!","BaseMod","Better Altar","Better Skull","Better Third Choice","Colored Map","Colored Powertips","Downfall","Hermit","Highlight Path","Marisa????????","Minty Spire (QoL Compilation)","Quick Restart","Rare Cards Sparkle","Replay The Spire","Spicy Shops","StSLib","The Cursed","The Disciple","The Servant 0.9.4"],"gold_per_floor":[109,109,128,151,177,258,258,286,333,355,396,415,457,488,488,611,661,685,685,685,685,754,754],"floor_reached":22,"playtime":582,"items_purged":[],"score":198,"play_id":"a33db4d7-36e4-4149-987f-1c96786d893c","local_time":"20201216140022","is_ascension_mode":false,"campfire_choices":[{"floor":7,"key":"RECALL"},{"floor":15,"key":"REST"}],"circlet_count":0,"master_deck":["Strike_R","Strike_R","Strike_R","Strike_R","Strike_R","Defend_R","Defend_R","Defend_R","Defend_R+1","Bash","Clothesline","Twin Strike","Combust+1","ReplayTheSpireMod:Muscle Training","Hemogenesis","Pommel Strike+1","Rupture","Pommel Strike+1","Replay:Undeath\u0027s Touch+1","Feed+1","Replay:Undeath\u0027s Touch+1","Thunderclap+1","ReplayTheSpireMod:Muscle Training","Pain"],"relics":["Burning Blood","NeowsBlessing","Replay:Bandana","Replay:Bottled Eggs","Molten Egg 2","ReplayTheSpireMod:TigerMarble","Tiny House","ReplayTheSpireMod:Ring of Challenge","Ring of Hypnosis","WarpedTongs"],"acts_visited":["Exordium","TheCity"],"potions_floor_usage":[11,13,14,16,22,22],"damage_taken":[{"damage":0,"enemies":"Small Slimes","floor":1,"turns":1},{"damage":0,"enemies":"Cultist","floor":3,"turns":1},{"damage":0,"enemies":"2 Louse","floor":4,"turns":1},{"damage":12,"enemies":"2 Fungi Beasts","floor":5,"turns":4},{"damage":16,"enemies":"Gremlin Gang","floor":8,"turns":2},{"damage":18,"enemies":"Exordium Wildlife","floor":10,"turns":5},{"damage":10,"enemies":"Gremlin Nob","floor":11,"turns":4},{"damage":12,"enemies":"Red Slaver","floor":12,"turns":3},{"damage":13,"enemies":"3 Sentries","floor":13,"turns":4},{"damage":13,"enemies":"Exordium Thugs","floor":14,"turns":2},{"damage":47,"enemies":"The Guardian","floor":16,"turns":8},{"damage":0,"enemies":"Spheric Guardian","floor":18,"turns":1},{"damage":90,"enemies":"3 Byrds","floor":22,"turns":5}],"seed_played":"-2804839050764018576","potions_obtained":[{"floor":3,"key":"HeartOfIron"},{"floor":10,"key":"Explosive Potion"},{"floor":12,"key":"Weak Potion"},{"floor":14,"key":"Fruit Juice"},{"floor":16,"key":"LiquidBronze"},{"floor":17,"key":"EssenceOfSteel"}],"is_trial":false,"path_per_floor":["M","?","M","M","M","T","R","M","T","M","E","M","E","M","R","B",null,"M","?","?","?","M"],"character_chosen":"IRONCLAD","items_purchased":[],"campfire_rested":1,"item_purchase_floors":[],"current_hp_per_floor":[80,80,80,80,74,74,74,64,64,52,55,49,42,45,70,38,90,90,90,90,90,0,0],"gold":754,"neow_bonus":"THREE_ENEMY_KILL","is_daily":false,"chose_seed":false,"campfire_upgraded":0,"win_rate":0.0,"timestamp":1608145222,"path_taken":["M","?","?","?","M","?","R","M","T","M","E","M","E","M","R","BOSS","M","?","?","?","?"],"items_purchased_type":[],"build_version":"2020-12-13","purchased_purges":0,"victory":false,"max_hp_per_floor":[80,80,80,80,80,80,80,80,80,80,80,80,80,85,85,85,90,90,90,90,90,90,90],"card_choices":[{"not_picked":["Replay:Undeath\u0027s Touch","Flex"],"picked":"Armaments","floor":1},{"not_picked":["Feel No Pain","Massacre"],"picked":"Clothesline","floor":3},{"not_picked":["Clothesline","Run Through"],"picked":"Twin Strike","floor":4},{"not_picked":["Blood for Blood","Second Wind"],"picked":"Combust","floor":5},{"not_picked":["Wild Strike","Thunderclap"],"picked":"ReplayTheSpireMod:Muscle Training","floor":8},{"not_picked":["Dual Wield","Reckless Charge"],"picked":"Hemogenesis","floor":10},{"not_picked":["Armaments","True Grit"],"picked":"Pommel Strike+1","floor":11},{"not_picked":["ReplayTheSpireMod:Strike From Hell+1","Twin Strike+1"],"picked":"Rupture","floor":12},{"not_picked":["Shrug It Off","Havoc"],"picked":"Pommel Strike+1","floor":13},{"not_picked":["Anger+1","Pommel Strike+1"],"picked":"Replay:Undeath\u0027s Touch+1","floor":14},{"not_picked":["Fiend Fire+1","Demonic Infusion"],"picked":"Feed+1","floor":16},{"not_picked":["ReplayTheSpireMod:Stacked","Headbutt+1"],"picked":"Replay:Undeath\u0027s Touch+1","floor":17},{"not_picked":["Entrench","Clothesline+1"],"picked":"Thunderclap+1","floor":18}],"player_experience":325549,"relics_obtained":[{"floor":6,"key":"Replay:Bottled Eggs"},{"floor":11,"key":"Molten Egg 2"},{"floor":13,"key":"ReplayTheSpireMod:TigerMarble"},{"floor":19,"key":"ReplayTheSpireMod:Ring of Challenge"},{"floor":19,"key":"Ring of Hypnosis"}],"event_choices":[{"cards_removed":["Armaments"],"damage_healed":0,"gold_gain":0,"player_choice":"Gave Card","damage_taken":0,"relics_obtained":["Replay:Bandana"],"max_hp_gain":0,"max_hp_loss":0,"event_name":"WeMeetAgain","floor":2,"gold_loss":0},{"damage_healed":0,"gold_gain":0,"player_choice":"Read","damage_taken":0,"max_hp_gain":0,"max_hp_loss":0,"event_name":"The Library","floor":20,"gold_loss":0,"cards_obtained":["ReplayTheSpireMod:Muscle Training"]},{"damage_healed":0,"gold_gain":0,"player_choice":"Rummage","damage_taken":0,"relics_obtained":["WarpedTongs"],"max_hp_gain":0,"max_hp_loss":0,"event_name":"Accursed Blacksmith","floor":21,"gold_loss":0,"cards_obtained":["Pain"]}],"is_beta":false,"boss_relics":[{"not_picked":["Empty Cage","Painkiller Herb"],"picked":"Tiny House"}],"items_purged_floors":[],"is_endless":false,"potions_floor_spawned":[3,10,12,14,16],"killed_by":"3 Byrds","ascension_level":0}}