{"host":"8ipjylpxrvyj8jzh","time":1608146975,"event":{"mods":["AchievementEnabler","Aspiration","BaseMod","Better Match","Better Third Choice","BetterRewards","Card Forge","Colored Map","Displayed Cursed Tome","Energized Spire","Halation","Hubris","Infinite Spire","Minty Spire (QoL Compilation)","Quick Restart","Replay The Spire","Shop Mod","Spicy Shops","StSLib","The Animator","Treasure Hunter"],"gold_per_floor":[146,169,169,169,198,251,251,251,300,359,398,398,478,543,543,717,717,741,666,626,626,116,164,202,250,250,297,297,302,302],"floor_reached":29,"playtime":1831,"items_purged":["Looming Evil"],"score":438,"play_id":"14c61fe0-00e5-4787-ae37-7d8a47c2b0fa","local_time":"20201216122935","is_ascension_mode":true,"campfire_choices":[{"data":"SashWhip","floor":7,"key":"SMITH"},{"floor":12,"key":"REST"},{"floor":15,"key":"REST"}],"circlet_count":0,"master_deck":["Eruption+1","Vigilance+1","EmptyFist+1","EmptyBody+1","SashWhip+1","TH:EnergyPotion+1","FollowUp+1","TH:CopperCoins+1","Prostrate+1","TH:TreasureMap+1","DevaForm+1","Replay:BluntJabs+1"],"relics":["PureWater","Hammer of Thor","Seething Fire","Anvil of the Gods","Juzu Bracelet","infinitespire:EvilPickle","Membership Card","The Courier","Golden Idol","Golden Egg","GoldenEye","Pocketwatch","hubris:Reverence","Dream Catcher","halation:MonkeysPaw","halation:Toothbrush","hubris:TenFootPole","MealTicket","Bag of Preparation","infinitespire:CheckeredPen","Pen Nib","Quantum Egg","ReplayTheSpireMod:CursedCoin","halation:Thesaurus","energizedSpire:SpiderWeb","Turnip","Strawberry","Replay:PocketPolymizer","Replay:Wax Seal","infinitespire:Satchel","Replay:Bottled Snecko","halation:EternalFortune"],"acts_visited":["Exordium","TheCity"],"potions_floor_usage":[6,10,10,16,24,29],"damage_taken":[{"damage":0,"enemies":"2 Louse","floor":1,"turns":3},{"damage":0,"enemies":"Jaw Worm","floor":2,"turns":3},{"damage":1,"enemies":"Gremlin Nob","floor":6,"turns":3},{"damage":8,"enemies":"3 Sentries","floor":10,"turns":4},{"damage":0,"enemies":"Small Slimes","floor":11,"turns":1},{"damage":17,"enemies":"Lagavulin","floor":14,"turns":4},{"damage":70,"enemies":"Fading Forest","floor":16,"turns":11},{"damage":31,"enemies":"2 Thieves","floor":18,"turns":5},{"damage":0,"enemies":"Book of Stabbing","floor":23,"turns":1},{"damage":25,"enemies":"Spheric Guardian","floor":24,"turns":4},{"damage":13,"enemies":"Centurion and Healer","floor":27,"turns":7},{"damage":24,"enemies":"Cultist and Chosen","floor":29,"turns":3}],"seed_played":"8440298152582583591","potions_obtained":[{"floor":1,"key":"Explosive Potion"},{"floor":2,"key":"Adrenaline Potion"},{"floor":6,"key":"Energy Potion"},{"floor":14,"key":"Weak Potion"},{"floor":20,"key":"StancePotion"},{"floor":20,"key":"StancePotion"},{"floor":20,"key":"LiquidBronze"},{"floor":23,"key":"ColorlessPotion"}],"is_trial":false,"path_per_floor":["M","M","?","?","?","E","R","?","T","E","M","R","T","E","R","B",null,"M","?","?","?","$","E","M","T","T","M","?","M"],"character_chosen":"WATCHER","items_purchased":["MealTicket","Bag of Preparation","infinitespire:CheckeredPen","Pen Nib","Quantum Egg","ReplayTheSpireMod:CursedCoin","halation:Thesaurus","Turnip","Strawberry","Replay:PocketPolymizer"],"campfire_rested":2,"item_purchase_floors":[22,22,22,22,22,22,22,22,22,22],"current_hp_per_floor":[72,72,72,72,44,43,43,43,43,35,35,56,56,45,68,8,78,47,50,50,41,51,54,29,29,29,16,19,0,0],"gold":302,"neow_bonus":"RANDOM_COLORLESS_2","is_daily":false,"chose_seed":false,"campfire_upgraded":1,"win_rate":0.0,"timestamp":1608146975,"path_taken":["M","M","?","?","?","E","R","?","T","E","M","R","?","E","R","BOSS","M","?","?","?","$","E","M","?","T","M","?","M"],"items_purchased_type":["Relic","Relic","Relic","Relic","Relic","Relic","Relic","Relic","Relic","Relic"],"build_version":"2020-12-13","purchased_purges":1,"victory":false,"max_hp_per_floor":[72,72,72,72,72,72,72,72,72,72,72,72,72,78,78,78,78,78,81,81,81,91,94,94,94,94,94,97,97,97],"card_choices":[{"not_picked":["TH:CopperCoins","TH:DeckOfManyThings"],"picked":"Secret Weapon","floor":0},{"not_picked":["ThirdEye","FlurryOfBlows"],"picked":"EmptyFist","floor":1},{"not_picked":["Meditate","ThirdEye"],"picked":"EmptyBody","floor":2},{"not_picked":["EmptyBody","FlurryOfBlows"],"picked":"SashWhip","floor":5},{"not_picked":["TH:PixieDust"],"picked":"TH:EnergyPotion","floor":6},{"not_picked":["ForeignInfluence","ClearTheMind"],"picked":"Replay:LoomingThreat","floor":6},{"not_picked":["TH:DeckOfManyThings"],"picked":"TH:BikiniMail","floor":9},{"not_picked":["Wireheading","ClearTheMind"],"picked":"FollowUp","floor":10},{"not_picked":["TH:DeckOfManyThings","TH:PixieDust"],"picked":"SKIP","floor":10},{"not_picked":["TH:DeckOfManyThings","TH:PixieDust"],"picked":"SKIP","floor":10},{"not_picked":["JustLucky","Replay:ManipulateFuture","Crescendo"],"picked":"SKIP","floor":11},{"not_picked":["TH:CopperCoins"],"picked":"TH:EnergyPotion","floor":13},{"not_picked":["TH:Mimic"],"picked":"TH:CopperCoins","floor":14},{"not_picked":["WheelKick","DeusExMachina"],"picked":"Prostrate","floor":14},{"not_picked":["TH:ElvenBoots"],"picked":"TH:TreasureMap","floor":16},{"not_picked":["Vault","Blasphemy"],"picked":"DevaForm","floor":16},{"not_picked":["WheelKick","FearNoEvil"],"picked":"Replay:BluntJabs","floor":18},{"not_picked":["infinitespire:Fortify","infinitespire:Punishment"],"picked":"infinitespire:SealOfDarkness+","floor":21},{"not_picked":["TH:Mimic","TH:CursedSword"],"picked":"SKIP","floor":23},{"not_picked":["Replay:Cycle","ClearTheMind","WheelKick"],"picked":"SKIP","floor":23},{"not_picked":["Prostrate","ConjureBlade","CutThroughFate+1"],"picked":"SKIP","floor":24},{"not_picked":["Prostrate","ConjureBlade","CutThroughFate+1"],"picked":"SKIP","floor":24},{"not_picked":["TH:ElvenBoots","TH:TreasureMap"],"picked":"SKIP","floor":25},{"not_picked":["TH:ElvenBoots","TH:DeckOfManyThings"],"picked":"SKIP","floor":26},{"not_picked":["EmptyFist","ConjureBlade","EmptyBody"],"picked":"SKIP","floor":27}],"player_experience":269314,"relics_obtained":[{"floor":3,"key":"GoldenEye"},{"floor":5,"key":"Pocketwatch"},{"floor":6,"key":"hubris:Reverence"},{"floor":10,"key":"Dream Catcher"},{"floor":13,"key":"halation:Toothbrush"},{"floor":14,"key":"hubris:TenFootPole"},{"floor":23,"key":"Replay:Wax Seal"},{"floor":25,"key":"infinitespire:Satchel"},{"floor":26,"key":"Replay:Bottled Snecko"}],"event_choices":[{"damage_healed":72,"gold_gain":0,"player_choice":"Embrace Burn","damage_taken":0,"max_hp_gain":0,"max_hp_loss":72,"event_name":"betterThird:BetterShining","floor":4,"gold_loss":0},{"cards_removed":["TH:EnergyPotion"],"damage_healed":0,"gold_gain":0,"player_choice":"Gave Gold","damage_taken":0,"max_hp_gain":0,"max_hp_loss":0,"event_name":"Beggar","floor":19,"gold_loss":75},{"damage_healed":0,"gold_gain":0,"player_choice":"Bought 3 Potions","damage_taken":0,"max_hp_gain":0,"max_hp_loss":0,"event_name":"The Woman in Blue","floor":20,"gold_loss":0}],"is_beta":false,"boss_relics":[{"not_picked":["halation:MonkeysPaw","infinitespire:Cupcake"],"picked":"hubris:RunicObelisk"}],"items_purged_floors":[22],"is_endless":false,"potions_floor_spawned":[1,2,6,14,23],"killed_by":"Cultist and Chosen","ascension_level":4}}