{"host":"iptgt7xajlx4idp5","time":1608091305,"event":{"mods":["BaseMod","Bestiary","Colored Map","Minty Spire (QoL Compilation)","Rare Cards Sparkle","Slay-I"],"gold_per_floor":[118,193,213,232,232,232,258,258,258,278,297,297,297,336,336,336,336],"floor_reached":16,"playtime":622,"items_purged":[],"score":110,"play_id":"a74822e4-f91e-4fcc-ab2f-eef96aadc485","local_time":"20201215210145","is_ascension_mode":false,"campfire_choices":[{"data":"Shrug It Off","floor":6,"key":"SMITH"},{"floor":8,"key":"REST"},{"data":"Bloodletting","floor":13,"key":"SMITH"},{"data":"Anger","floor":15,"key":"SMITH"}],"circlet_count":0,"master_deck":["Strike_R","Strike_R","Strike_R","Strike_R","Strike_R","Defend_R","Defend_R","Defend_R","Defend_R","Bash","Shrug It Off+1","Bloodletting+1","Anger+1","Shrug It Off","Metallicize"],"relics":["Burning Blood","NeowsBlessing","Letter Opener","Blue Candle","Golden Idol","Bag of Marbles"],"acts_visited":["Exordium"],"potions_floor_usage":[7,11,16],"damage_taken":[{"damage":0,"enemies":"Small Slimes","floor":1,"turns":1},{"damage":0,"enemies":"2 Louse","floor":3,"turns":1},{"damage":0,"enemies":"Jaw Worm","floor":4,"turns":1},{"damage":41,"enemies":"Gremlin Nob","floor":7,"turns":5},{"damage":11,"enemies":"Blue Slaver","floor":10,"turns":5},{"damage":0,"enemies":"Lots of Slimes","floor":11,"turns":3},{"damage":31,"enemies":"Lagavulin","floor":14,"turns":10},{"damage":52,"enemies":"The Guardian","floor":16,"turns":10}],"seed_played":"-176963492431567057","potions_obtained":[{"floor":1,"key":"FearPotion"},{"floor":4,"key":"SpeedPotion"},{"floor":10,"key":"AttackPotion"},{"floor":14,"key":"Swift Potion"}],"is_trial":false,"path_per_floor":["M","?","M","M","?","R","E","R","T","M","M","?","R","E","R","B"],"character_chosen":"IRONCLAD","items_purchased":[],"campfire_rested":1,"item_purchase_floors":[],"current_hp_per_floor":[80,69,75,80,85,85,50,75,75,70,76,76,76,51,51,0,0],"gold":336,"neow_bonus":"THREE_ENEMY_KILL","is_daily":false,"chose_seed":false,"campfire_upgraded":3,"win_rate":0.0,"timestamp":1608091305,"path_taken":["M","?","M","M","?","R","E","R","T","M","M","?","R","E","R","BOSS"],"items_purchased_type":[],"build_version":"2020-12-13","purchased_purges":0,"victory":false,"max_hp_per_floor":[80,80,80,80,85,85,85,85,85,85,85,79,79,79,79,79,79],"card_choices":[{"not_picked":["Blood for Blood","Whirlwind","Sword Boomerang"],"picked":"SKIP","floor":1},{"not_picked":["Clash","Dual Wield","Perfected Strike"],"picked":"SKIP","floor":3},{"not_picked":["Intimidate","Armaments"],"picked":"Shrug It Off","floor":4},{"not_picked":["Twin Strike","Intimidate"],"picked":"Bloodletting","floor":7},{"not_picked":["Double Tap","Warcry"],"picked":"Anger","floor":10},{"not_picked":["Armaments","Iron Wave"],"picked":"Shrug It Off","floor":11},{"not_picked":["Infernal Blade","Double Tap"],"picked":"Metallicize","floor":14}],"player_experience":477784,"relics_obtained":[{"floor":7,"key":"Letter Opener"},{"floor":9,"key":"Blue Candle"},{"floor":14,"key":"Bag of Marbles"}],"event_choices":[{"damage_healed":0,"gold_gain":75,"player_choice":"Gather Gold","damage_taken":11,"max_hp_gain":0,"max_hp_loss":0,"event_name":"World of Goop","floor":2,"gold_loss":0},{"damage_healed":0,"gold_gain":0,"player_choice":"Donut","damage_taken":0,"max_hp_gain":5,"max_hp_loss":0,"event_name":"Big Fish","floor":5,"gold_loss":0},{"damage_healed":0,"gold_gain":0,"player_choice":"Lose Max HP","damage_taken":0,"relics_obtained":["Golden Idol"],"max_hp_gain":0,"max_hp_loss":6,"event_name":"Golden Idol","floor":12,"gold_loss":0}],"is_beta":false,"boss_relics":[],"items_purged_floors":[],"is_endless":false,"potions_floor_spawned":[1,4,10,14],"killed_by":"The Guardian","ascension_level":0}}