{"host":"3o6vp6vwg41o825i","time":1608135269,"event":{"mods":["AchievementEnabler","Act Like it!","Aspiration","BaseMod","Better Altar","Better Match","Better Note","Better Sensory Stone","Better Skull","Better Third Choice","BetterRewards","CCEM","Clawfect","Colored Map","Conspire","GifTheSpireLib","Halation","Hallownest","Highlight Path","Hubris","Infinite Spire","Jorbs\u0027s Wanderer Trilogy","Mimic Mod","Minty Spire (QoL Compilation)","Replay The Spire","Shop Mod","StSLib","Stuff the Spire","The Bug Knight","The Cursed","The Jungle","Unceasing Turn Reminder","everything is the same but u backflip on backflip"],"gold_per_floor":[118,48,68,144,144,144,173,192,217,242,242,242,242],"floor_reached":12,"playtime":677,"items_purged":[],"score":90,"play_id":"db2f3ef0-3abf-43b2-a05d-757d04565a71","local_time":"20201216171429","is_ascension_mode":true,"campfire_choices":[{"data":"LessonLearned","floor":6,"key":"SMITH"}],"circlet_count":0,"master_deck":["Strike_P","Strike_P","Strike_P","Strike_P","Defend_P+1","Defend_P","Defend_P","Defend_P","Eruption","Vigilance","Replay:ManipulateFuture","LessonLearned+1","Replay:ManipulateFuture","Injury","Consecrate","Prostrate+1"],"relics":["PureWater","Toxic Egg 2","Bag of Marbles","aspiration:Lifesprig","Onion Ring","ReplayTheSpireMod:Ring of Sloth","Ring of Panic"],"acts_visited":["Exordium"],"potions_floor_usage":[],"damage_taken":[{"damage":6,"enemies":"conspire:RoseBush","floor":1,"turns":3},{"damage":6,"enemies":"Jaw Worm","floor":3,"turns":2},{"damage":4,"enemies":"Replay:BlueRogue","floor":7,"turns":4},{"damage":0,"enemies":"Small Slimes","floor":8,"turns":2},{"damage":24,"enemies":"Gremlin Nob","floor":10,"turns":4},{"damage":45,"enemies":"HollowMod:MossKnight","floor":12,"turns":9}],"seed_played":"-3345887999895212669","potions_obtained":[{"floor":3,"key":"Dexterity Potion"},{"floor":7,"key":"Dexterity Potion"}],"is_trial":false,"path_per_floor":["M","$","M","?","?","R","E","M","T","E","?","E"],"character_chosen":"WATCHER","items_purchased":["LessonLearned"],"campfire_rested":0,"item_purchase_floors":[2],"current_hp_per_floor":[73,73,67,67,67,67,63,63,63,39,39,0,0],"gold":242,"neow_bonus":"TEN_PERCENT_HP_BONUS","is_daily":false,"chose_seed":false,"campfire_upgraded":1,"win_rate":0.0,"timestamp":1608135269,"path_taken":["M","$","M","?","?","R","E","M","T","E","?","E"],"items_purchased_type":["Card"],"build_version":"2020-12-13","purchased_purges":0,"victory":false,"max_hp_per_floor":[79,79,79,79,79,79,79,79,79,79,79,79,79],"card_choices":[{"not_picked":["Wireheading","Replay:BluntJabs"],"picked":"Replay:ManipulateFuture","floor":1},{"not_picked":["SignatureMove","Evaluate"],"picked":"Replay:ManipulateFuture","floor":3},{"not_picked":["Perseverance+1","FlyingSleeves"],"picked":"Consecrate","floor":7},{"not_picked":["Evaluate+1","Worship+1"],"picked":"Prostrate+1","floor":8},{"not_picked":["Replay:AtTheReady+1","Meditate+1","BowlingBash"],"picked":"SKIP","floor":10}],"player_experience":217835,"relics_obtained":[{"floor":7,"key":"Bag of Marbles"},{"floor":9,"key":"aspiration:Lifesprig"},{"floor":10,"key":"Onion Ring"},{"floor":11,"key":"ReplayTheSpireMod:Ring of Sloth"},{"floor":11,"key":"Ring of Panic"}],"event_choices":[{"damage_healed":0,"gold_gain":76,"player_choice":"Gained Gold","damage_taken":0,"max_hp_gain":0,"max_hp_loss":0,"event_name":"Golden Wing","floor":4,"gold_loss":0}],"is_beta":false,"boss_relics":[],"items_purged_floors":[],"is_endless":false,"potions_floor_spawned":[3,7],"killed_by":"HollowMod:MossKnight","ascension_level":1}}