{"host":"egyxg9lnjq7g2hmw","time":1608090643,"event":{"mods":["AchievementEnabler","BaseMod","Block Reminder","Colored Map","Colored Powertips","Highlight Path","Minty Spire (QoL Compilation)","Rare Cards Sparkle","StSLib"],"gold_per_floor":[216,229,229,247,247,274,274,284,284,35,62,62,87,106,106,180,180,195,195,205,43,43,71,71,106,106,6,6,6,22,38,38,115,115,131,142,142,142,159,159,188,188,267,298,298,308,341,356,356,356,356,356,23,55,55],"floor_reached":56,"playtime":2992,"items_purged":["Strike_G","Strike_G"],"score":2177,"play_id":"459995e2-bd2f-4503-a74f-ac6ecb738e37","local_time":"20201215195043","is_ascension_mode":true,"campfire_choices":[{"data":"Adrenaline","floor":7.0,"key":"SMITH"},{"data":"Tools of the Trade","floor":12.0,"key":"SMITH"},{"floor":15.0,"key":"REST"},{"floor":24.0,"key":"REST"},{"floor":29.0,"key":"REST"},{"floor":32.0,"key":"REST"},{"data":"Envenom","floor":40.0,"key":"SMITH"},{"floor":42.0,"key":"RECALL"},{"data":"Leg Sweep","floor":49.0,"key":"SMITH"},{"data":"Riddle With Holes","floor":52.0,"key":"SMITH"}],"circlet_count":0,"master_deck":["AscendersBane","Survivor","Neutralize","Dagger Spray","Leg Sweep+1","Adrenaline+1","Tools of the Trade+1","Crippling Poison+1","Footwork+1","Calculated Gamble+1","Escape Plan+1","Envenom+1","Riddle With Holes+1","RitualDagger","Bouncing Flask+1","Corpse Explosion+1","Bite","Bite","Bite","Bite","Bite","Adrenaline+1","Adrenaline+1","Blur+1","Catalyst+1","Catalyst+1","Catalyst+1"],"relics":["Ring of the Serpent","Tingsha","Toxic Egg 2","Snake Skull","Happy Flower","Akabeko","TwistedFunnel","HornCleat","Gremlin Horn","Bottled Lightning","Pandora\u0027s Box","Centennial Puzzle","Kunai","StoneCalendar","Sling","Art of War","Bag of Preparation"],"acts_visited":["Exordium","TheCity","TheBeyond","TheEnding"],"potions_floor_usage":[55,55,55,55],"damage_taken":[{"damage":3.0,"enemies":"Cultist","floor":1.0,"turns":5.0},{"damage":0.0,"enemies":"Jaw Worm","floor":2.0,"turns":4.0},{"damage":0.0,"enemies":"2 Louse","floor":4.0,"turns":3.0},{"damage":29.0,"enemies":"3 Sentries","floor":6.0,"turns":9.0},{"damage":0.0,"enemies":"Looter","floor":8.0,"turns":3.0},{"damage":5.0,"enemies":"Gremlin Nob","floor":11.0,"turns":5.0},{"damage":5.0,"enemies":"Lagavulin","floor":13.0,"turns":7.0},{"damage":2.0,"enemies":"Large Slime","floor":14.0,"turns":5.0},{"damage":26.0,"enemies":"Slime Boss","floor":16.0,"turns":9.0},{"damage":1.0,"enemies":"Shell Parasite","floor":18.0,"turns":7.0},{"damage":0.0,"enemies":"3 Byrds","floor":20.0,"turns":5.0},{"damage":10.0,"enemies":"Slavers","floor":23.0,"turns":4.0},{"damage":29.0,"enemies":"Gremlin Leader","floor":25.0,"turns":7.0},{"damage":0.0,"enemies":"Snecko","floor":30.0,"turns":3.0},{"damage":18.0,"enemies":"Snake Plant","floor":31.0,"turns":3.0},{"damage":49.0,"enemies":"Automaton","floor":33.0,"turns":9.0},{"damage":0.0,"enemies":"3 Darklings","floor":35.0,"turns":1.0},{"damage":12.0,"enemies":"Orb Walker","floor":36.0,"turns":2.0},{"damage":0.0,"enemies":"Transient","floor":39.0,"turns":3.0},{"damage":15.0,"enemies":"Nemesis","floor":41.0,"turns":3.0},{"damage":0.0,"enemies":"Giant Head","floor":44.0,"turns":3.0},{"damage":0.0,"enemies":"Jaw Worm Horde","floor":46.0,"turns":2.0},{"damage":0.0,"enemies":"Reptomancer","floor":47.0,"turns":2.0},{"damage":2.0,"enemies":"3 Darklings","floor":48.0,"turns":2.0},{"damage":5.0,"enemies":"Time Eater","floor":50.0,"turns":3.0},{"damage":19.0,"enemies":"Shield and Spear","floor":54.0,"turns":4.0},{"damage":21,"enemies":"The Heart","floor":55,"turns":3}],"seed_played":"-1744607379386856376","potions_obtained":[{"floor":8.0,"key":"BlessingOfTheForge"},{"floor":11.0,"key":"Ancient Potion"},{"floor":14.0,"key":"BlessingOfTheForge"},{"floor":16.0,"key":"DistilledChaos"},{"floor":18.0,"key":"EntropicBrew"},{"floor":23.0,"key":"Weak Potion"},{"floor":31.0,"key":"AttackPotion"},{"floor":36.0,"key":"Strength Potion"},{"floor":38.0,"key":"Fruit Juice"},{"floor":39.0,"key":"Regen Potion"},{"floor":48.0,"key":"AttackPotion"},{"floor":54.0,"key":"EntropicBrew"}],"is_trial":false,"path_per_floor":["M","M","T","M","?","E","R","M","T","$","E","R","E","M","R","B",null,"M","?","M","$","?","E","R","E","T","$","?","R","M","M","R","B",null,"M","M","?","?","M","R","E","R","T","E","?","M","E","M","R","B",null,"R","$","E","B",null],"character_chosen":"THE_SILENT","items_purchased":["Crippling Poison+1","Footwork","Fire Potion","TwistedFunnel","Sling","Art of War"],"campfire_rested":4,"item_purchase_floors":[10,10,10,21,53,53],"current_hp_per_floor":[56,56,56,56,56,27,27,27,27,27,22,22,17,15,34,8,52,51,45,45,45,27,17,38,9,9,9,9,23,29,19,33,6,38,38,28,28,33,39,39,44,44,44,54,54,54,54,54,54,49,53,53,53,43,32],"gold":55,"neow_bonus":"HUNDRED_GOLD","is_daily":false,"chose_seed":false,"campfire_upgraded":5,"win_rate":0.0,"timestamp":1608090643,"path_taken":["M","M","?","M","?","E","R","M","T","?","E","R","E","M","R","BOSS","M","?","M","$","?","E","R","E","T","$","?","R","M","M","R","BOSS","M","M","?","?","?","R","E","R","T","E","?","M","E","M","R","BOSS","R","$","E","BOSS"],"items_purchased_type":["Card","Card","Potion","Relic","Relic","Relic"],"build_version":"2020-12-13","purchased_purges":2,"victory":true,"max_hp_per_floor":[66,66,66,66,66,66,66,66,66,66,66,66,66,66,66,66,66,66,66,66,66,71,71,71,71,71,71,49,49,49,49,49,49,49,49,49,49,54,54,54,54,54,54,54,54,54,54,54,54,54,54,54,54,54,54],"card_choices":[{"not_picked":["Outmaneuver","Blade Dance"],"picked":"Bane","floor":1.0},{"not_picked":["PiercingWail","Acrobatics"],"picked":"Dagger Spray","floor":2.0},{"not_picked":["Heel Hook","PiercingWail"],"picked":"Leg Sweep","floor":4.0},{"not_picked":["PiercingWail+1","Dash"],"picked":"Tools of the Trade","floor":6.0},{"not_picked":["Catalyst+1","Leg Sweep+1","Finisher"],"picked":"SKIP","floor":8.0},{"not_picked":["Masterful Stab","Venomology+1","Expertise+1"],"picked":"SKIP","floor":11.0},{"not_picked":["All Out Attack","Dodge and Roll+1"],"picked":"Calculated Gamble+1","floor":13.0},{"not_picked":["Distraction+1","Flying Knee"],"picked":"Escape Plan+1","floor":14.0},{"not_picked":["Malaise+1","Venomology+1"],"picked":"Envenom","floor":16.0},{"not_picked":["Poisoned Stab","Dagger Spray"],"picked":"Riddle With Holes","floor":18.0},{"not_picked":["Bane","Deflect+1","Predator+1"],"picked":"SKIP","floor":20.0},{"not_picked":["Bane+1","Deadly Poison+1"],"picked":"Bouncing Flask+1","floor":23.0},{"not_picked":["Masterful Stab","Calculated Gamble+1"],"picked":"Corpse Explosion+1","floor":25.0},{"not_picked":["Sucker Punch","Infinite Blades","Dagger Throw"],"picked":"SKIP","floor":30.0},{"not_picked":["Cloak And Dagger+1","Choke","Poisoned Stab+1"],"picked":"SKIP","floor":31.0},{"not_picked":["Unload","Envenom"],"picked":"Adrenaline+1","floor":33.0},{"not_picked":["Deflect+1","Acrobatics+1","PiercingWail+1"],"picked":"SKIP","floor":35.0},{"not_picked":["Flying Knee+1","Bane+1","Underhanded Strike"],"picked":"SKIP","floor":36.0},{"not_picked":["Backflip+1","Dagger Spray+1","Accuracy"],"picked":"SKIP","floor":39.0},{"not_picked":["Infinite Blades","Underhanded Strike+1","Flying Knee"],"picked":"SKIP","floor":41.0},{"not_picked":["Quick Slash","Dagger Spray","Heel Hook"],"picked":"SKIP","floor":44.0},{"not_picked":["Cloak And Dagger+1","Flying Knee","Die Die Die"],"picked":"SKIP","floor":46.0},{"not_picked":["Heel Hook","Terror+1","Cloak And Dagger+1"],"picked":"SKIP","floor":47.0},{"not_picked":["Deadly Poison+1","PiercingWail+1","Acrobatics+1"],"picked":"SKIP","floor":48.0},{"not_picked":["Flechettes","Blade Dance+1","Noxious Fumes"],"picked":"SKIP","floor":54.0}],"player_experience":472977,"relics_obtained":[{"floor":3.0,"key":"Tingsha"},{"floor":6.0,"key":"Toxic Egg 2"},{"floor":9.0,"key":"Snake Skull"},{"floor":11.0,"key":"Happy Flower"},{"floor":13.0,"key":"Akabeko"},{"floor":23.0,"key":"HornCleat"},{"floor":25.0,"key":"Gremlin Horn"},{"floor":26.0,"key":"Bottled Lightning"},{"floor":41.0,"key":"Centennial Puzzle"},{"floor":44.0,"key":"Kunai"},{"floor":47.0,"key":"StoneCalendar"},{"floor":54.0,"key":"Bag of Preparation"}],"event_choices":[{"damage_healed":0.0,"max_hp_gain":0.0,"max_hp_loss":0.0,"gold_gain":0.0,"cards_transformed":["Strike_G"],"event_name":"Living Wall","player_choice":"Change","floor":5.0,"gold_loss":0.0,"damage_taken":0.0,"cards_obtained":["Adrenaline"]},{"damage_healed":0.0,"max_hp_gain":0.0,"max_hp_loss":0.0,"gold_gain":0.0,"event_name":"Nest","player_choice":"Joined the Cult","floor":19.0,"gold_loss":0.0,"damage_taken":6.0,"cards_obtained":["RitualDagger"]},{"damage_healed":0.0,"max_hp_gain":5.0,"max_hp_loss":0.0,"gold_gain":0.0,"event_name":"Forgotten Altar","player_choice":"Shed Blood","floor":22.0,"gold_loss":0.0,"damage_taken":23.0},{"damage_healed":0.0,"max_hp_gain":0.0,"max_hp_loss":22.0,"gold_gain":0.0,"event_name":"Vampires","player_choice":"Became a vampire","floor":28.0,"gold_loss":0.0,"damage_taken":0.0,"cards_obtained":["Bite","Bite","Bite","Bite","Bite"]},{"cards_removed":["Bane"],"damage_healed":0.0,"max_hp_gain":0.0,"max_hp_loss":0.0,"gold_gain":0.0,"event_name":"Falling","player_choice":"Removed Attack","floor":37.0,"gold_loss":0.0,"damage_taken":0.0},{"damage_healed":0.0,"max_hp_gain":0.0,"max_hp_loss":0.0,"gold_gain":0.0,"event_name":"Lab","player_choice":"Got Potions","floor":38.0,"gold_loss":0.0,"damage_taken":0.0},{"damage_healed":0.0,"max_hp_gain":0.0,"max_hp_loss":0.0,"gold_gain":0.0,"event_name":"Accursed Blacksmith","player_choice":"Forge","floor":45.0,"gold_loss":0.0,"damage_taken":0.0,"cards_upgraded":["Footwork"]}],"is_beta":false,"boss_relics":[{"not_picked":["Busted Crown","SlaversCollar"],"picked":"Ring of the Serpent"},{"not_picked":["WristBlade","Empty Cage"],"picked":"Pandora\u0027s Box"}],"items_purged_floors":[10,27],"is_endless":false,"potions_floor_spawned":[8,11,14,16,18,20,23,31,36,39,48,54],"ascension_level":16}}