{"host":"fdq5pmhluajjrf8d","time":1608156212,"event":{"mods":["BaseMod","Minty Spire (QoL Compilation)"],"gold_per_floor":[124,153,8,8,23,23,58,58,58,77,77,2,37,37,37,131,131,106,106,106,130,153,153,171,171,171,171,171],"floor_reached":27,"playtime":1017,"items_purged":["Injury"],"score":411,"play_id":"eafba878-6730-4949-a860-9e16cd9a317d","local_time":"20201216170332","is_ascension_mode":true,"campfire_choices":[{"data":"Zap","floor":6.0,"key":"SMITH"},{"data":"Beam Cell","floor":8.0,"key":"SMITH"},{"floor":11.0,"key":"REST"},{"floor":15.0,"key":"REST"},{"floor":23.0,"key":"REST"},{"floor":25,"key":"REST"}],"circlet_count":0,"master_deck":["AscendersBane","Strike_B+1","Strike_B+1","Strike_B+1","Strike_B+1","Defend_B+1","Defend_B+1","Defend_B+1","Defend_B+1","Zap+1","Dualcast","Gash","Rebound","Beam Cell+1","Auto Shields","Gash","Biased Cognition","CurseOfTheBell","Gash","Decay","Biased Cognition","White Noise+1"],"relics":["Cracked Core","MawBank","OrangePellets","Golden Idol","Thread and Needle","Singing Bowl","Odd Mushroom","Calling Bell","Centennial Puzzle","Darkstone Periapt","Prayer Wheel","Molten Egg 2"],"acts_visited":["Exordium","TheCity"],"potions_floor_usage":[27],"damage_taken":[{"damage":1.0,"enemies":"Cultist","floor":1.0,"turns":3.0},{"damage":3.0,"enemies":"2 Louse","floor":2.0,"turns":3.0},{"damage":7.0,"enemies":"Jaw Worm","floor":5.0,"turns":2.0},{"damage":20.0,"enemies":"Lagavulin","floor":7.0,"turns":7.0},{"damage":8.0,"enemies":"Large Slime","floor":10.0,"turns":3.0},{"damage":25.0,"enemies":"The Mushroom Lair","floor":13.0,"turns":3.0},{"damage":38.0,"enemies":"Slime Boss","floor":16.0,"turns":9.0},{"damage":15.0,"enemies":"2 Thieves","floor":18.0,"turns":4.0},{"damage":1.0,"enemies":"Chosen","floor":21.0,"turns":4.0},{"damage":28.0,"enemies":"Snecko","floor":22.0,"turns":6.0},{"damage":33,"enemies":"Shelled Parasite and Fungi","floor":24,"turns":5},{"damage":56,"enemies":"Gremlin Leader","floor":27,"turns":5}],"seed_played":"-4420357200033757976","potions_obtained":[{"floor":1.0,"key":"LiquidMemories"},{"floor":2.0,"key":"Dexterity Potion"},{"floor":5.0,"key":"PowerPotion"},{"floor":13.0,"key":"Swift Potion"},{"floor":16.0,"key":"SpeedPotion"},{"floor":21.0,"key":"AttackPotion"},{"floor":22.0,"key":"EssenceOfSteel"}],"is_trial":false,"path_per_floor":["M","M","$","?","M","R","E","R","T","M","R","$","?","?","R","B",null,"M","?","?","M","M","R","M","R","T","E"],"character_chosen":"DEFECT","items_purchased":["OrangePellets"],"campfire_rested":4,"item_purchase_floors":[3],"current_hp_per_floor":[63,60,60,60,53,53,33,33,33,25,46,46,23,23,44,6,56,43,43,49,52,26,52,21,47,47,0,0],"gold":171,"neow_bonus":"RANDOM_COMMON_RELIC","is_daily":false,"chose_seed":false,"campfire_upgraded":2,"win_rate":0.0,"timestamp":1608156212,"path_taken":["M","M","?","?","M","R","E","R","T","M","R","$","?","?","R","BOSS","M","?","?","?","M","R","M","R","T","E"],"items_purchased_type":["Relic"],"build_version":"2020-12-13","purchased_purges":1,"victory":false,"max_hp_per_floor":[71,71,71,71,71,71,71,71,71,71,71,71,73,73,73,73,73,75,75,81,85,87,87,89,89,89,89,89],"card_choices":[{"not_picked":["Fusion","Glacier"],"picked":"Gash","floor":1.0},{"not_picked":["Streamline","Recycle"],"picked":"Rebound","floor":2.0},{"not_picked":["Doom and Gloom","Conserve Battery"],"picked":"Beam Cell","floor":5.0},{"not_picked":["Reprogram","Skim"],"picked":"Auto Shields","floor":7.0},{"not_picked":["Reprogram","Go for the Eyes"],"picked":"Gash","floor":10.0},{"not_picked":["Melter","Stack","Coolheaded"],"picked":"Singing Bowl","floor":13.0},{"not_picked":["Multi-Cast","Machine Learning"],"picked":"Biased Cognition","floor":16.0},{"not_picked":["Steam","Doom and Gloom"],"picked":"Gash","floor":18.0},{"not_picked":["Blizzard","Gash","Sunder"],"picked":"Singing Bowl","floor":18.0},{"not_picked":["Consume","Coolheaded","Redo"],"picked":"Singing Bowl","floor":21.0},{"not_picked":["Hologram","Capacitor","Chaos"],"picked":"Singing Bowl","floor":21.0},{"not_picked":["Cold Snap","Conserve Battery"],"picked":"Biased Cognition","floor":22.0},{"not_picked":["FTL","Hologram","Beam Cell"],"picked":"Singing Bowl","floor":22.0},{"not_picked":["Leap","Beam Cell+1","Streamline"],"picked":"Singing Bowl","floor":24},{"not_picked":["Redo","Steam"],"picked":"White Noise+1","floor":24}],"player_experience":1874493,"relics_obtained":[{"floor":7.0,"key":"Thread and Needle"},{"floor":9.0,"key":"Singing Bowl"},{"floor":13.0,"key":"Odd Mushroom"},{"floor":17.0,"key":"Centennial Puzzle"},{"floor":17.0,"key":"Darkstone Periapt"},{"floor":17.0,"key":"Prayer Wheel"},{"floor":26,"key":"Molten Egg 2"}],"event_choices":[{"damage_healed":0.0,"max_hp_gain":0.0,"max_hp_loss":0.0,"gold_gain":0.0,"event_name":"Golden Idol","player_choice":"Take Wound","floor":4.0,"gold_loss":0.0,"damage_taken":0.0,"relics_obtained":["Golden Idol"],"cards_obtained":["Injury"]},{"damage_healed":0.0,"max_hp_gain":0.0,"max_hp_loss":0.0,"gold_gain":0.0,"event_name":"Mushrooms","player_choice":"Fought Mushrooms","floor":13.0,"gold_loss":0.0,"damage_taken":0.0},{"damage_healed":0.0,"max_hp_gain":0.0,"max_hp_loss":0.0,"gold_gain":0.0,"event_name":"Shining Light","player_choice":"Ignored","floor":14.0,"gold_loss":0.0,"damage_taken":0.0},{"damage_healed":0.0,"max_hp_gain":0.0,"max_hp_loss":0.0,"gold_gain":0.0,"event_name":"Back to Basics","player_choice":"Simplicity","floor":19.0,"gold_loss":0.0,"damage_taken":0.0,"cards_upgraded":["Strike_B","Strike_B","Strike_B","Strike_B","Defend_B","Defend_B","Defend_B","Defend_B"]},{"damage_healed":0.0,"max_hp_gain":0.0,"max_hp_loss":0.0,"gold_gain":0.0,"event_name":"Wheel of Change","player_choice":"Cursed","floor":20.0,"gold_loss":0.0,"damage_taken":0.0,"cards_obtained":["Decay"]}],"is_beta":false,"boss_relics":[{"not_picked":["Pandora\u0027s Box","Philosopher\u0027s Stone"],"picked":"Calling Bell"}],"items_purged_floors":[12],"is_endless":false,"potions_floor_spawned":[1,2,5,13,16,21,22],"killed_by":"Gremlin Leader","ascension_level":19}}