{"host":"wha9hktbkslqvblg","time":1608093528,"event":{"mods":["BaseMod","Colored Map","Minty Spire (QoL Compilation)","Relic Stats","SuperFastMode","everything is the same but u backflip on backflip"],"gold_per_floor":[118,118,138,63,63,96,120,20,20,33,33,48,92,123,123,123,123],"floor_reached":16,"playtime":234,"items_purged":["Strike_R","Strike_R"],"score":270,"play_id":"118b329a-9b85-49e4-aeab-31652e48abb4","local_time":"20201216133848","is_ascension_mode":true,"campfire_choices":[{"data":"Body Slam","floor":15,"key":"SMITH"}],"circlet_count":0,"master_deck":["AscendersBane","Strike_R","Strike_R","Strike_R","Defend_R","Defend_R","Defend_R","Defend_R","Bash","Body Slam+1","Evolve","Uppercut+1","Hemokinesis","Reckless Charge"],"relics":["Burning Blood","NeowsBlessing","Golden Idol","Tiny Chest","Gremlin Horn","Anchor","Odd Mushroom"],"acts_visited":["Exordium"],"potions_floor_usage":[10,13],"damage_taken":[{"damage":0,"enemies":"Small Slimes","floor":1,"turns":1},{"damage":0,"enemies":"Jaw Worm","floor":3,"turns":1},{"damage":0,"enemies":"Lagavulin","floor":6,"turns":1},{"damage":17,"enemies":"Cultist","floor":7,"turns":4},{"damage":1,"enemies":"2 Fungi Beasts","floor":10,"turns":3},{"damage":6,"enemies":"3 Louse","floor":12,"turns":3},{"damage":28,"enemies":"Gremlin Nob","floor":13,"turns":4},{"damage":9,"enemies":"The Mushroom Lair","floor":14,"turns":4},{"damage":25,"enemies":"The Guardian","floor":16,"turns":5}],"seed_played":"8159629600177904338","potions_obtained":[{"floor":3,"key":"Explosive Potion"},{"floor":12,"key":"BlessingOfTheForge"},{"floor":13,"key":"SpeedPotion"}],"is_trial":false,"path_per_floor":["M","?","M","$","?","E","M","$","T","M","?","M","E","?","R","B"],"character_chosen":"IRONCLAD","items_purchased":[],"campfire_rested":0,"item_purchase_floors":[],"current_hp_per_floor":[74,48,54,54,54,60,49,49,49,54,54,54,32,29,29,4,4],"gold":123,"neow_bonus":"THREE_ENEMY_KILL","is_daily":false,"chose_seed":false,"campfire_upgraded":1,"win_rate":0.0,"timestamp":1608093528,"path_taken":["M","?","M","$","?","E","M","$","T","M","?","?","E","?","R","BOSS"],"items_purchased_type":[],"build_version":"2020-12-13","purchased_purges":2,"victory":false,"max_hp_per_floor":[75,75,75,75,75,75,75,75,75,75,75,75,75,75,75,75,75],"relic_stats":{"Gremlin Horn":[5,5],"counters":[9,25],"Golden Idol":37,"Tiny Chest":0,"obtain_stats":[{"Anchor":13,"NeowsBlessing":0,"Gremlin Horn":9,"Golden Idol":2,"Tiny Chest":6,"Odd Mushroom":14,"Burning Blood":0},{"Anchor":7,"NeowsBlessing":0,"Gremlin Horn":4,"Golden Idol":1,"Tiny Chest":3,"Odd Mushroom":8,"Burning Blood":0},{"Anchor":17,"NeowsBlessing":0,"Gremlin Horn":7,"Golden Idol":1,"Tiny Chest":3,"Odd Mushroom":21,"Burning Blood":0}],"Burning Blood":48},"card_choices":[{"not_picked":["Blood for Blood","True Grit"],"picked":"Body Slam","floor":1},{"not_picked":["Clash","Rage"],"picked":"Evolve","floor":3},{"not_picked":["Sever Soul","Dropkick","Perfected Strike"],"picked":"SKIP","floor":6},{"not_picked":["Pommel Strike","Burning Pact"],"picked":"Uppercut","floor":7},{"not_picked":["Dark Embrace","Metallicize"],"picked":"Hemokinesis","floor":10},{"not_picked":["Heavy Blade","Dark Embrace"],"picked":"Reckless Charge","floor":12},{"not_picked":["Perfected Strike","Clash","Limit Break"],"picked":"SKIP","floor":13}],"player_experience":851131,"relics_obtained":[{"floor":6,"key":"Tiny Chest"},{"floor":9,"key":"Gremlin Horn"},{"floor":13,"key":"Anchor"},{"floor":14,"key":"Odd Mushroom"}],"event_choices":[{"damage_healed":0,"gold_gain":0,"player_choice":"Take Damage","damage_taken":26,"relics_obtained":["Golden Idol"],"max_hp_gain":0,"max_hp_loss":0,"event_name":"Golden Idol","floor":2,"gold_loss":0},{"damage_healed":0,"gold_gain":0,"player_choice":"Ignored","damage_taken":0,"max_hp_gain":0,"max_hp_loss":0,"event_name":"Liars Game","floor":5,"gold_loss":0},{"damage_healed":0,"gold_gain":0,"player_choice":"Forge","damage_taken":0,"max_hp_gain":0,"max_hp_loss":0,"event_name":"Accursed Blacksmith","floor":11,"gold_loss":0,"cards_upgraded":["Uppercut"]},{"damage_healed":0,"gold_gain":0,"player_choice":"Fought Mushrooms","damage_taken":0,"max_hp_gain":0,"max_hp_loss":0,"event_name":"Mushrooms","floor":14,"gold_loss":0}],"is_beta":false,"boss_relics":[],"items_purged_floors":[4,8],"is_endless":false,"potions_floor_spawned":[3,12,13],"killed_by":"The Guardian","ascension_level":20}}