{"host":"k010f1crm27ngy21","time":1608085638,"event":{"mods":["Aspiration","Bard","BaseMod","Downfall","Minty Spire (QoL Compilation)","Replay The Spire","Spicy Shops","StSLib","The Cursed","The Hierophant","The Runesmith","The Servant 0.9.4"],"gold_per_floor":[114,114,114,133,143,143,143,158,158,158,174,23,23,86,86,191,191,207,257,307,321,337,337,356,370,370,370,420,210,124,141,141,245,245,265,315,329,379,440,475,543,563,588,611,641,653,681,743,755,869,881,911,973,1035,1061,1123,1135,1197,1271,1337,1399,1431,1020,1031,1081,1081,1186,1186,1199,1216,1286,1336,1351,1386,1436,1411,1445,1495,159,159,159,159],"floor_reached":81,"playtime":5765,"items_purged":["Shame","Survey Options+1"],"score":1285,"play_id":"72e8341e-c7c0-4242-b5a8-bcbaaf8c7513","local_time":"20201216102718","daily_mods":["Draft","Vintage","Heirloom","downfall:Lament"],"is_ascension_mode":false,"campfire_choices":[{"data":"Runesmith:CraftMagma","floor":13.0,"key":"SMITH"},{"data":"Runesmith:CraftIncendium","floor":15.0,"key":"SMITH"},{"data":"Runesmith:NegativeSpace","floor":23.0,"key":"SMITH"},{"data":"Runesmith:ChargedHammer","floor":27.0,"key":"SMITH"},{"data":"Runesmith:BackupBattery+3","floor":66.0,"key":"SMITH"},{"data":"Runesmith:WhiteBalance","floor":80,"key":"SMITH"}],"circlet_count":0,"master_deck":["Runesmith:Repurpose+1","Runesmith:BackupBattery+1","Runesmith:NegativeSpace+1","Runesmith:BackupBattery","Runesmith:BackupBattery+4","Runesmith:ChargedHammer+1","Runesmith:WhiteBalance+1","Runesmith:Prism","Runesmith:CraftIncendium+1","Runesmith:CraftMagma+1","Runesmith:CraftProtectio","Runesmith:CraftVitae","Runesmith:ArcReactor+1","Runesmith:UnstableHammer+1","Runesmith:Discharge+1","Runesmith:ArcReactor+1","Runesmith:LithiumIon+1","Runesmith:Duplicate+1","expansioncontent:TimeRipple+1","expansioncontent:DarkVoid+1","Runesmith:ArcReactor+1","Runesmith:CraftReservo+1","Pot Of Greed+1","Pot Of Greed+1","Runesmith:CreatorForm+1","Runesmith:PerfectChisel+1","Runesmith:Accelerate+1","Runesmith:Firewall+1","Runesmith:PoweredAnvil+1","Crow Ritual+1","Runesmith:Overpower+1","expansioncontent:GoopSpray+1","Runesmith:CraftPrismatica+1","Pot Of Greed+1","Runesmith:LithiumIon+1","Necronomicurse","Runesmith:CraftObretio+1","Runesmith:Permafrost+1","Runesmith:FrozenChisel+1","ReplayTheSpireMod:Brewmster+1","expansioncontent:AwakenDeath+1"],"relics":["Runesmith:CoreCrystal","Ring of Chaos","replay:Trail_Library","NeowsBlessing","Du-Vu Doll","Molten Egg 2","Replay:Bottled Snecko","Replay:PocketPolymizer","Pet Ghost","Iron Hammer","SsserpentHead","Bottled Flame","Strange Spoon","Golden Egg","Philosopher\u0027s Stone","InkBottle","Potion Belt","HornCleat","PreservedInsect","Toxic Egg 2","Bottled Tornado","Onion Ring","ReplayTheSpireMod:CursedCoin","Mummified Hand","MealTicket","Garlic","Bag of Preparation","aspiration:ArtOfWarUpgrade","Bottled Lightning","Pen Nib","Lantern","MawBank","Grinning Jar","Runesmith:MiniCore","aspiration:FetidBarrel","SlaversCollar","Ring of Chaos","replay:Trail_Library","NeowsBlessing","Incense Burner","Chameleon Ring","Gremlin Food","War Paint","Frozen Egg 2","Runesmith:AutoHammer","Toy Ornithopter","BargainBundle","ReplayTheSpireMod:TigerMarble","SacredBark","Mirror","Happy Flower","Replay:Mystery Machine","Nloth\u0027s Gift","Replay:Baseball","Necronomicon","CaptainsWheel","Ancient Tea Set","aspiration:Nostalgia","m_BurningSludge","Guardian:PocketSentry","HandDrill","Oddly Smooth Stone"],"acts_visited":["Exordium","TheCity","TheBeyond","Exordium","TheCity"],"potions_floor_usage":[81,81],"damage_taken":[{"damage":0.0,"enemies":"Cultist","floor":1.0,"turns":1.0},{"damage":0.0,"enemies":"Jaw Worm","floor":4.0,"turns":1.0},{"damage":0.0,"enemies":"Small Slimes","floor":5.0,"turns":1.0},{"damage":0.0,"enemies":"Gremlin Gang","floor":8.0,"turns":4.0},{"damage":0.0,"enemies":"Large Slime","floor":11.0,"turns":3.0},{"damage":8.0,"enemies":"3 Louse","floor":14.0,"turns":2.0},{"damage":0.0,"enemies":"Slime Boss","floor":16.0,"turns":4.0},{"damage":0.0,"enemies":"Shell Parasite","floor":18.0,"turns":5.0},{"damage":0.0,"enemies":"3 Byrds","floor":21.0,"turns":4.0},{"damage":0.0,"enemies":"Snake Plant","floor":22.0,"turns":5.0},{"damage":0.0,"enemies":"3 Cultists","floor":24.0,"turns":4.0},{"damage":0.0,"enemies":"Cultist and Chosen","floor":25.0,"turns":3.0},{"damage":0.0,"enemies":"Snecko","floor":30.0,"turns":4.0},{"damage":22.0,"enemies":"Chosen and Byrds","floor":31.0,"turns":3.0},{"damage":0.0,"enemies":"Automaton","floor":33.0,"turns":5.0},{"damage":0.0,"enemies":"3 Shapes","floor":35.0,"turns":2.0},{"damage":3.0,"enemies":"3 Darklings","floor":37.0,"turns":4.0},{"damage":5.0,"enemies":"Spire Growth","floor":39.0,"turns":4.0},{"damage":0.0,"enemies":"R_Hoarder","floor":40.0,"turns":4.0},{"damage":7.0,"enemies":"Sphere and 2 Shapes","floor":41.0,"turns":3.0},{"damage":0.0,"enemies":"Transient","floor":42.0,"turns":5.0},{"damage":0.0,"enemies":"Writhing Mass","floor":44.0,"turns":3.0},{"damage":0.0,"enemies":"3 Darklings","floor":45.0,"turns":2.0},{"damage":0.0,"enemies":"Jaw Worm Horde","floor":47.0,"turns":3.0},{"damage":11.0,"enemies":"Replay:Hell Engine","floor":50.0,"turns":6.0},{"damage":0.0,"enemies":"Small Slimes","floor":52.0,"turns":1.0},{"damage":0.0,"enemies":"2 Louse","floor":55.0,"turns":1.0},{"damage":0.0,"enemies":"Cultist","floor":59.0,"turns":1.0},{"damage":0.0,"enemies":"Looter","floor":62.0,"turns":1.0},{"damage":0.0,"enemies":"Exordium Thugs","floor":64.0,"turns":2.0},{"damage":0.0,"enemies":"Fading Forest","floor":67.0,"turns":8.0},{"damage":0.0,"enemies":"Chosen","floor":69.0,"turns":3.0},{"damage":0.0,"enemies":"3 Byrds","floor":70.0,"turns":2.0},{"damage":0.0,"enemies":"Centurion and Healer","floor":71.0,"turns":4.0},{"damage":0.0,"enemies":"Snake Plant","floor":73.0,"turns":2.0},{"damage":0.0,"enemies":"Gremlin Leader","floor":74.0,"turns":3.0},{"damage":0,"enemies":"Book of Stabbing","floor":77,"turns":3},{"damage":0,"enemies":"Sentry and Sphere","floor":81,"turns":2}],"seed_played":"4106671214532207374","potions_obtained":[{"floor":4.0,"key":"Strength Potion"},{"floor":14.0,"key":"Elixir"},{"floor":16.0,"key":"LifebloodPotion"},{"floor":25.0,"key":"SteroidPotion"},{"floor":30.0,"key":"Strength Potion"},{"floor":33.0,"key":"GamblersBrew"},{"floor":35.0,"key":"DuplicationPotion"},{"floor":39.0,"key":"SneckoOil"},{"floor":40.0,"key":"EssenceOfSteel"},{"floor":42.0,"key":"SteroidPotion"},{"floor":45.0,"key":"SteroidPotion"},{"floor":64.0,"key":"Block Potion"},{"floor":71.0,"key":"GamblersBrew"},{"floor":77,"key":"Dexterity Potion"}],"is_trial":true,"path_per_floor":["M","?","?","M","M","?","?","M","T","?","M","$","R","M","R","B",null,"M","?","?","M","M","R","M","M","T","R","?","$","M","M","R","B",null,"M","?","M","?","M","E","M","M","T","M","M","R","M","?","R","B",null,"M","?","?","M","?","R","?","M","T","?","M","$","M","?","R","B",null,"M","M","M","?","M","E","?","?","E","?","$","R","M"],"character_chosen":"RUNESMITH_CLASS","items_purchased":["Strange Spoon","ReplayTheSpireMod:CursedCoin","Mummified Hand","Runesmith:LithiumIon","Toy Ornithopter","BargainBundle","Runesmith:Firewall+1","Runesmith:PoweredAnvil+1","Crow Ritual+1","CaptainsWheel","Ancient Tea Set","aspiration:Nostalgia","Guardian:PocketSentry","HandDrill","Runesmith:Permafrost+1","Runesmith:FrozenChisel+1","ReplayTheSpireMod:Brewmster+1","Oddly Smooth Stone"],"campfire_rested":0,"item_purchase_floors":[12,29,29,29,63,63,63,63,63,79,79,79,79,79,79,79,79,79],"current_hp_per_floor":[70,70,70,70,70,70,70,70,70,70,70,70,70,62,62,62,70,70,70,70,70,70,70,70,70,70,70,70,70,70,48,48,48,70,70,60,57,57,52,52,45,45,45,45,45,45,45,45,45,34,70,70,70,70,70,70,70,70,70,70,70,70,70,70,70,70,70,70,70,70,70,70,70,70,54,54,54,54,69,69,70,70],"gold":159,"neow_bonus":"","is_daily":false,"chose_seed":false,"campfire_upgraded":6,"win_rate":0.0,"timestamp":1608085638,"path_taken":["M","?","?","M","?","?","?","?","T","?","M","$","R","?","R","BOSS","M","?","?","M","M","R","M","M","T","R","?","?","M","M","R","BOSS","M","?","M","?","?","E","?","M","T","M","M","R","M","?","R","BOSS","M","?","?","M","?","R","?","?","T","?","M","$","M","?","R","BOSS","M","M","?","?","M","E","?","?","E","?","$","R","M"],"items_purchased_type":["Relic","Relic","Relic","Card","Relic","Relic","Card","Card","Card","Relic","Relic","Relic","Relic","Relic","Card","Card","Card","Relic"],"build_version":"2020-12-13","purchased_purges":2,"victory":false,"max_hp_per_floor":[70,70,70,70,70,70,70,70,70,70,70,70,70,70,70,70,70,70,70,70,70,70,70,70,70,70,70,70,70,70,70,70,70,70,70,70,70,70,70,70,70,70,70,70,70,70,70,70,70,70,70,70,70,70,70,70,70,70,70,70,70,70,70,70,70,70,70,70,70,70,70,70,70,70,70,70,70,70,70,70,70,70],"card_choices":[{"not_picked":["Runesmith:FrozenChisel","Runesmith:HammerThrow"],"picked":"Runesmith:Repurpose","floor":0.0},{"not_picked":["Runesmith:HammerThrow","Runesmith:HeatExchange"],"picked":"Runesmith:BackupBattery","floor":0.0},{"not_picked":["Runesmith:Augment","Runesmith:ShiftingStrike"],"picked":"Runesmith:MakeshiftArmor","floor":0.0},{"not_picked":["Runesmith:ShiftingStrike","Runesmith:HeatExchange"],"picked":"Runesmith:NegativeSpace","floor":0.0},{"not_picked":["Runesmith:MakeshiftArmor","Runesmith:ShiftingStrike"],"picked":"Runesmith:BackupBattery","floor":0.0},{"not_picked":["Runesmith:HeatedChisel","Runesmith:MakeshiftArmor"],"picked":"Runesmith:BackupBattery","floor":0.0},{"not_picked":["Runesmith:RuneHurl","Runesmith:DoubleUp"],"picked":"Runesmith:StaticCage","floor":0.0},{"not_picked":["Runesmith:HeatExchange","Runesmith:DoubleUp"],"picked":"Runesmith:ChargedHammer","floor":0.0},{"not_picked":["Runesmith:ShiftingStrike","Runesmith:Repurpose"],"picked":"Runesmith:MakeshiftArmor","floor":0.0},{"not_picked":["Runesmith:ShiftingStrike","Runesmith:LithiumIon"],"picked":"Runesmith:CraftMagma","floor":0.0},{"not_picked":["Runesmith:Grindstone","Runesmith:HammerTime"],"picked":"Runesmith:CraftProtectio","floor":0.0},{"not_picked":["Runesmith:Firestorm","Runesmith:HeatExchange"],"picked":"Runesmith:WhiteBalance","floor":0.0},{"not_picked":["Runesmith:HeatedChisel","Runesmith:EnergizedChisel"],"picked":"Runesmith:CraftVitae","floor":0.0},{"not_picked":["Runesmith:Repurpose","Runesmith:Electrocute"],"picked":"Runesmith:OneForEveryone","floor":0.0},{"not_picked":["Runesmith:BackupBattery","Runesmith:Malloc"],"picked":"Runesmith:Prism","floor":0.0},{"not_picked":["Runesmith:CreatorForm","Runesmith:MetallurgicalResearch"],"picked":"Runesmith:ArcReactor","floor":16.0},{"not_picked":["Runesmith:FissionHammer+1","Runesmith:LastStand+1"],"picked":"Runesmith:Duplicate+1","floor":33.0},{"not_picked":["Dark Shackles+1","Blind+1"],"picked":"expansioncontent:TimeRipple+1","floor":36.0},{"not_picked":["Deep Breath+1","Replay:Sssssssssshield+1"],"picked":"Survey Options+1","floor":36.0},{"not_picked":["Thinking Ahead+1","Replay:Bootleg Shield Generator+1"],"picked":"expansioncontent:DarkVoid+1","floor":36.0},{"not_picked":["Runesmith:Retool+1","Runesmith:LithiumIon+1"],"picked":"Runesmith:CraftReservo+1","floor":40.0},{"not_picked":["Runesmith:LastStand+1","Runesmith:ArcReactor"],"picked":"Runesmith:CreatorForm","floor":50.0},{"not_picked":["Runesmith:GrandSlam+1","Runesmith:CraftMedicinae+1"],"picked":"Runesmith:CraftPrismatica+1","floor":67.0},{"not_picked":["Runesmith:CraftMagma+1","Runesmith:Prism+1"],"picked":"Runesmith:LithiumIon+1","floor":74},{"not_picked":["Runesmith:CraftMagma+1","Runesmith:CreatorForm+1"],"picked":"Runesmith:CraftObretio+1","floor":77}],"player_experience":115292,"relics_obtained":[{"floor":1.0,"key":"Molten Egg 2"},{"floor":4.0,"key":"Replay:Bottled Snecko"},{"floor":5.0,"key":"Replay:PocketPolymizer"},{"floor":8.0,"key":"Pet Ghost"},{"floor":9.0,"key":"Iron Hammer"},{"floor":11.0,"key":"Bottled Flame"},{"floor":14.0,"key":"Golden Egg"},{"floor":18.0,"key":"InkBottle"},{"floor":21.0,"key":"Potion Belt"},{"floor":22.0,"key":"HornCleat"},{"floor":24.0,"key":"PreservedInsect"},{"floor":25.0,"key":"Toxic Egg 2"},{"floor":26.0,"key":"Bottled Tornado"},{"floor":30.0,"key":"Vajra"},{"floor":31.0,"key":"MealTicket"},{"floor":35.0,"key":"Garlic"},{"floor":37.0,"key":"Bag of Preparation"},{"floor":39.0,"key":"Art of War"},{"floor":40.0,"key":"Bottled Lightning"},{"floor":41.0,"key":"Pen Nib"},{"floor":42.0,"key":"Lantern"},{"floor":43.0,"key":"MawBank"},{"floor":44.0,"key":"Grinning Jar"},{"floor":45.0,"key":"Runesmith:MiniCore"},{"floor":47.0,"key":"aspiration:FetidBarrel"},{"floor":52.0,"key":"Incense Burner"},{"floor":55.0,"key":"Chameleon Ring"},{"floor":59.0,"key":"Gremlin Food"},{"floor":60.0,"key":"War Paint"},{"floor":62.0,"key":"Runesmith:AutoHammer"},{"floor":64.0,"key":"ReplayTheSpireMod:TigerMarble"},{"floor":69.0,"key":"Mirror"},{"floor":70.0,"key":"Happy Flower"},{"floor":71.0,"key":"Replay:Mystery Machine"},{"floor":73.0,"key":"Replay:Baseball"},{"floor":75,"key":"Necronomicon"}],"event_choices":[{"damage_healed":0.0,"max_hp_gain":0.0,"max_hp_loss":0.0,"gold_gain":0.0,"cards_transformed":["Runesmith:MakeshiftArmor"],"event_name":"Transmorgrifier","player_choice":"Transformed","floor":3.0,"gold_loss":0.0,"damage_taken":0.0,"cards_obtained":["Runesmith:CraftIncendium"]},{"damage_healed":0.0,"max_hp_gain":0.0,"max_hp_loss":0.0,"gold_gain":0.0,"event_name":"Living Wall","player_choice":"Grow","floor":6.0,"gold_loss":0.0,"damage_taken":0.0,"cards_upgraded":["Runesmith:BackupBattery"]},{"damage_healed":0.0,"max_hp_gain":0.0,"max_hp_loss":0.0,"gold_gain":0.0,"event_name":"Upgrade Shrine","player_choice":"Upgraded","floor":7.0,"gold_loss":0.0,"damage_taken":0.0,"cards_upgraded":["Runesmith:BackupBattery"]},{"damage_healed":0.0,"max_hp_gain":0.0,"max_hp_loss":0.0,"gold_gain":0.0,"event_name":"FaceTrader","player_choice":"Trade","floor":10.0,"gold_loss":0.0,"damage_taken":0.0,"relics_obtained":["SsserpentHead"]},{"damage_healed":0.0,"max_hp_gain":0.0,"max_hp_loss":0.0,"gold_gain":0.0,"event_name":"The Library","player_choice":"Read","floor":19.0,"gold_loss":0.0,"damage_taken":0.0,"cards_obtained":["Runesmith:UnstableHammer"]},{"damage_healed":0.0,"max_hp_gain":0.0,"max_hp_loss":0.0,"gold_gain":0.0,"event_name":"Beggar","player_choice":"Ignored","floor":20.0,"gold_loss":0.0,"damage_taken":0.0},{"damage_healed":0.0,"max_hp_gain":0.0,"max_hp_loss":0.0,"gold_gain":0.0,"event_name":"Addict","player_choice":"Stole Relic","floor":28.0,"gold_loss":0.0,"damage_taken":0.0,"relics_obtained":["Onion Ring"],"cards_obtained":["Shame"]},{"damage_healed":0.0,"max_hp_gain":0.0,"max_hp_loss":0.0,"gold_gain":0.0,"event_name":"SensoryStone","player_choice":"Memory 3","floor":36.0,"gold_loss":0.0,"damage_taken":10.0},{"damage_healed":0.0,"max_hp_gain":0.0,"max_hp_loss":0.0,"gold_gain":0.0,"event_name":"Tomb of Lord Red Mask","player_choice":"Ignored","floor":48.0,"gold_loss":0.0,"damage_taken":0.0},{"damage_healed":0.0,"max_hp_gain":0.0,"max_hp_loss":0.0,"gold_gain":0.0,"event_name":"Liars Game","player_choice":"Ignored","floor":53.0,"gold_loss":0.0,"damage_taken":0.0},{"damage_healed":0.0,"max_hp_gain":0.0,"max_hp_loss":0.0,"gold_gain":0.0,"event_name":"The Woman in Blue","player_choice":"Bought 0 Potions","floor":58.0,"gold_loss":0.0,"damage_taken":0.0},{"cards_removed":["Runesmith:Overpower"],"damage_healed":5.0,"max_hp_gain":0.0,"max_hp_loss":0.0,"gold_gain":0.0,"event_name":"Bonfire Elementals","player_choice":"Offered Common","floor":65.0,"gold_loss":0.0,"damage_taken":0.0},{"cards_removed":["Runesmith:Overpower"],"damage_healed":5.0,"max_hp_gain":0.0,"max_hp_loss":0.0,"gold_gain":0.0,"event_name":"Bonfire Elementals","player_choice":"Offered Special","floor":65.0,"gold_loss":0.0,"damage_taken":0.0},{"damage_healed":0.0,"max_hp_gain":0.0,"max_hp_loss":0.0,"gold_gain":0.0,"event_name":"N\u0027loth","player_choice":"Traded Relic","floor":72.0,"relics_lost":["Vajra"],"gold_loss":0.0,"damage_taken":0.0,"relics_obtained":["Nloth\u0027s Gift"]},{"damage_healed":0,"gold_gain":0,"player_choice":"Obtained Book","damage_taken":16,"max_hp_gain":0,"max_hp_loss":0,"event_name":"Cursed Tome","floor":75,"gold_loss":0},{"cards_removed":["Injury"],"damage_healed":0,"gold_gain":0,"player_choice":"Gave Gold","damage_taken":0,"max_hp_gain":0,"max_hp_loss":0,"event_name":"Beggar","floor":76,"gold_loss":75}],"is_beta":false,"boss_relics":[{"not_picked":["Runic Pyramid","Honey Jar"],"picked":"Philosopher\u0027s Stone"},{"not_picked":["Abe\u0027s Treasure","Empty Cage"],"picked":"Runesmith:CoreCrystal"},{"not_picked":["Cursed Key","Kintsugi"],"picked":"SlaversCollar"},{"not_picked":["Runic Pyramid","Replay:Ancient Bell"],"picked":"SacredBark"}],"items_purged_floors":[29,63],"is_endless":true,"potions_floor_spawned":[4,14,16,18,25,30,33,35,39,40,42,45,64,67,69,71,77],"killed_by":"Sentry and Sphere","ascension_level":0}}