{"host":"tto05lt823rp3vzw","time":1608124439,"event":{"mods":["AchievementEnabler","BaseMod","Colored Map","Downfall","Minty Spire (QoL Compilation)","StSLib"],"gold_per_floor":[99,111,125,138,41,61,87,87,117,117,137,137,148,148,161,266,266,266,52,52,71,98,98,98,111,111,111,111,111,121,121,135,239,239,239,252,263,263,363,195,195,195,211,211,211,224,234,234,247,247],"floor_reached":51,"playtime":4873,"items_purged":["Slimebound:Defend_Slimebound","Slimebound:Defend_Slimebound"],"score":644,"play_id":"7a0a9835-36ab-4aee-ba9e-029287f7f386","local_time":"20201216141358","is_ascension_mode":false,"campfire_choices":[{"data":"Slimebound:CorrosiveSpit","floor":1.0,"key":"SMITH"},{"data":"Slimebound:SamplingLick","floor":8.0,"key":"SMITH"},{"floor":10.0,"key":"REST"},{"data":"Slimebound:SpikyOuterGoop","floor":18.0,"key":"SMITH"},{"data":"Slimebound:ItLooksTasty","floor":20.0,"key":"SMITH"},{"floor":27.0,"key":"REST"},{"data":"Slimebound:OozeBath","floor":35,"key":"SMITH"},{"data":"Slimebound:LeechEnergy","floor":38,"key":"SMITH"},{"data":"Slimebound:Dissolve","floor":42,"key":"SMITH"},{"floor":44,"key":"REST"}],"circlet_count":0,"master_deck":["Slimebound:Strike_Slimebound","Slimebound:Strike_Slimebound","Slimebound:Tackle","Slimebound:Defend_Slimebound","Slimebound:Defend_Slimebound","Slimebound:Split","Slimebound:CorrosiveSpit+1","Slimebound:SamplingLick+1","Slimebound:ItLooksTasty+1","Slimebound:GoopSpray","Slimebound:ViciousTackle","Slimebound:Dissolve+1","Slimebound:OozeBath+1","Slimebound:SpikyOuterGoop+1","Slimebound:SplitMire","Slimebound:SamplingLick","Slimebound:Schlurp","Slimebound:Equalize","Slimebound:SamplingLick+1","Slimebound:TongueLash+1","Slimebound:LeechEnergy+1","Slimebound:Prepare+1","Slimebound:LeechingTouch+1","Slimebound:FinishingTackle+1","Slimebound:SamplingLick","Slimebound:GrowthPunch+1","Slimebound:RejuvenatingLick+1","Slimebound:LivingWall+1","Slimebound:Darklings"],"relics":["Slimebound:AbsorbEndCombat","Ancient Tea Set","Strawberry","Shuriken","Slimebound:TarBlob","Orichalcum","Regal Pillow","Molten Egg 2","Boot","Question Card"],"acts_visited":["Exordium","TheCity","TheBeyond"],"potions_floor_usage":[33,50],"damage_taken":[{"damage":4.0,"enemies":"Jaw Worm","floor":2.0,"turns":4.0},{"damage":9.0,"enemies":"2 Louse","floor":3.0,"turns":3.0},{"damage":4.0,"enemies":"Small Slimes","floor":4.0,"turns":3.0},{"damage":18.0,"enemies":"downfall:FleeingMerchant","floor":5.0,"turns":4.0},{"damage":14.0,"enemies":"3 Louse","floor":6.0,"turns":2.0},{"damage":31.0,"enemies":"3 Sentries","floor":9.0,"turns":8.0},{"damage":12.0,"enemies":"Blue Slaver","floor":11.0,"turns":3.0},{"damage":21.0,"enemies":"Large Slime","floor":13.0,"turns":4.0},{"damage":12.0,"enemies":"Exordium Thugs","floor":15.0,"turns":3.0},{"damage":22.0,"enemies":"downfall:Silent","floor":16.0,"turns":6.0},{"damage":12.0,"enemies":"downfall:FleeingMerchant","floor":19.0,"turns":4.0},{"damage":13.0,"enemies":"Spheric Guardian","floor":21.0,"turns":3.0},{"damage":49.0,"enemies":"Book of Stabbing","floor":22.0,"turns":5.0},{"damage":22.0,"enemies":"Chosen","floor":25.0,"turns":5.0},{"damage":18.0,"enemies":"Snake Plant","floor":30.0,"turns":3.0},{"damage":17.0,"enemies":"Centurion and Healer","floor":32.0,"turns":5.0},{"damage":58,"enemies":"downfall:Ironclad","floor":33,"turns":6},{"damage":15,"enemies":"3 Darklings","floor":36,"turns":4},{"damage":13,"enemies":"3 Shapes","floor":37,"turns":4},{"damage":27,"enemies":"downfall:FleeingMerchant","floor":40,"turns":4},{"damage":44,"enemies":"Spire Growth","floor":43,"turns":4},{"damage":25,"enemies":"Transient","floor":46,"turns":5},{"damage":13,"enemies":"4 Shapes","floor":47,"turns":6},{"damage":28,"enemies":"3 Darklings","floor":49,"turns":4},{"damage":18,"enemies":"downfall:Watcher","floor":50,"turns":9}],"seed_played":"-8137929522790356304","potions_obtained":[{"floor":4.0,"key":"SkillPotion"},{"floor":9.0,"key":"SpeedPotion"},{"floor":13.0,"key":"EntropicBrew"},{"floor":22.0,"key":"Block Potion"},{"floor":25.0,"key":"SkillPotion"},{"floor":43,"key":"SpeedPotion"},{"floor":46,"key":"hexamod:EctoCoolerPotion"},{"floor":49,"key":"SpeedPotion"}],"is_trial":false,"path_per_floor":["R","M","M","M","$","M","T","R","E","R","M","?","M","?","M","B",null,"R","$","R","M","E","?","T","M","?","R","T","?","M","T","M","B",null,"R","M","M","R","?","$","T","R","M","R","?","M","M","?","M","B",null],"character_chosen":"SLIMEBOUND","items_purchased":["Slimebound:Dissolve","Slimebound:Schlurp","Slimebound:Equalize","Slimebound:GrowthPunch+1"],"campfire_rested":3,"item_purchase_floors":[5,19,19,40],"current_hp_per_floor":[66,64,61,66,56,48,48,48,36,57,55,55,46,34,30,30,73,73,73,73,73,50,50,50,52,52,73,73,73,73,73,73,35,73,73,73,73,73,73,71,71,71,41,73,73,68,73,73,73,72],"gold":247,"neow_bonus":"TEN_PERCENT_HP_BONUS","is_daily":false,"chose_seed":false,"campfire_upgraded":7,"win_rate":0.0,"timestamp":1608124438,"path_taken":["R","M","M","M","$","M","T","R","E","R","M","?","M","?","M","BOSS","R","$","R","M","E","?","T","M","?","R","?","?","M","?","M","BOSS","R","M","M","R","?","$","T","R","?","R","?","M","?","?","M","BOSS"],"items_purchased_type":["Card","Card","Card","Card"],"build_version":"2020-12-13","purchased_purges":2,"victory":true,"max_hp_per_floor":[66,66,66,66,66,66,66,66,73,73,73,73,73,73,73,73,73,73,73,73,73,73,73,73,73,73,73,73,73,73,73,73,73,73,73,73,73,73,73,73,73,73,73,73,73,73,73,73,73,73],"card_choices":[{"not_picked":["Slimebound:AcidTongue","Slimebound:Grow"],"picked":"Slimebound:SamplingLick","floor":2.0},{"not_picked":["Slimebound:FinishingTackle","Slimebound:FlameTackle"],"picked":"Slimebound:ItLooksTasty","floor":3.0},{"not_picked":["Slimebound:FormOfPuddle","Slimebound:SlimeSpikes"],"picked":"Slimebound:GoopSpray","floor":4.0},{"not_picked":["Slimebound:Nibble","Slimebound:ComboTackle"],"picked":"Slimebound:ViciousTackle","floor":5.0},{"not_picked":["Slimebound:Repurpose","Slimebound:Prepare"],"picked":"Slimebound:OozeBath","floor":6.0},{"not_picked":["Slimebound:LeechEnergy","Slimebound:PressTheAttack","Slimebound:FinishingTackle"],"picked":"SKIP","floor":9.0},{"not_picked":["Slimebound:SplitAcid","Slimebound:SplitBruiser"],"picked":"Slimebound:SpikyOuterGoop","floor":11.0},{"not_picked":["Slimebound:FlameTackle","Slimebound:LeechingTouch"],"picked":"Slimebound:SplitMire","floor":13.0},{"not_picked":["Slimebound:SlimeBarrage","Slimebound:FirmFortitude"],"picked":"Slimebound:SamplingLick","floor":15.0},{"not_picked":["Slimebound:Chomp","Slimebound:LevelUp","Slimebound:PressTheAttack+1"],"picked":"SKIP","floor":19.0},{"not_picked":["Slimebound:SplitLeeching","Slimebound:DisruptingSlam"],"picked":"Slimebound:SamplingLick+1","floor":21.0},{"not_picked":["Slimebound:SplitAcid","Slimebound:ComboTackle"],"picked":"Slimebound:TongueLash+1","floor":22.0},{"not_picked":["Slimebound:ProtectTheBoss","Slimebound:Chomp+1"],"picked":"Slimebound:LeechEnergy","floor":25.0},{"not_picked":["Slimebound:LevelUp","Slimebound:Replication"],"picked":"Slimebound:Prepare+1","floor":30.0},{"not_picked":["Slimebound:LivingWall","Slimebound:Prepare+1","Slimebound:SlimeSpikes"],"picked":"SKIP","floor":32},{"not_picked":["Slimebound:FinishingTackle+1","Slimebound:Schlurp+1"],"picked":"Slimebound:LeechingTouch+1","floor":36},{"not_picked":["Slimebound:SplitBruiser+1","Slimebound:Grow"],"picked":"Slimebound:FinishingTackle+1","floor":37},{"not_picked":["Slimebound:LeechEnergy+1","Slimebound:SplitAcid+1"],"picked":"Slimebound:SamplingLick","floor":40},{"not_picked":["Slimebound:Prepare","Slimebound:ProtectTheBoss+1","Slimebound:RollThrough+1"],"picked":"Slimebound:RejuvenatingLick","floor":43},{"not_picked":["Slimebound:MassFeed+1","Slimebound:FlameTackle+1","Slimebound:SlimeTap","Slimebound:BestDefense"],"picked":"SKIP","floor":46},{"not_picked":["Slimebound:SplitLeeching","Slimebound:DisruptingSlam+1","Slimebound:Nibble+1"],"picked":"Slimebound:LivingWall+1","floor":47},{"not_picked":["Slimebound:Equalize+1","Slimebound:LeechingTouch+1","Slimebound:LevelUp+1","Slimebound:ComboTackle+1"],"picked":"SKIP","floor":49}],"player_experience":94622,"relics_obtained":[{"floor":7.0,"key":"Ancient Tea Set"},{"floor":9.0,"key":"Strawberry"},{"floor":22.0,"key":"Orichalcum"},{"floor":24.0,"key":"Regal Pillow"},{"floor":28.0,"key":"Molten Egg 2"},{"floor":31.0,"key":"Boot"},{"floor":41,"key":"Question Card"}],"event_choices":[{"damage_healed":0.0,"max_hp_gain":0.0,"max_hp_loss":0.0,"gold_gain":0.0,"event_name":"Scrap Ooze","player_choice":"Success","floor":14.0,"gold_loss":0.0,"damage_taken":12.0,"relics_obtained":["Shuriken"]},{"damage_healed":0.0,"max_hp_gain":0.0,"max_hp_loss":0.0,"gold_gain":0.0,"event_name":"Vampires","player_choice":"Ignored","floor":26.0,"gold_loss":0.0,"damage_taken":0.0},{"damage_healed":0,"gold_gain":0,"player_choice":"Upgraded","damage_taken":0,"max_hp_gain":0,"max_hp_loss":0,"event_name":"Upgrade Shrine","floor":45,"gold_loss":0,"cards_upgraded":["Slimebound:RejuvenatingLick"]}],"is_beta":false,"boss_relics":[{"not_picked":["Busted Crown","Pandora\u0027s Box"],"picked":"Slimebound:TarBlob"},{"not_picked":["Snecko Eye","Cursed Key","Fusion Hammer"]}],"items_purged_floors":[19,40],"is_endless":false,"potions_floor_spawned":[4,9,13,22,25,43,46,49],"ascension_level":0}}