{"host":"usrgk25etjl0nf5i","time":1608092938,"event":{"mods":["2.2 Compatiblity","BaseMod","Downfall","Hermit","Hubris","Minty Spire (QoL Compilation)","StSLib","SuperFastMode","The Disciple","The Hierophant"],"gold_per_floor":[113,131,131,206,218,232,260,279,279,279,313,329,329,344,344,447,447,467,17,17,17,31,31,31],"floor_reached":23,"playtime":1165,"items_purged":[],"score":348,"play_id":"226ba414-305d-4b31-9234-4b02be8847db","local_time":"20201215202858","is_ascension_mode":true,"campfire_choices":[{"data":"Devotion","floor":10,"key":"SMITH"},{"data":"Perseverance","floor":13,"key":"SMITH"},{"data":"Wallop","floor":15,"key":"SMITH"}],"circlet_count":0,"master_deck":["Strike_P+1","Strike_P+1","Strike_P+1","Strike_P+1","Defend_P+1","Defend_P+1","Defend_P+1","Defend_P+1","Eruption","Vigilance","ThirdEye","Perseverance+1","Evaluate","FollowUp","Devotion+1","CutThroughFate","FlyingSleeves","JustLucky","Wallop+1","Ragnarok","ForeignInfluence+1","MentalFortress","CutThroughFate"],"relics":["PureWater","Toy Ornithopter","Juzu Bracelet","Anchor","Black Star","Vajra","Yang"],"acts_visited":["Exordium","TheCity"],"potions_floor_usage":[6,7,11,16,18,22],"damage_taken":[{"damage":0,"enemies":"2 Louse","floor":1,"turns":1},{"damage":0,"enemies":"Jaw Worm","floor":2,"turns":3},{"damage":0,"enemies":"Small Slimes","floor":5,"turns":5},{"damage":0,"enemies":"3 Louse","floor":6,"turns":5},{"damage":0,"enemies":"Gremlin Nob","floor":7,"turns":2},{"damage":7,"enemies":"2 Fungi Beasts","floor":8,"turns":4},{"damage":2,"enemies":"Lagavulin","floor":11,"turns":7},{"damage":3,"enemies":"Blue Slaver","floor":12,"turns":6},{"damage":0,"enemies":"Looter","floor":14,"turns":4},{"damage":0,"enemies":"Slime Boss","floor":16,"turns":11},{"damage":14,"enemies":"Spheric Guardian","floor":18,"turns":3},{"damage":41,"enemies":"2 Thieves","floor":22,"turns":4},{"damage":14,"enemies":"Gremlin Leader","floor":23,"turns":4}],"seed_played":"7442365209351535416","potions_obtained":[{"floor":1,"key":"Block Potion"},{"floor":6,"key":"LiquidMemories"},{"floor":8,"key":"Dexterity Potion"},{"floor":11,"key":"champ:CounterPotion"},{"floor":14,"key":"FearPotion"},{"floor":16,"key":"sneckomod:MuddlingPotion"}],"is_trial":false,"path_per_floor":["M","M","?","?","M","M","E","M","T","R","E","M","R","M","R","B",null,"M","$","?","?","M","E"],"character_chosen":"WATCHER","items_purchased":["Vajra","Yang","MentalFortress"],"campfire_rested":0,"item_purchase_floors":[19,19,19],"current_hp_per_floor":[79,79,63,52,52,52,52,45,45,45,48,45,45,45,45,50,72,63,63,48,48,12,0,0],"gold":31,"neow_bonus":"TEN_PERCENT_HP_BONUS","is_daily":false,"chose_seed":false,"campfire_upgraded":3,"win_rate":0.0,"timestamp":1608092938,"path_taken":["M","M","?","?","M","?","E","M","T","R","E","M","R","M","R","BOSS","M","$","?","?","M","E"],"items_purchased_type":["Relic","Relic","Card"],"build_version":"2020-12-13","purchased_purges":0,"victory":false,"max_hp_per_floor":[79,79,79,79,79,79,79,79,79,79,79,79,79,79,79,79,79,79,79,84,84,84,84,84],"card_choices":[{"not_picked":["Indignation","Weave"],"picked":"ThirdEye","floor":1},{"not_picked":["Meditate","Evaluate"],"picked":"Perseverance","floor":2},{"not_picked":["InnerPeace","ForeignInfluence"],"picked":"Evaluate","floor":5},{"not_picked":["Nirvana","Weave"],"picked":"FollowUp","floor":6},{"not_picked":["SashWhip","BowlingBash"],"picked":"Devotion","floor":7},{"not_picked":["EmptyBody","InnerPeace"],"picked":"CutThroughFate","floor":8},{"not_picked":["SashWhip","Judgement"],"picked":"FlyingSleeves","floor":11},{"not_picked":["CrushJoints","WheelKick"],"picked":"JustLucky","floor":12},{"not_picked":["Consecrate","CutThroughFate"],"picked":"Wallop","floor":14},{"not_picked":["Brilliance","LessonLearned"],"picked":"Ragnarok","floor":16},{"not_picked":["Halt","Crescendo"],"picked":"ForeignInfluence+1","floor":18},{"not_picked":["ForeignInfluence+1","Crescendo"],"picked":"CutThroughFate","floor":22}],"player_experience":649616,"relics_obtained":[{"floor":7,"key":"Toy Ornithopter"},{"floor":9,"key":"Juzu Bracelet"},{"floor":11,"key":"Anchor"}],"event_choices":[{"damage_healed":0,"gold_gain":0,"player_choice":"Entered Light","damage_taken":16,"max_hp_gain":0,"max_hp_loss":0,"event_name":"Shining Light","floor":3,"gold_loss":0,"cards_upgraded":["Defend_P","Defend_P"]},{"damage_healed":0,"gold_gain":75,"player_choice":"Gather Gold","damage_taken":11,"max_hp_gain":0,"max_hp_loss":0,"event_name":"World of Goop","floor":4,"gold_loss":0},{"damage_healed":0,"gold_gain":0,"player_choice":"Shed Blood","damage_taken":20,"max_hp_gain":5,"max_hp_loss":0,"event_name":"Forgotten Altar","floor":20,"gold_loss":0},{"damage_healed":0,"gold_gain":0,"player_choice":"Simplicity","damage_taken":0,"max_hp_gain":0,"max_hp_loss":0,"event_name":"Back to Basics","floor":21,"gold_loss":0,"cards_upgraded":["Strike_P","Strike_P","Strike_P","Strike_P","Defend_P","Defend_P"]}],"is_beta":false,"boss_relics":[{"not_picked":["hubris:RunicObelisk","Snecko Eye"],"picked":"Black Star"}],"items_purged_floors":[],"is_endless":false,"potions_floor_spawned":[1,6,8,11,14,16],"killed_by":"Gremlin Leader","ascension_level":5}}