{"host":"2d0rd30cigwncx1y","time":1608153470,"event":{"mods":["BaseMod","Colored Map","Colored Powertips","Downfall","MarisaÅiñ∂âJÅ@ñÇóùçπÅj","Minty Spire (QoL Compilation)","Replay The Spire","StSLib","The Alterego","The Servant 0.9.4"],"gold_per_floor":[99,99,99,129,129,454,479,479,505,505,524,543,543,543,556,556,556],"floor_reached":16,"playtime":871,"items_purged":[],"score":148,"play_id":"0443580f-d817-4c9b-ac86-be9187162724","local_time":"20201216221750","is_ascension_mode":true,"campfire_choices":[{"data":"champ:Taunt","floor":1.0,"key":"SMITH"},{"data":"champ:StanceDance","floor":3.0,"key":"SMITH"},{"data":"champ:BringItOn","floor":8.0,"key":"SMITH"},{"data":"champ:FlashCut","floor":10,"key":"SMITH"}],"circlet_count":0,"master_deck":["champ:Strike","champ:Strike","champ:Strike","champ:Strike","champ:Defend","champ:Defend","champ:Defend","champ:Defend","champ:Execute","champ:Taunt+1","champ:StanceDance+1","champ:BringItOn+1","champ:FlashCut+1","champ:BladeFlurry","champ:GladiatorStyle","champ:ShieldSigil","champ:MurderStrike"],"relics":["champ:ChampionCrown","downfall:HeartsMalice","Bottled Lightning","Old Coin","Smiling Mask","PreservedInsect","Blood Vial"],"acts_visited":["Exordium"],"potions_floor_usage":[16,16,16],"damage_taken":[{"damage":0.0,"enemies":"Cultist","floor":2.0,"turns":1.0},{"damage":0.0,"enemies":"Lagavulin","floor":4.0,"turns":1.0},{"damage":0.0,"enemies":"Jaw Worm","floor":5.0,"turns":1.0},{"damage":42.0,"enemies":"3 Sentries","floor":6.0,"turns":11.0},{"damage":28,"enemies":"Lagavulin","floor":9,"turns":6},{"damage":0,"enemies":"2 Louse","floor":11,"turns":2},{"damage":12,"enemies":"Exordium Thugs","floor":12,"turns":3},{"damage":2,"enemies":"Blue Slaver","floor":15,"turns":3},{"damage":14,"enemies":"downfall:Defect","floor":16,"turns":4}],"seed_played":"8985924289605932989","potions_obtained":[{"floor":4.0,"key":"PowerPotion"},{"floor":11,"key":"AttackPotion"},{"floor":12,"key":"ColorlessPotion"}],"is_trial":false,"path_per_floor":["R","M","R","E","M","E","T","R","E","R","M","M","?","?","M","B"],"character_chosen":"THE_CHAMP","items_purchased":[],"campfire_rested":0,"item_purchase_floors":[],"current_hp_per_floor":[90,90,90,90,90,53,53,53,35,35,35,28,10,10,10,0,0],"gold":556,"neow_bonus":"THREE_ENEMY_KILL","is_daily":false,"chose_seed":false,"campfire_upgraded":4,"win_rate":0.0,"timestamp":1608153470,"path_taken":["R","M","R","E","M","E","T","R","E","R","?","M","?","?","M","BOSS"],"items_purchased_type":[],"build_version":"2020-12-13","purchased_purges":0,"victory":false,"max_hp_per_floor":[90,90,90,90,90,90,90,90,90,90,90,90,90,90,90,90,90],"card_choices":[{"not_picked":["champ:FlashCut","champ:IronFortress"],"picked":"champ:StanceDance","floor":2.0},{"not_picked":["champ:FocusedGladiator","champ:FanOfKnives"],"picked":"champ:BringItOn","floor":4.0},{"not_picked":["champ:Encircle","champ:Backstep"],"picked":"champ:FlashCut","floor":5.0},{"not_picked":["champ:BerserkerStyle","champ:Control","champ:RageSigil"],"picked":"SKIP","floor":6.0},{"not_picked":["champ:GutPunch","champ:BerserkersShout"],"picked":"champ:BladeFlurry","floor":9},{"not_picked":["champ:FanOfKnives","champ:Backstep"],"picked":"champ:GladiatorStyle","floor":11},{"not_picked":["champ:Control","champ:Duel"],"picked":"champ:ShieldSigil","floor":12},{"not_picked":["champ:ArenaPreparation","champ:Encircle"],"picked":"champ:MurderStrike","floor":15}],"player_experience":72711,"relics_obtained":[{"floor":4.0,"key":"Bottled Lightning"},{"floor":6.0,"key":"Old Coin"},{"floor":7.0,"key":"Smiling Mask"},{"floor":9,"key":"PreservedInsect"}],"event_choices":[{"damage_healed":0,"gold_gain":0,"player_choice":"Success","damage_taken":18,"relics_obtained":["Blood Vial"],"max_hp_gain":0,"max_hp_loss":0,"event_name":"Scrap Ooze","floor":13,"gold_loss":0},{"damage_healed":0,"gold_gain":0,"player_choice":"Got Potions","damage_taken":0,"max_hp_gain":0,"max_hp_loss":0,"event_name":"Lab","floor":14,"gold_loss":0}],"is_beta":false,"boss_relics":[],"items_purged_floors":[],"is_endless":false,"potions_floor_spawned":[4,11,12],"killed_by":"downfall:Defect","ascension_level":1}}