{"host":"vi6th7e8dilnaeg0","time":1608149236,"event":{"mods":["BaseMod","Minty Spire (QoL Compilation)","Relic Stats","StSLib"],"gold_per_floor":[115,129,140,154,154,154,254,254,254,254,265,281,299,319,319,319,319],"floor_reached":16,"playtime":803,"items_purged":[],"score":187,"play_id":"e231ae4f-c26c-4029-982c-6b9170ea1eb5","local_time":"20201216210716","is_ascension_mode":true,"campfire_choices":[{"data":"Leg Sweep","floor":6,"key":"SMITH"},{"data":"Neutralize","floor":8,"key":"SMITH"},{"floor":10,"key":"REST"},{"floor":15,"key":"REST"}],"circlet_count":0,"master_deck":["AscendersBane","Strike_G","Strike_G","Strike_G","Strike_G","Defend_G","Defend_G","Defend_G","Defend_G","Defend_G","Survivor","Neutralize+1","Blade Dance","Leg Sweep+1","Deadly Poison","Blade Dance","Dagger Spray","Backflip","Slice","Grand Finale"],"relics":["Philosopher\u0027s Stone","Ornamental Fan"],"acts_visited":["Exordium"],"potions_floor_usage":[13,16],"damage_taken":[{"damage":5,"enemies":"Small Slimes","floor":1,"turns":4},{"damage":2,"enemies":"Cultist","floor":2,"turns":5},{"damage":4,"enemies":"Jaw Worm","floor":3,"turns":5},{"damage":16,"enemies":"Large Slime","floor":4,"turns":7},{"damage":2,"enemies":"2 Fungi Beasts","floor":11,"turns":4},{"damage":2,"enemies":"Blue Slaver","floor":12,"turns":3},{"damage":17,"enemies":"Large Slime","floor":13,"turns":6},{"damage":2,"enemies":"2 Fungi Beasts","floor":14,"turns":3},{"damage":40,"enemies":"Hexaghost","floor":16,"turns":11}],"seed_played":"-2161186242965410210","potions_obtained":[{"floor":2,"key":"BlessingOfTheForge"},{"floor":11,"key":"Weak Potion"},{"floor":13,"key":"Poison Potion"}],"is_trial":false,"path_per_floor":["M","M","M","M","?","R","?","R","T","R","M","M","M","M","R","B"],"character_chosen":"THE_SILENT","items_purchased":[],"campfire_rested":2,"item_purchase_floors":[],"current_hp_per_floor":[54,52,48,32,25,25,25,25,25,44,42,40,23,21,40,0,0],"gold":319,"neow_bonus":"BOSS_RELIC","is_daily":false,"chose_seed":false,"campfire_upgraded":2,"win_rate":0.0,"timestamp":1608149236,"path_taken":["M","M","M","M","?","R","?","R","T","R","M","M","?","M","R","BOSS"],"items_purchased_type":[],"build_version":"2020-12-13","purchased_purges":0,"victory":false,"max_hp_per_floor":[66,66,66,66,66,66,66,66,66,66,66,66,66,66,66,66,66],"relic_stats":{"counters":[9,48],"Ornamental Fan":[72],"obtain_stats":[{"Ornamental Fan":9,"Philosopher\u0027s Stone":0,"Ring of the Snake":0},{"Ornamental Fan":4,"Philosopher\u0027s Stone":0,"Ring of the Snake":0},{"Ornamental Fan":21,"Philosopher\u0027s Stone":0,"Ring of the Snake":0}]},"card_choices":[{"not_picked":["Sucker Punch","PiercingWail"],"picked":"Blade Dance","floor":1},{"not_picked":["Unload","Infinite Blades"],"picked":"Leg Sweep","floor":2},{"not_picked":["Catalyst","Crippling Poison"],"picked":"Deadly Poison","floor":3},{"not_picked":["Expertise","Concentrate"],"picked":"Blade Dance","floor":4},{"not_picked":["Accuracy","Masterful Stab"],"picked":"Dagger Spray","floor":11},{"not_picked":["Calculated Gamble","Quick Slash"],"picked":"Backflip","floor":12},{"not_picked":["Catalyst","Sucker Punch"],"picked":"Slice","floor":13},{"not_picked":["Flechettes","Escape Plan"],"picked":"Grand Finale","floor":14}],"player_experience":611476,"relics_obtained":[{"floor":9,"key":"Ornamental Fan"}],"event_choices":[{"cards_removed":["Strike_G"],"damage_healed":0,"gold_gain":0,"player_choice":"Card Removal","damage_taken":7,"max_hp_gain":0,"max_hp_loss":0,"event_name":"Golden Wing","floor":5,"gold_loss":0},{"damage_healed":0,"gold_gain":100,"player_choice":"Gold","damage_taken":0,"max_hp_gain":0,"max_hp_loss":0,"event_name":"Wheel of Change","floor":7,"gold_loss":0}],"is_beta":false,"boss_relics":[],"items_purged_floors":[],"is_endless":false,"potions_floor_spawned":[2,11,12,13],"killed_by":"Hexaghost","ascension_level":19}}