{"host":"m5n96f98ibl1zi71","time":1608106892,"event":{"mods":["Aspiration","BaseMod","Conspire","Curses Come First","Downfall","Hubris","Minty Spire (QoL Compilation)","Quick Restart","Shop Mod","StSLib","Uncapped"],"gold_per_floor":[119,119,119,44,62,96,96,112,186,205,205,236,249,115,115,210,210,225,235,0,0,11,27,27,27,27,27,27],"floor_reached":27,"playtime":1909,"items_purged":["Pain","Strike_P"],"score":348,"play_id":"f13d6462-22d9-4b60-ab20-2953d1a4a1ba","local_time":"20201216182132","daily_mods":["Specialized","Diverse","DeadlyEvents"],"is_ascension_mode":false,"campfire_choices":[{"floor":7,"key":"REST"},{"data":"Unload","floor":11,"key":"SMITH"},{"floor":15,"key":"REST"},{"floor":24,"key":"REST"}],"circlet_count":0,"master_deck":["Strike_P","Strike_P","Strike_P","Defend_P","Defend_P","Defend_P","Defend_P","Eruption","Vigilance","sneckomod:Unknown1Cost","sneckomod:Unknown1Cost","sneckomod:Unknown1Cost","sneckomod:Unknown1Cost","sneckomod:Unknown1Cost","Poisoned Stab+1","Unload+1","Storm","Slimebound:RainOfGoop","hexamod:ThirdSeal","hexamod:WildfireWeapon","Guardian:RollAttack+1","Streamline"],"relics":["PureWater","WarpedTongs","White Beast Statue","aspiration:FetidBarrel","FossilizedHelix","Busted Crown","Singing Bowl"],"acts_visited":["Exordium","TheCity"],"potions_floor_usage":[12,12,16,19],"damage_taken":[{"damage":1,"enemies":"Cultist","floor":1,"turns":4},{"damage":0,"enemies":"Small Slimes","floor":5,"turns":2},{"damage":17,"enemies":"3 Sentries","floor":6,"turns":7},{"damage":0,"enemies":"Jaw Worm","floor":8,"turns":4},{"damage":6,"enemies":"Looter","floor":10,"turns":3},{"damage":29,"enemies":"Gremlin Nob","floor":12,"turns":4},{"damage":0,"enemies":"3 Louse","floor":13,"turns":3},{"damage":14,"enemies":"Slime Boss","floor":16,"turns":9},{"damage":10,"enemies":"Spheric Guardian","floor":18,"turns":4},{"damage":11,"enemies":"2 Thieves","floor":19,"turns":4},{"damage":5,"enemies":"Cultist and Chosen","floor":22,"turns":6},{"damage":36,"enemies":"Chosen and Byrds","floor":23,"turns":6},{"damage":39,"enemies":"Book of Stabbing","floor":27,"turns":4}],"seed_played":"85187902827661125","potions_obtained":[{"floor":1,"key":"sneckomod:MuddlingPotion"},{"floor":8,"key":"conspire:TimeTravelPotion"},{"floor":10,"key":"champ:CounterPotion"},{"floor":12,"key":"DuplicationPotion"},{"floor":13,"key":"Block Potion"},{"floor":16,"key":"Guardian:BlockOnCardUsePotion"},{"floor":18,"key":"SpeedPotion"},{"floor":19,"key":"Fruit Juice"},{"floor":22,"key":"DuplicationPotion"}],"is_trial":true,"path_per_floor":["M","?","?","$","M","E","R","M","T","M","R","E","M","$","R","B",null,"M","M","?","?","M","M","R","$","T","E"],"character_chosen":"WATCHER","items_purchased":["hexamod:ThirdSeal"],"campfire_rested":3,"item_purchase_floors":[14],"current_hp_per_floor":[71,71,71,71,71,54,72,72,72,66,66,55,55,55,72,58,72,62,56,56,56,51,15,38,38,38,0,0],"gold":27,"neow_bonus":"","is_daily":false,"chose_seed":false,"campfire_upgraded":1,"win_rate":0.0,"timestamp":1608106892,"path_taken":["M","?","?","$","M","E","R","M","T","M","R","?","?","?","R","BOSS","M","M","?","?","?","M","R","$","T","?"],"items_purchased_type":["Card"],"build_version":"2020-12-13","purchased_purges":2,"victory":false,"max_hp_per_floor":[72,72,72,72,72,72,72,72,72,72,72,72,72,72,72,72,72,72,77,77,77,77,77,77,77,77,77,77],"card_choices":[{"not_picked":["champ:SkillfulDodge","champ:Haymaker"],"picked":"Poisoned Stab","floor":1},{"not_picked":["Gash","Guardian:Incinerate","hexamod:NightmareGuise"],"picked":"SKIP","floor":5},{"not_picked":["hexamod:Firestarter","sneckomod:SlitherStrike","Tantrum"],"picked":"SKIP","floor":6},{"not_picked":["Havoc","Dagger Throw","Whirlwind"],"picked":"SKIP","floor":8},{"not_picked":["champ:CrookedStrike","Steam"],"picked":"Unload","floor":10},{"not_picked":["Entrench","Dodge and Roll"],"picked":"Storm","floor":12},{"not_picked":["Ghostly Armor","Catalyst"],"picked":"Slimebound:RainOfGoop","floor":13},{"not_picked":["Slimebound:OneTwoCombo","Bludgeon"],"picked":"hexamod:WildfireWeapon","floor":16},{"not_picked":[],"picked":"Guardian:RollAttack+1","floor":18},{"not_picked":["sneckomod:UnknownStrike"],"picked":"SKIP","floor":18},{"not_picked":[],"picked":"Streamline","floor":19},{"not_picked":[],"picked":"Guardian:Gem_Lightblue","floor":22},{"not_picked":["Skewer"],"picked":"SKIP","floor":22},{"not_picked":["hexamod:InspiringFlames+1"],"picked":"SKIP","floor":23},{"not_picked":["Armaments"],"picked":"SKIP","floor":23}],"player_experience":390269,"relics_obtained":[{"floor":6,"key":"White Beast Statue"},{"floor":9,"key":"aspiration:FetidBarrel"},{"floor":12,"key":"FossilizedHelix"},{"floor":26,"key":"Singing Bowl"}],"event_choices":[{"damage_healed":0,"gold_gain":0,"player_choice":"Rummage","damage_taken":0,"relics_obtained":["WarpedTongs"],"max_hp_gain":0,"max_hp_loss":0,"event_name":"Accursed Blacksmith","floor":3,"gold_loss":0,"cards_obtained":["Pain"]},{"damage_healed":0,"gold_gain":0,"player_choice":"Paid Fearfully","damage_taken":0,"max_hp_gain":0,"max_hp_loss":0,"event_name":"Masked Bandits","floor":20,"gold_loss":235},{"damage_healed":0,"gold_gain":0,"player_choice":"Leave","damage_taken":0,"max_hp_gain":0,"max_hp_loss":0,"event_name":"conspire:Investor","floor":21,"gold_loss":0}],"is_beta":false,"boss_relics":[{"not_picked":["aspiration:RitualDagger","aspiration:SilentSkillbook"],"picked":"Busted Crown"}],"items_purged_floors":[4,14],"is_endless":true,"potions_floor_spawned":[1,8,10,12,13,16,18,19,22,23],"killed_by":"Book of Stabbing","ascension_level":0}}