{"host":"0u21swshytqr30ym","time":1608087675,"event":{"mods":["2.2 Compatiblity","Act Like it!","BaseMod","Better Third Choice","ChefMod","Colored Map","Downfall","Hallownest","Hermit","Hubris","Minty Spire (QoL Compilation)","StSLib","The Bug Knight"],"gold_per_floor":[99,99,399,427,427,427,453,478,478,478,492,354,92,92,122,235,247,259,33,58,58,90,40,40,40,55,85,70,87,103,103,121,218,218,218,218,218,318,334,334,334,334,344,344,344,356,382,396,414,414],"floor_reached":51,"playtime":4788,"items_purged":["Guardian:Defend_Guardian","Slimebound:Icky","Slimebound:Icky"],"score":732,"play_id":"ce1cdf11-8a6d-4e57-a06b-01a757d26af3","local_time":"20201216010114","is_ascension_mode":false,"campfire_choices":[{"data":"Guardian:TwinSlam","floor":1.0,"key":"SMITH"},{"data":"Guardian:SphericShield","floor":6.0,"key":"SMITH"},{"floor":35,"key":"RECALL"},{"data":"Guardian:ShieldCharger","floor":37,"key":"SMITH"},{"data":"Guardian:EvasiveProtocol","floor":40,"key":"SMITH"},{"data":"Guardian:ChargeCore","floor":42,"key":"SMITH"},{"data":"SashWhip","floor":44,"key":"SMITH"}],"circlet_count":0,"master_deck":["Guardian:Strike_Guardian+1","Guardian:Strike_Guardian","Guardian:Strike_Guardian","Guardian:Defend_Guardian","Guardian:Defend_Guardian","Guardian:CurlUp","Guardian:TwinSlam+1","Guardian:SphericShield+1","Guardian:Incinerate+1","Guardian:ChargeCore","Guardian:Preprogram","Guardian:ShieldCharger+1","Guardian:ChargeCore+1","Guardian:SentryBeam+1","Guardian:GuardianWhirl+1","Guardian:PiercingHide+1","expansioncontent:AwakenDeath","Consecrate","Guardian:Recover+1","SashWhip+1","Guardian:TemporalStrike","Guardian:ExploitGems","Regret","Guardian:EvasiveProtocol+1","Guardian:Gem_Fragmented","hubris:Disease","Guardian:Gem_Red","Guardian:ChargeUp","Shame","Guardian:TemporalStrike","Guardian:Gem_Purple"],"relics":["Guardian:ModeShifter","downfall:HeartsMalice","Vajra","Guardian:PickAxe","Pen Nib","Whetstone","Lantern","MawBank","Astrolabe","hubris:DisguiseKit","Tiny Chest","Mango","White Beast Statue","Cursed Key","Toy Ornithopter","PreservedInsect","hubris:Icosahedron","hubris:SlimyHat"],"acts_visited":["Exordium","TheCity","TheBeyond"],"potions_floor_usage":[32,32,33,48,49,50,50],"damage_taken":[{"damage":0.0,"enemies":"Lagavulin","floor":4.0,"turns":1.0},{"damage":0.0,"enemies":"Small Slimes","floor":5.0,"turns":1.0},{"damage":0.0,"enemies":"Gremlin Nob","floor":8.0,"turns":1.0},{"damage":1.0,"enemies":"2 Louse","floor":11.0,"turns":2.0},{"damage":0.0,"enemies":"downfall:FleeingMerchant","floor":12.0,"turns":4.0},{"damage":5.0,"enemies":"downfall:FleeingMerchant","floor":13.0,"turns":4.0},{"damage":0.0,"enemies":"Jaw Worm","floor":15.0,"turns":2.0},{"damage":44.0,"enemies":"downfall:Defect","floor":16.0,"turns":12.0},{"damage":12.0,"enemies":"downfall:FleeingMerchant","floor":19.0,"turns":4.0},{"damage":4.0,"enemies":"HollowMod:Nosk","floor":20.0,"turns":8.0},{"damage":33.0,"enemies":"Slavers","floor":22.0,"turns":5.0},{"damage":1.0,"enemies":"Shell Parasite","floor":26.0,"turns":4.0},{"damage":7.0,"enemies":"HollowMod:Nosk","floor":27.0,"turns":6.0},{"damage":5.0,"enemies":"downfall:FleeingMerchant","floor":28.0,"turns":4.0},{"damage":16,"enemies":"Snake Plant","floor":29,"turns":2},{"damage":0,"enemies":"Sentry and Sphere","floor":30,"turns":3},{"damage":0,"enemies":"3 Cultists","floor":32,"turns":5},{"damage":3,"enemies":"downfall:Silent","floor":33,"turns":6},{"damage":2,"enemies":"downfall:LadyInBlue","floor":38,"turns":5},{"damage":4,"enemies":"3 Shapes","floor":39,"turns":5},{"damage":24,"enemies":"3 Darklings","floor":43,"turns":4},{"damage":9,"enemies":"Transient","floor":46,"turns":5},{"damage":26,"enemies":"Spire Growth","floor":48,"turns":6},{"damage":4,"enemies":"Sphere and 2 Shapes","floor":49,"turns":4},{"damage":13,"enemies":"downfall:Watcher","floor":50,"turns":11}],"seed_played":"-2935175380922195672","potions_obtained":[{"floor":4.0,"key":"AttackPotion"},{"floor":8.0,"key":"Guardian:DefensiveModePotion"},{"floor":15.0,"key":"Guardian:DefensiveModePotion"},{"floor":27.0,"key":"BlessingOfTheForge"},{"floor":28,"key":"LiquidMemories"},{"floor":32,"key":"Ancient Potion"},{"floor":33,"key":"ColorlessPotion"},{"floor":38,"key":"Weak Potion"},{"floor":38,"key":"Weak Potion"},{"floor":43,"key":"SteroidPotion"},{"floor":46,"key":"Strength Potion"},{"floor":48,"key":"Energy Potion"},{"floor":49,"key":"FearPotion"}],"is_trial":false,"path_per_floor":["R","?","?","E","M","R","T","E","?","R","M","$","$","?","M","B",null,"R","$","E","R","E","?","T","?","M","E","$","M","M","?","M","B",null,"R","T","R","?","M","R","T","R","M","R","?","M","T","M","M","B",null],"character_chosen":"GUARDIAN","items_purchased":["Guardian:ChargeCore","Whetstone","expansioncontent:AwakenDeath"],"campfire_rested":0,"item_purchase_floors":[12,13,19],"current_hp_per_floor":[80,80,80,80,80,80,80,80,80,80,79,79,74,64,64,20,80,80,68,64,64,31,61,75,75,74,67,62,46,46,18,18,15,94,94,94,94,92,88,88,88,88,64,64,64,85,85,64,65,62],"gold":414,"neow_bonus":"THREE_ENEMY_KILL","is_daily":false,"chose_seed":false,"campfire_upgraded":6,"win_rate":0.0,"timestamp":1608087674,"path_taken":["R","?","?","E","M","R","T","E","?","R","M","$","$","?","M","BOSS","R","$","E","R","E","?","T","?","M","E","$","M","M","?","M","BOSS","R","?","R","?","M","R","T","R","?","R","?","M","?","?","M","BOSS"],"items_purchased_type":["Card","Relic","Card"],"build_version":"2020-12-13","purchased_purges":3,"victory":true,"max_hp_per_floor":[80,80,80,80,80,80,80,80,80,80,80,80,80,80,80,80,80,80,80,80,80,80,80,94,94,94,94,94,94,94,94,94,94,94,94,94,94,94,94,94,94,94,94,94,94,94,94,94,94,94],"card_choices":[{"not_picked":["Guardian:Emergency","Guardian:TimeCapacitor"],"picked":"Guardian:SphericShield","floor":4.0},{"not_picked":["Guardian:PiercingHide","Guardian:EvasiveProtocol"],"picked":"Guardian:Incinerate","floor":5.0},{"not_picked":["Guardian:Emergency","Guardian:RollAttack"],"picked":"Guardian:ChargeCore","floor":8.0},{"not_picked":["Guardian:TimeSifter","Guardian:Planning"],"picked":"Guardian:Recover","floor":11.0},{"not_picked":["Guardian:ShieldSpikes","Guardian:Gem_Lightblue"],"picked":"Guardian:ShieldCharger","floor":12.0},{"not_picked":["Guardian:Gem_Lightblue","Guardian:PiercingHide","Guardian:TemporalStrike"],"picked":"SKIP","floor":13.0},{"not_picked":["Guardian:ConstructionForm","Guardian:VentSteam"],"picked":"Guardian:Gem_Green","floor":15.0},{"not_picked":["Guardian:ChargeCore","Guardian:Gem_Green"],"picked":"Guardian:Gem_Purple","floor":19.0},{"not_picked":["Guardian:Reroute","Guardian:TimeCapacitor+1"],"picked":"Guardian:Gem_Crimson","floor":20.0},{"not_picked":["Guardian:RollAttack","Guardian:Repulse+1","Guardian:CrystalBeam+1","SandsOfTime"],"picked":"SKIP","floor":22.0},{"not_picked":["Guardian:BaubleBeam","Guardian:BronzeArmor","Guardian:Recover"],"picked":"Consecrate","floor":26.0},{"not_picked":["Guardian:RollAttack","Guardian:Repulse","Guardian:Gem_Lightblue","Protect"],"picked":"SKIP","floor":27.0},{"not_picked":["Guardian:BronzeArmor","Guardian:StasisStrike","Guardian:TimeSifter","EmptyBody"],"picked":"SKIP","floor":28},{"not_picked":["Guardian:MultiBeam","Guardian:Gem_Green","CrushJoints"],"picked":"Guardian:Recover+1","floor":29},{"not_picked":["Guardian:Gem_Green","Guardian:Gem_Cyan","Guardian:TimeCapacitor"],"picked":"SashWhip","floor":30},{"not_picked":["Guardian:ChargeCore+1","Guardian:DonusPower","JustLucky"],"picked":"Guardian:TemporalStrike","floor":32},{"not_picked":["Guardian:BaubleBeam","Guardian:AncientConstruct","Blasphemy"],"picked":"Guardian:ExploitGems","floor":33},{"not_picked":["Guardian:Emergency+1","Guardian:Recover+1","Worship"],"picked":"Guardian:EvasiveProtocol","floor":38},{"not_picked":["Guardian:Incinerate","Guardian:Recover+1","ThirdEye"],"picked":"Guardian:Gem_Fragmented","floor":39},{"not_picked":["Guardian:Planning","Guardian:EvasiveProtocol","EmptyBody"],"picked":"Guardian:Gem_Red","floor":43},{"not_picked":["Guardian:Recover+1","Guardian:Preprogram+1","FlurryOfBlows"],"picked":"Guardian:ChargeUp","floor":46},{"not_picked":["Guardian:Gem_Cyan","Guardian:Planning+1","JustLucky"],"picked":"Guardian:TemporalStrike","floor":48},{"not_picked":["Guardian:FloatingOrbs+1","Guardian:AncientConstruct","Indignation"],"picked":"Guardian:Gem_Purple","floor":49}],"player_experience":339722,"relics_obtained":[{"floor":4.0,"key":"Vajra"},{"floor":7.0,"key":"Guardian:PickAxe"},{"floor":8.0,"key":"Pen Nib"},{"floor":20.0,"key":"hubris:DisguiseKit"},{"floor":22.0,"key":"Tiny Chest"},{"floor":24.0,"key":"Mango"},{"floor":27.0,"key":"White Beast Statue"},{"floor":38,"key":"Toy Ornithopter"},{"floor":41,"key":"PreservedInsect"},{"floor":47,"key":"hubris:SlimyHat"}],"event_choices":[{"damage_healed":0.0,"max_hp_gain":0.0,"max_hp_loss":0.0,"gold_gain":1.0,"event_name":"betterThird:BetterScrap","player_choice":"Relic Relic ","floor":14.0,"gold_loss":0.0,"damage_taken":10.0,"cards_obtained":["Judgement"]}],"is_beta":false,"boss_relics":[{"not_picked":["hubris:BlackHole","hubris:GrandSneckoEye"],"picked":"Astrolabe"},{"not_picked":["Runic Dome","hubris:CrackedHourglass"],"picked":"Cursed Key"}],"items_purged_floors":[12,13,19],"is_endless":false,"potions_floor_spawned":[4,8,15,16,20,26,27,28,29,30,32,33,39,43,46,48,49],"ascension_level":0}}