{"host":"mg3e76uznu9x14du","time":1608078181,"event":{"mods":["BaseMod","Colored Map","Downfall","Minty Spire (QoL Compilation)","Permanent Neow","Relic Stats","StSLib","Waifu the Spire","everything is the same but u backflip on backflip"],"gold_per_floor":[99,113,113,139,139,168,168,178,178,211,275,341,402,416,426,524,524,524,559,409,96,146,160,160,172,206,131,46,96,3,17,35,138,138,138,207,257,232,635,649,649,662,662,687,28,39,89,105,115,115,115,140,3,3,3],"floor_reached":56,"playtime":11885,"items_purged":[],"score":1364,"play_id":"f6b1669b-09d4-4f5e-ab6c-247b82fc3b76","local_time":"20201215192300","is_ascension_mode":false,"campfire_choices":[{"data":"champ:Taunt","floor":1,"key":"SMITH"},{"floor":18,"key":"RECALL"},{"data":"champ:MurderStrike","floor":20,"key":"SMITH"},{"data":"champ:DefensiveStyle","floor":27,"key":"SMITH"},{"data":"champ:HeavySlash","floor":35,"key":"SMITH"},{"data":"champ:VampiricStrike","floor":43,"key":"SMITH"},{"data":"champ:HeavySlash","floor":54,"key":"SMITH"}],"circlet_count":0,"master_deck":["champ:Strike","champ:Strike","champ:Strike","champ:Strike","champ:Defend","champ:Defend","champ:Defend","champ:Defend","champ:Execute","champ:Taunt+1","champ:MurderStrike+1","champ:PerfectedStrike","champ:SteelEdge","champ:Backstep","champ:DefensiveShout+1","champ:Circumvent+1","champ:ShieldSlam","champ:RapidStrikes","champ:StanceDance+1","champ:BringItOn+1","champ:ShieldThrow","champ:BladeFlurry","champ:HeavySlash+1","champ:FalseCounter+1","champ:Duel","expansioncontent:DecasProtection+1","champ:StanceDance+1","champ:AdrenalArmor+1","champ:ArenaPreparation+1","champ:FanOfKnives","champ:Riposte+1","Decay","champ:FalseCounter+1","champ:Taunt+1","champ:TornadoPunch","champ:PerfectForm","champ:EnGarde+1","champ:BerserkerStyle","champ:DeathBlow+1","champ:VampiricStrike+1","champ:BerserkerStyle","champ:Encircle+1","champ:RecklessLeap","champ:GladiatorsShout+1","champ:TornadoPunch+1","expansioncontent:DecasProtection+1","champ:CalledShot","expansioncontent:CaCaw","champ:Lariat+1","Parasite","champ:EnGarde+1","champ:Circumvent+1","champ:HeavySlash+1"],"relics":["champ:ChampionCrown","Art of War","SsserpentHead","Ice Cream","Toxic Egg 2","Blue Candle","Velvet Choker","hexamod:BolsterEngine","downfall:HeartBlessingRed","downfall:HeartBlessingGreen","Lantern","Eternal Feather","Pocketwatch","downfall:HeartBlessingBlue","Lee\u0027s Waffle","Snecko Eye","Old Coin","Turnip","champ:DefensiveTrainingManual","ClockworkSouvenir","Oddly Smooth Stone","TungstenRod","HornCleat"],"acts_visited":["Exordium","TheCity","TheBeyond","TheEnding"],"potions_floor_usage":[10,14,16,16,26,30,42,55,55,55],"damage_taken":[{"damage":5,"enemies":"Jaw Worm","floor":2,"turns":5},{"damage":44,"enemies":"Lagavulin","floor":4,"turns":6},{"damage":19,"enemies":"3 Sentries","floor":6,"turns":10},{"damage":0,"enemies":"Small Slimes","floor":8,"turns":5},{"damage":0,"enemies":"Cultist","floor":9,"turns":1},{"damage":13,"enemies":"Lagavulin","floor":10,"turns":7},{"damage":10,"enemies":"Lots of Slimes","floor":11,"turns":7},{"damage":23,"enemies":"Gremlin Gang","floor":12,"turns":6},{"damage":7,"enemies":"2 Fungi Beasts","floor":13,"turns":4},{"damage":5,"enemies":"3 Louse","floor":14,"turns":3},{"damage":0,"enemies":"Lots of Slimes","floor":15,"turns":4},{"damage":19,"enemies":"downfall:Silent","floor":16,"turns":8},{"damage":29,"enemies":"Slavers","floor":19,"turns":7},{"damage":0,"enemies":"downfall:FleeingMerchant","floor":21,"turns":4},{"damage":0,"enemies":"Chosen","floor":23,"turns":3},{"damage":26,"enemies":"3 Byrds","floor":25,"turns":6},{"damage":14,"enemies":"Gremlin Leader","floor":26,"turns":8},{"damage":8,"enemies":"downfall:FleeingMerchant","floor":28,"turns":4},{"damage":0,"enemies":"downfall:FleeingMerchant","floor":30,"turns":4},{"damage":2,"enemies":"Cultist and Chosen","floor":31,"turns":5},{"damage":53,"enemies":"Centurion and Healer","floor":32,"turns":5},{"damage":31,"enemies":"downfall:Watcher","floor":33,"turns":4},{"damage":9,"enemies":"3 Shapes","floor":36,"turns":4},{"damage":38,"enemies":"2 Orb Walkers","floor":39,"turns":5},{"damage":49,"enemies":"3 Darklings","floor":40,"turns":3},{"damage":94,"enemies":"Writhing Mass","floor":42,"turns":5},{"damage":47,"enemies":"Nemesis","floor":44,"turns":5},{"damage":26,"enemies":"Maw","floor":46,"turns":4},{"damage":66,"enemies":"Transient","floor":48,"turns":5},{"damage":89,"enemies":"Writhing Mass","floor":49,"turns":4},{"damage":37,"enemies":"downfall:Defect","floor":50,"turns":5},{"damage":98,"enemies":"downfall:CharBossMerchant","floor":52,"turns":7},{"damage":195,"enemies":"downfall:NeowBoss","floor":55,"turns":22}],"seed_played":"-1638391142360206751","potions_obtained":[{"floor":2,"key":"FairyPotion"},{"floor":6,"key":"GamblersBrew"},{"floor":11,"key":"Swift Potion"},{"floor":12,"key":"FearPotion"},{"floor":14,"key":"SkillPotion"},{"floor":16,"key":"LiquidMemories"},{"floor":23,"key":"Ancient Potion"},{"floor":25,"key":"Block Potion"},{"floor":31,"key":"champ:TechniquePotion"},{"floor":33,"key":"PowerPotion"},{"floor":42,"key":"SteroidPotion"}],"is_trial":false,"path_per_floor":["R","M","?","E","?","E","T","M","M","E","M","M","M","M","M","B",null,"R","E","R","$","?","M","T","M","E","R","$","?","$","M","M","B",null,"R","M","?","?","?","M","T","M","R","E","$","M","?","M","M","B",null,"E","$","R","B",null],"character_chosen":"THE_CHAMP","items_purchased":["Lantern","expansioncontent:DecasProtection+1","champ:StanceDance+1","champ:Riposte+1","champ:PerfectForm","champ:EnGarde+1","Lee\u0027s Waffle","Swift Potion","champ:BerserkerStyle","ClockworkSouvenir","Oddly Smooth Stone","TungstenRod","expansioncontent:DecasProtection+1","champ:HeavySlash"],"campfire_rested":0,"item_purchase_floors":[21,21,21,28,30,30,30,30,38,45,45,45,45,53],"current_hp_per_floor":[90,90,90,51,51,37,37,37,37,29,19,27,25,20,20,6,90,90,66,66,66,66,66,66,53,53,81,81,81,107,107,101,100,107,107,106,106,106,97,97,97,84,108,107,107,104,104,80,85,102,112,104,104,112,105],"gold":3,"neow_bonus":"ONE_RANDOM_RARE_CARD","is_daily":false,"chose_seed":false,"campfire_upgraded":6,"win_rate":0.0,"timestamp":1608078180,"path_taken":["R","M","?","E","?","E","T","M","M","E","?","?","?","M","M","BOSS","R","E","R","$","?","M","T","M","E","R","$","?","$","M","M","BOSS","R","?","?","?","?","M","T","M","R","E","$","M","?","M","M","BOSS","E","$","R","BOSS"],"items_purchased_type":["Relic","Card","Card","Card","Card","Card","Relic","Potion","Card","Relic","Relic","Relic","Card","Card"],"build_version":"2020-12-13","purchased_purges":0,"victory":true,"max_hp_per_floor":[90,90,90,90,90,90,90,90,90,90,90,90,90,90,90,90,90,90,90,90,90,90,90,90,90,90,100,100,100,107,107,107,107,107,107,107,107,107,107,107,107,112,112,112,112,112,112,112,112,112,112,112,112,112,112],"relic_stats":{"SsserpentHead":500,"Lee\u0027s Waffle":26,"counters":[33,185],"Blue Candle":[18],"Snecko Eye":[125,125,127,125],"Eternal Feather":50,"Turnip":[5],"Art of War":[26],"obtain_stats":[{"Ice Cream":6,"Lantern":21,"Lee\u0027s Waffle":30,"downfall:HeartBlessingRed":20,"Blue Candle":10,"Velvet Choker":17,"Oddly Smooth Stone":45,"champ:ChampionCrown":0,"downfall:HeartBlessingGreen":20,"Eternal Feather":22,"Old Coin":39,"ClockworkSouvenir":45,"SsserpentHead":5,"downfall:BrokenWingStatue":3,"HornCleat":52,"downfall:HeartBlessingBlue":27,"champ:DefensiveTrainingManual":44,"Snecko Eye":34,"Turnip":41,"Art of War":4,"Toxic Egg 2":7,"hexamod:BolsterEngine":19,"TungstenRod":45,"Pocketwatch":26},{"Ice Cream":3,"Lantern":14,"Lee\u0027s Waffle":19,"downfall:HeartBlessingRed":13,"Blue Candle":6,"Velvet Choker":12,"Oddly Smooth Stone":27,"champ:ChampionCrown":0,"downfall:HeartBlessingGreen":13,"Eternal Feather":14,"Old Coin":24,"ClockworkSouvenir":27,"SsserpentHead":2,"downfall:BrokenWingStatue":1,"HornCleat":32,"downfall:HeartBlessingBlue":17,"champ:DefensiveTrainingManual":27,"Snecko Eye":22,"Turnip":25,"Art of War":2,"Toxic Egg 2":3,"hexamod:BolsterEngine":13,"TungstenRod":27,"Pocketwatch":17},{"Ice Cream":21,"Lantern":77,"Lee\u0027s Waffle":102,"downfall:HeartBlessingRed":73,"Blue Candle":34,"Velvet Choker":66,"Oddly Smooth Stone":138,"champ:ChampionCrown":0,"downfall:HeartBlessingGreen":73,"Eternal Feather":77,"Old Coin":125,"ClockworkSouvenir":138,"SsserpentHead":11,"downfall:BrokenWingStatue":5,"HornCleat":163,"downfall:HeartBlessingBlue":94,"champ:DefensiveTrainingManual":138,"Snecko Eye":116,"Turnip":128,"Art of War":11,"Toxic Egg 2":21,"hexamod:BolsterEngine":73,"TungstenRod":138,"Pocketwatch":94}],"TungstenRod":119,"Pocketwatch":[34]},"card_choices":[{"not_picked":["champ:Duel","champ:BladeFlurry"],"picked":"champ:PerfectedStrike","floor":2},{"not_picked":["champ:Haymaker","champ:TornadoPunch"],"picked":"champ:SteelEdge","floor":4},{"not_picked":["champ:RapidStrikes","champ:AdrenalArmor"],"picked":"champ:Backstep","floor":6},{"not_picked":["champ:RapidStrikes","champ:HeartStrike"],"picked":"champ:DefensiveShout+1","floor":8},{"not_picked":["champ:BerserkerStyle","champ:StanceDance+1"],"picked":"champ:Circumvent+1","floor":9},{"not_picked":["champ:FanOfKnives","champ:RisingSlash"],"picked":"champ:ShieldSlam","floor":10},{"not_picked":["champ:EndlessRage","champ:PerfectedStrike"],"picked":"champ:RapidStrikes","floor":11},{"not_picked":["champ:AdrenalArmor+1","champ:GladiatorsShout+1"],"picked":"champ:StanceDance+1","floor":12},{"not_picked":["champ:DefensiveShout+1","champ:PerfectedStrike"],"picked":"champ:BringItOn+1","floor":13},{"not_picked":["champ:PreciseThrust","champ:DefensiveShout+1"],"picked":"champ:ShieldThrow","floor":14},{"not_picked":["champ:Haymaker","champ:DefensiveShout+1"],"picked":"champ:BladeFlurry","floor":15},{"not_picked":["champ:PerfectForm","champ:ShieldThrow"],"picked":"champ:HeavySlash","floor":16},{"not_picked":["champ:Haymaker","champ:AdrenalArmor+1"],"picked":"champ:FalseCounter+1","floor":19},{"not_picked":["champ:BladeFlurry","champ:BerserkersShout+1"],"picked":"champ:Duel","floor":21},{"not_picked":["champ:StanceDance+1","champ:BladeFlurry"],"picked":"champ:AdrenalArmor+1","floor":23},{"not_picked":["champ:FocusedGladiator+1","champ:FightOn"],"picked":"champ:ArenaPreparation+1","floor":25},{"not_picked":["champ:LastStand","champ:FlashCut+1"],"picked":"champ:DefensiveStyle","floor":26},{"not_picked":["champ:FocusedDefense+1","champ:FlashCut"],"picked":"champ:FanOfKnives","floor":28},{"not_picked":["champ:MurderStrike","champ:AdrenalArmor+1"],"picked":"champ:TornadoPunch","floor":30},{"not_picked":["champ:FightOn","champ:Encircle"],"picked":"champ:BerserkerStyle","floor":31},{"not_picked":["champ:BladeFlurry","champ:PerfectedStrike"],"picked":"champ:DeathBlow+1","floor":32},{"not_picked":["champ:CrownThrow","champ:DancingMaster"],"picked":"champ:VampiricStrike","floor":33},{"not_picked":["champ:FocusedBerserking+1","champ:Encircle"],"picked":"champ:FightOn","floor":36},{"not_picked":["champ:FocusedDefense+1","champ:Backstep+1"],"picked":"champ:Encircle+1","floor":39},{"not_picked":["champ:BringItOn+1","champ:FightOn"],"picked":"champ:RecklessLeap","floor":40},{"not_picked":["champ:DefensiveShout+1","champ:RapidStrikes"],"picked":"champ:GladiatorsShout+1","floor":42},{"not_picked":["champ:FocusedDefense+1","champ:GladiatorsShout+1"],"picked":"champ:TornadoPunch+1","floor":44},{"not_picked":["champ:VampiricStrike","champ:BerserkerStyle+1"],"picked":"champ:CalledShot","floor":46},{"not_picked":["expansioncontent:PolyBeam","expansioncontent:DarkVoid"],"picked":"expansioncontent:CaCaw","floor":47},{"not_picked":["champ:DefensiveShout+1","champ:Encircle+1"],"picked":"champ:Lariat+1","floor":48},{"not_picked":["champ:ArenaPreparation+1","champ:Lariat+1"],"picked":"champ:EnGarde+1","floor":49},{"not_picked":["champ:ViciousMockery+1","champ:Backstep+1"],"picked":"champ:Circumvent+1","floor":52}],"player_experience":383220,"relics_obtained":[{"floor":4,"key":"Art of War"},{"floor":6,"key":"Ice Cream"},{"floor":7,"key":"Toxic Egg 2"},{"floor":10,"key":"Blue Candle"},{"floor":19,"key":"hexamod:BolsterEngine"},{"floor":26,"key":"Pocketwatch"},{"floor":39,"key":"Old Coin"},{"floor":41,"key":"Turnip"},{"floor":44,"key":"champ:DefensiveTrainingManual"},{"floor":52,"key":"HornCleat"}],"event_choices":[{"damage_healed":0,"gold_gain":0,"player_choice":"Trade","damage_taken":0,"relics_obtained":["SsserpentHead"],"max_hp_gain":0,"max_hp_loss":0,"event_name":"FaceTrader","floor":5,"gold_loss":0},{"cards_removed":["champ:DefensiveStyle"],"damage_healed":0,"gold_gain":0,"player_choice":"Removed Power","damage_taken":0,"max_hp_gain":0,"max_hp_loss":0,"event_name":"Falling","floor":37,"gold_loss":0},{"damage_healed":0,"gold_gain":0,"player_choice":"Fight","damage_taken":0,"max_hp_gain":0,"max_hp_loss":0,"event_name":"Mysterious Sphere","floor":39,"gold_loss":0}],"is_beta":false,"boss_relics":[{"not_picked":["Empty Cage","Coffee Dripper"],"picked":"Velvet Choker"},{"not_picked":["Sozu","Astrolabe"],"picked":"Snecko Eye"}],"items_purged_floors":[],"is_endless":false,"potions_floor_spawned":[2,6,11,12,14,16,23,25,31,32,33,36,42],"ascension_level":0}}