{"host":"gc0hqzwg2gd3zszy","time":1608087416,"event":{"mods":["BaseMod","DeckTracker","Minty Spire (QoL Compilation)","Relic Stats","SuperFastMode"],"gold_per_floor":[116,128,141,157,82,82,7,32,32,64,78,153,166,199,199,271,271,286,296,139,154,154,154],"floor_reached":22,"playtime":765,"items_purged":["Strike_B","Strike_B"],"score":416,"play_id":"df5f067a-c8f8-423d-bff7-8cacf3cec6b3","local_time":"20201216115656","is_ascension_mode":true,"campfire_choices":[{"data":"Dualcast","floor":6.0,"key":"SMITH"},{"data":"Loop","floor":15.0,"key":"SMITH"}],"circlet_count":0,"master_deck":["AscendersBane","Strike_B+1","Defend_B","Defend_B","Defend_B","Defend_B","Zap","Dualcast+1","Ball Lightning","BootSequence","Lockon+1","Compile Driver","Undo","Sweeping Beam","Loop+1","Echo Form","Seek","Genetic Algorithm","Coolheaded"],"relics":["Cracked Core","Whetstone","Akabeko","Letter Opener","Sundial","Runic Dome"],"acts_visited":["Exordium","TheCity"],"potions_floor_usage":[16,16,22],"damage_taken":[{"damage":2.0,"enemies":"Cultist","floor":1.0,"turns":4.0},{"damage":2.0,"enemies":"Jaw Worm","floor":2.0,"turns":3.0},{"damage":0.0,"enemies":"2 Louse","floor":3.0,"turns":2.0},{"damage":0.0,"enemies":"Blue Slaver","floor":4.0,"turns":2.0},{"damage":20.0,"enemies":"3 Sentries","floor":8.0,"turns":7.0},{"damage":1.0,"enemies":"Gremlin Nob","floor":10.0,"turns":3.0},{"damage":0.0,"enemies":"2 Fungi Beasts","floor":11.0,"turns":2.0},{"damage":0.0,"enemies":"Lots of Slimes","floor":13.0,"turns":2.0},{"damage":7.0,"enemies":"Lagavulin","floor":14.0,"turns":6.0},{"damage":20,"enemies":"Hexaghost","floor":16,"turns":6},{"damage":0,"enemies":"Chosen","floor":18,"turns":4},{"damage":10,"enemies":"2 Thieves","floor":19,"turns":4},{"damage":42,"enemies":"Shelled Parasite and Fungi","floor":21,"turns":6},{"damage":18,"enemies":"Centurion and Healer","floor":22,"turns":3}],"seed_played":"-3226105323430508851","potions_obtained":[{"floor":4.0,"key":"SkillPotion"},{"floor":8.0,"key":"Dexterity Potion"},{"floor":14.0,"key":"Strength Potion"},{"floor":16,"key":"GamblersBrew"}],"is_trial":false,"path_per_floor":["M","M","M","M","?","R","$","E","T","E","M","?","M","E","R","B",null,"M","M","$","M","M"],"character_chosen":"DEFECT","items_purchased":["Coolheaded"],"campfire_rested":0,"item_purchase_floors":[20],"current_hp_per_floor":[69,67,67,67,67,67,67,47,47,46,46,35,35,28,28,8,61,61,51,51,9,0,0],"gold":154,"neow_bonus":"TEN_PERCENT_HP_BONUS","is_daily":false,"chose_seed":false,"campfire_upgraded":2,"win_rate":0.0,"timestamp":1608087416,"path_taken":["M","?","M","M","?","R","$","E","T","E","M","?","M","E","R","BOSS","M","M","$","M","M"],"items_purchased_type":["Card"],"build_version":"2020-12-13","purchased_purges":2,"victory":false,"max_hp_per_floor":[78,78,78,78,78,78,78,78,78,78,78,78,78,78,78,78,78,78,78,78,78,78,78],"relic_stats":{"counters":[14,54],"Sundial":[4],"Whetstone":["Lockon","Strike_B"],"Letter Opener":[70],"obtain_stats":[{"Runic Dome":17,"Sundial":14,"Whetstone":8,"Letter Opener":10,"Cracked Core":0,"Akabeko":9},{"Runic Dome":10,"Sundial":9,"Whetstone":5,"Letter Opener":6,"Cracked Core":0,"Akabeko":5},{"Runic Dome":37,"Sundial":31,"Whetstone":18,"Letter Opener":21,"Cracked Core":0,"Akabeko":18}]},"card_choices":[{"not_picked":["Coolheaded","Static Discharge"],"picked":"Ball Lightning","floor":1.0},{"not_picked":["Beam Cell","Steam Power"],"picked":"BootSequence","floor":2.0},{"not_picked":["Barrage","Steam"],"picked":"Lockon","floor":3.0},{"not_picked":["Recycle","Blizzard"],"picked":"Compile Driver","floor":4.0},{"not_picked":["Rip and Tear","Reinforced Body"],"picked":"Undo","floor":8.0},{"not_picked":["Coolheaded","Consume"],"picked":"Sweeping Beam","floor":10.0},{"not_picked":["Barrage","Streamline"],"picked":"Loop","floor":11.0},{"not_picked":["Cold Snap","Beam Cell"],"picked":"Echo Form","floor":13.0},{"not_picked":["Compile Driver","Ball Lightning","Steam Power"],"picked":"SKIP","floor":14.0},{"not_picked":["Buffer","Amplify"],"picked":"Seek","floor":16},{"not_picked":["Rebound","Compile Driver"],"picked":"Genetic Algorithm","floor":18},{"not_picked":["Conserve Battery","Barrage","Ball Lightning"],"picked":"SKIP","floor":19},{"not_picked":["Rainbow","Beam Cell","Turbo"],"picked":"SKIP","floor":21}],"player_experience":1299396,"relics_obtained":[{"floor":8.0,"key":"Whetstone"},{"floor":9.0,"key":"Akabeko"},{"floor":10.0,"key":"Letter Opener"},{"floor":14.0,"key":"Sundial"}],"event_choices":[{"cards_removed":["Strike_B"],"damage_healed":0.0,"max_hp_gain":0.0,"max_hp_loss":0.0,"gold_gain":0.0,"event_name":"The Cleric","player_choice":"Card Removal","floor":5.0,"gold_loss":75.0,"damage_taken":0.0},{"damage_healed":0.0,"max_hp_gain":0.0,"max_hp_loss":0.0,"gold_gain":75.0,"event_name":"World of Goop","player_choice":"Gather Gold","floor":12.0,"gold_loss":0.0,"damage_taken":11.0}],"is_beta":false,"boss_relics":[{"not_picked":["Runic Pyramid","Tiny House"],"picked":"Runic Dome"}],"items_purged_floors":[7,20],"is_endless":false,"potions_floor_spawned":[4,8,14,16],"killed_by":"Centurion and Healer","ascension_level":20}}