{"host":"ipcfr4ajj2jkxvg7","time":1608131038,"event":{"mods":["BaseMod","Colored Powertips","GifTheSpireLib","Marisa（F雨　魔理沙）","Minty Spire (QoL Compilation)","Quick Restart","Remilia（蕾米莉亚）","Replay The Spire","RumiaBox-露米娅的神秘盒子","StSLib"],"gold_per_floor":[116,291,42,99,116,144,154,184,208,208,30,42,42,72,72,167,167,177,188,287,287,303,303,323,198,198,198,198,230,230,244,244,349,349,367,367,107,118,98,98,132,132,132,132,146,146,165,181,181,181],"floor_reached":51,"playtime":1261,"items_purged":["Doubt","Defend_MRS","Defend_MRS","Strike_MRS"],"score":1074,"play_id":"30c16643-e8a4-4169-b561-5a9d8d594cf3","local_time":"20201216230358","is_ascension_mode":true,"campfire_choices":[{"data":"MilkyWay","floor":10.0,"key":"SMITH"},{"floor":13.0,"key":"REST"},{"data":"BinaryStars","floor":15.0,"key":"SMITH"},{"data":"PropBag","floor":23.0,"key":"SMITH"},{"floor":28.0,"key":"REST"},{"floor":30.0,"key":"REST"},{"floor":32.0,"key":"REST"},{"data":"EnergyFlow","floor":40.0,"key":"SMITH"},{"data":"MaximisePower","floor":42.0,"key":"SMITH"},{"floor":44.0,"key":"REST"},{"data":"UltimateShortwave","floor":46.0,"key":"SMITH"},{"floor":49,"key":"REST"}],"circlet_count":0,"master_deck":["Strike_MRS","Strike_MRS","Strike_MRS","Defend_MRS","Defend_MRS","MasterSpark","UpSweep","PropBag+1","Orbital","MilkyWay+1","BinaryStars+1","PulseMagic","StarBarrage","EnergyFlow+1","MaximisePower+1","PowerUp+1","ManaConvection+1","SuperPerseids","AlicesGift+1","UltimateShortwave+1","OrrerysSun+1","GalacticHalo","MilkyWay+1","Acceleration+1","EnergyFlow+1","PulseMagic","OrrerysSun"],"relics":["MiniHakkero","NeowsBlessing","AddBug","SecretRecord","SecretRecord","SecretRecord","SecretRecord","SecretRecord","SecretRecord","SecretRecord","SecretRecord","SecretRecord","SecretRecord","SecretRecord","SecretRecord","SecretRecord"],"acts_visited":["Exordium","TheCity","TheBeyond"],"potions_floor_usage":[50,50,50],"damage_taken":[{"damage":0.0,"enemies":"2 Louse","floor":1.0,"turns":1.0},{"damage":0.0,"enemies":"Small Slimes","floor":5.0,"turns":2.0},{"damage":0.0,"enemies":"Gremlin Nob","floor":6.0,"turns":1.0},{"damage":0.0,"enemies":"Cultist","floor":7.0,"turns":2.0},{"damage":25.0,"enemies":"Lagavulin","floor":8.0,"turns":4.0},{"damage":0.0,"enemies":"3 Louse","floor":12.0,"turns":1.0},{"damage":10.0,"enemies":"3 Sentries","floor":14.0,"turns":3.0},{"damage":14.0,"enemies":"The Guardian","floor":16.0,"turns":5.0},{"damage":11.0,"enemies":"Spheric Guardian","floor":18.0,"turns":3.0},{"damage":6.0,"enemies":"3 Byrds","floor":19.0,"turns":4.0},{"damage":18.0,"enemies":"Snecko","floor":22.0,"turns":3.0},{"damage":13.0,"enemies":"Shelled Parasite and Fungi","floor":24.0,"turns":3.0},{"damage":16.0,"enemies":"Book of Stabbing","floor":29.0,"turns":3.0},{"damage":9.0,"enemies":"Centurion and Healer","floor":31.0,"turns":4.0},{"damage":62.0,"enemies":"Collector","floor":33.0,"turns":6.0},{"damage":0.0,"enemies":"Orb Walker","floor":35.0,"turns":1.0},{"damage":31.0,"enemies":"3 Darklings","floor":38.0,"turns":3.0},{"damage":0.0,"enemies":"R_Hoarder","floor":41.0,"turns":3.0},{"damage":0.0,"enemies":"Maw","floor":45.0,"turns":2.0},{"damage":27.0,"enemies":"Jaw Worm Horde","floor":47.0,"turns":3.0},{"damage":18,"enemies":"4 Shapes","floor":48,"turns":4},{"damage":0,"enemies":"Time Eater","floor":50,"turns":3}],"seed_played":"1509199669250468416","potions_obtained":[{"floor":4.0,"key":"LiquidMemories"},{"floor":5.0,"key":"BlessingOfTheForge"},{"floor":8.0,"key":"Explosive Potion"},{"floor":29.0,"key":"SteroidPotion"},{"floor":31.0,"key":"Languid Potion"},{"floor":33.0,"key":"Dexterity Potion"},{"floor":35.0,"key":"Swift Potion"},{"floor":38.0,"key":"LiquidMemories"},{"floor":39.0,"key":"Cursed Concoction"}],"is_trial":false,"path_per_floor":["M","?","$","?","M","E","M","E","T","R","$","M","R","E","R","B",null,"M","M","?","?","M","R","M","$","T","$","R","E","R","M","R","B",null,"M","?","$","M","?","R","E","R","T","R","M","R","M","M","R","B",null],"character_chosen":"MARISA","items_purchased":["PropBag","FairyPotion","EnergyFlow","ReplayTheSpireMod:CursedCoin","OrrerysSun+1","GalacticHalo"],"campfire_rested":6,"item_purchase_floors":[3,3,11,25,37,37],"current_hp_per_floor":[68,68,68,50,50,50,50,25,25,25,25,25,47,37,37,23,62,51,45,45,45,27,27,14,14,14,14,36,20,42,33,55,22,62,62,62,62,31,31,31,31,31,31,53,53,53,26,8,30,30],"gold":181,"neow_bonus":"THREE_ENEMY_KILL","is_daily":false,"chose_seed":false,"campfire_upgraded":6,"win_rate":0.0,"timestamp":1608131038,"path_taken":["M","?","?","?","M","E","M","E","T","R","$","?","R","E","R","BOSS","M","M","?","?","M","R","M","?","T","$","R","E","R","M","R","BOSS","M","?","$","M","?","R","E","R","T","R","M","R","?","M","R","BOSS"],"items_purchased_type":["Card","Potion","Card","Relic","Card","Card"],"build_version":"2020-12-13","purchased_purges":4,"victory":true,"max_hp_per_floor":[75,75,75,75,75,75,75,75,75,75,75,75,75,75,75,75,75,75,75,75,75,75,75,75,75,75,75,75,75,75,75,75,75,75,75,75,75,75,75,75,75,75,75,75,75,75,75,75,75,75],"card_choices":[{"not_picked":["DoubleSpark","ShootingEcho","MysteriousBeam"],"picked":"SKIP","floor":1.0},{"not_picked":["DC","UnstableBomb"],"picked":"Orbital","floor":4.0},{"not_picked":["SporeBomb","DarkSpark"],"picked":"MilkyWay","floor":5.0},{"not_picked":["MagicChant","StarlightTyphoon"],"picked":"BinaryStars","floor":6.0},{"not_picked":["WitchLeyline","GravityBeat"],"picked":"PulseMagic","floor":7.0},{"not_picked":["ShootingEcho","MagicAbsorber"],"picked":"StarBarrage","floor":8.0},{"not_picked":["IllusionStar","LuminesStrike","SporeBomb"],"picked":"SKIP","floor":12.0},{"not_picked":["RefractionSpark","DC","CollectingQuirk"],"picked":"SKIP","floor":14.0},{"not_picked":["BlazingStar","BigCrunch"],"picked":"MaximisePower","floor":16.0},{"not_picked":["NonDirectionalLaser","PropBag"],"picked":"PowerUp+1","floor":18.0},{"not_picked":["SprinkleStarSeal","IllusionStar+1"],"picked":"ManaConvection+1","floor":19.0},{"not_picked":["6A+1","GrandCross","WitchLeyline"],"picked":"SKIP","floor":22.0},{"not_picked":["GravityBeat","AsteroidBelt"],"picked":"SuperPerseids","floor":24.0},{"not_picked":["DoubleSpark+1","LuminesStrike"],"picked":"AlicesGift+1","floor":29.0},{"not_picked":["RefractionSpark+1","DarkSpark","6A"],"picked":"SKIP","floor":31.0},{"not_picked":["CasketOfStar","BinaryStars"],"picked":"UltimateShortwave","floor":33.0},{"not_picked":["LuminesStrike","ChargeUpSpray+1","Acceleration"],"picked":"SKIP","floor":35.0},{"not_picked":["DarkMatter+1","GrandCross+1"],"picked":"MilkyWay+1","floor":38.0},{"not_picked":["WitchOfGreed+1","Orbital"],"picked":"Acceleration+1","floor":41.0},{"not_picked":["WitchOfGreed+1","MysteriousBeam+1"],"picked":"EnergyFlow+1","floor":45.0},{"not_picked":["FairyDestructionRay+1","LuminesStrike+1"],"picked":"PulseMagic","floor":47.0},{"not_picked":["SporeBomb","LuminesStrike"],"picked":"OrrerysSun","floor":48}],"player_experience":375810,"relics_obtained":[{"floor":1.0,"key":"AddBug"},{"floor":4.0,"key":"Potion Belt"},{"floor":6.0,"key":"Juzu Bracelet"},{"floor":8.0,"key":"SecretRecord"},{"floor":8.0,"key":"Omamori"},{"floor":9.0,"key":"SSSystem"},{"floor":14.0,"key":"SecretRecord"},{"floor":14.0,"key":"Incense Burner"},{"floor":18.0,"key":"SecretRecord"},{"floor":22.0,"key":"SecretRecord"},{"floor":26.0,"key":"BreadOfAWashokuLover"},{"floor":29.0,"key":"SecretRecord"},{"floor":29.0,"key":"Dream Catcher"},{"floor":31.0,"key":"SecretRecord"},{"floor":33.0,"key":"SecretRecord"},{"floor":35.0,"key":"SecretRecord"},{"floor":38.0,"key":"SecretRecord"},{"floor":41.0,"key":"Simple Rune"},{"floor":43.0,"key":"Replay:Bottled Eggs"},{"floor":45.0,"key":"SecretRecord"},{"floor":47.0,"key":"SecretRecord"},{"floor":48,"key":"SecretRecord"}],"event_choices":[{"damage_healed":0.0,"max_hp_gain":0.0,"max_hp_loss":0.0,"gold_gain":175.0,"event_name":"Liars Game","player_choice":"AGREE","floor":2.0,"gold_loss":0.0,"damage_taken":0.0,"cards_obtained":["Doubt"]},{"damage_healed":0.0,"max_hp_gain":0.0,"max_hp_loss":0.0,"gold_gain":99.0,"event_name":"Nest","player_choice":"Stole From Cult","floor":20.0,"gold_loss":0.0,"damage_taken":0.0},{"damage_healed":0.0,"max_hp_gain":0.0,"max_hp_loss":0.0,"gold_gain":0.0,"event_name":"Vampires","player_choice":"Ignored","floor":21.0,"gold_loss":0.0,"damage_taken":0.0},{"damage_healed":0.0,"max_hp_gain":0.0,"max_hp_loss":0.0,"gold_gain":0.0,"event_name":"Tomb of Lord Red Mask","player_choice":"Ignored","floor":36.0,"gold_loss":0.0,"damage_taken":0.0},{"damage_healed":0.0,"max_hp_gain":0.0,"max_hp_loss":0.0,"gold_gain":0.0,"event_name":"The Woman in Blue","player_choice":"Bought 1 Potion","floor":39.0,"gold_loss":0.0,"damage_taken":0.0}],"is_beta":false,"boss_relics":[{"not_picked":["Runic Dome","Replay:Bronze Core"],"picked":"Tiny House"},{"not_picked":["BewitchedHakkero","Runic Pyramid"],"picked":"SacredBark"}],"items_purged_floors":[3,11,25,37],"is_endless":false,"potions_floor_spawned":[5,6,8,29,31,33,35,38,45],"ascension_level":6}}