{"host":"tknto047uabgu3zm","time":1608084431,"event":{"mods":["AchievementEnabler","BaseMod","Bestiary","Block Reminder","Colored Map","Colored Powertips","Highlight Path","Minty Spire (QoL Compilation)","MonsterHotkey","Permanent Neow","Random Character Button","Rare Cards Sparkle","Relic Sorter","Relic Stats","StSLib"],"gold_per_floor":[118,130,205,205,217,217,229,260,313,328,73,89,89,121,121,193,193,206,206,217,267,37,37,70,70,70,85,85,85,117,134,134,134,134],"floor_reached":33,"playtime":2508,"items_purged":[],"score":516,"play_id":"db7a78f2-d298-4c3b-9e9d-b66ed2d292e0","local_time":"20201215180711","is_ascension_mode":true,"campfire_choices":[{"data":"Uppercut","floor":6.0,"key":"SMITH"},{"floor":15,"key":"REST"},{"data":"Whirlwind","floor":23,"key":"SMITH"},{"data":"Burning Pact","floor":25,"key":"SMITH"},{"data":"Battle Trance","floor":32,"key":"SMITH"}],"circlet_count":0,"master_deck":["AscendersBane","Strike_R","Strike_R","Strike_R","Strike_R","Strike_R","Defend_R","Defend_R","Defend_R+1","Defend_R","Bash+1","Rage","Uppercut+1","Corruption","Whirlwind+1","Evolve","Intimidate","Battle Trance+1","Iron Wave+1","Disarm","Barricade","Battle Trance+1","Flex","Body Slam+1","Burning Pact+1","Clothesline+1","Entrench+1","Metallicize+1"],"relics":["Burning Blood","Incense Burner","HornCleat","Akabeko","Molten Egg 2","Pen Nib","Snecko Eye","War Paint","Smiling Mask","InkBottle","The Courier"],"acts_visited":["Exordium","TheCity"],"potions_floor_usage":[24,33,33],"damage_taken":[{"damage":10.0,"enemies":"Small Slimes","floor":1.0,"turns":4.0},{"damage":1.0,"enemies":"2 Louse","floor":2.0,"turns":3.0},{"damage":17.0,"enemies":"Cultist","floor":5.0,"turns":5.0},{"damage":0.0,"enemies":"Gremlin Gang","floor":7.0,"turns":5.0},{"damage":37.0,"enemies":"3 Sentries","floor":8.0,"turns":7.0},{"damage":4.0,"enemies":"Blue Slaver","floor":10.0,"turns":3.0},{"damage":1.0,"enemies":"Red Slaver","floor":12.0,"turns":4.0},{"damage":5.0,"enemies":"Lagavulin","floor":14.0,"turns":6.0},{"damage":14,"enemies":"Hexaghost","floor":16,"turns":12},{"damage":0,"enemies":"Spheric Guardian","floor":18,"turns":4},{"damage":2,"enemies":"3 Byrds","floor":20,"turns":5},{"damage":24,"enemies":"Book of Stabbing","floor":24,"turns":5},{"damage":1,"enemies":"Shelled Parasite and Fungi","floor":27,"turns":4},{"damage":18,"enemies":"Gremlin Leader","floor":30,"turns":8},{"damage":0,"enemies":"Cultist and Chosen","floor":31,"turns":6},{"damage":74,"enemies":"Collector","floor":33,"turns":6}],"seed_played":"-6142190210920660188","potions_obtained":[{"floor":2.0,"key":"SkillPotion"},{"floor":8.0,"key":"Energy Potion"},{"floor":10.0,"key":"ColorlessPotion"},{"floor":12.0,"key":"AttackPotion"},{"floor":18,"key":"BloodPotion"},{"floor":30,"key":"SkillPotion"}],"is_trial":false,"path_per_floor":["M","M","?","?","M","R","M","E","T","M","$","M","?","E","R","B",null,"M","$","M","?","$","R","E","R","T","M","$","?","E","M","R","B"],"character_chosen":"IRONCLAD","items_purchased":["Molten Egg 2","Body Slam+1","War Paint","Burning Pact"],"campfire_rested":1,"item_purchase_floors":[11,22,22,22],"current_hp_per_floor":[64,69,58,58,47,47,53,22,22,24,24,29,29,30,52,44,67,73,73,75,75,75,75,57,57,57,62,62,62,50,56,56,0,0],"gold":134,"neow_bonus":"ONE_RARE_RELIC","is_daily":false,"chose_seed":false,"campfire_upgraded":4,"win_rate":0.0,"timestamp":1608084431,"path_taken":["M","M","?","?","?","R","M","E","T","M","$","?","?","E","R","BOSS","M","?","M","?","$","R","E","R","T","M","$","?","E","?","R","BOSS"],"items_purchased_type":["Relic","Card","Relic","Card"],"build_version":"2020-12-13","purchased_purges":0,"victory":false,"max_hp_per_floor":[75,75,75,75,75,75,75,75,75,75,75,75,75,75,75,75,75,75,75,75,75,75,75,75,75,75,75,75,75,75,75,75,75,75],"relic_stats":{"counters":[16,87],"Snecko Eye":[78,59,80,77],"Pen Nib":[8],"War Paint":["Defend_R","Battle Trance"],"Smiling Mask":0,"obtain_stats":[{"HornCleat":8,"Snecko Eye":17,"Molten Egg 2":11,"Pen Nib":14,"The Courier":30,"Incense Burner":0,"War Paint":22,"Smiling Mask":24,"Burning Blood":0,"Akabeko":9,"InkBottle":26},{"HornCleat":5,"Snecko Eye":9,"Molten Egg 2":6,"Pen Nib":8,"The Courier":14,"Incense Burner":0,"War Paint":11,"Smiling Mask":12,"Burning Blood":0,"Akabeko":5,"InkBottle":12},{"HornCleat":24,"Snecko Eye":49,"Molten Egg 2":27,"Pen Nib":37,"The Courier":75,"Incense Burner":0,"War Paint":58,"Smiling Mask":63,"Burning Blood":0,"Akabeko":24,"InkBottle":63}],"Burning Blood":88,"InkBottle":[3]},"card_choices":[{"not_picked":["Havoc","Pommel Strike"],"picked":"Rage","floor":1.0},{"not_picked":["Inflame","Rupture"],"picked":"Uppercut","floor":2.0},{"not_picked":["Heavy Blade","Sword Boomerang"],"picked":"Whirlwind","floor":5.0},{"not_picked":["Flex","Burning Pact"],"picked":"Evolve","floor":7.0},{"not_picked":["Clothesline","Thunderclap"],"picked":"Intimidate","floor":8.0},{"not_picked":["Clash","Infernal Blade"],"picked":"Battle Trance","floor":10.0},{"not_picked":["Dual Wield","Thunderclap+1"],"picked":"Iron Wave+1","floor":12.0},{"not_picked":["Sword Boomerang+1","Fiend Fire+1"],"picked":"Disarm","floor":14},{"not_picked":["Demon Form","Limit Break"],"picked":"Barricade","floor":16},{"not_picked":["Clash+1","Rupture"],"picked":"Battle Trance","floor":18},{"not_picked":["Ghostly Armor","Pommel Strike+1"],"picked":"Flex","floor":20},{"not_picked":["Flex","Shrug It Off"],"picked":"Clothesline+1","floor":24},{"not_picked":["Spot Weakness","Anger+1"],"picked":"Entrench+1","floor":27},{"not_picked":["Iron Wave+1","Power Through"],"picked":"Metallicize+1","floor":30},{"not_picked":["Rage","Flex","Reckless Charge+1"],"picked":"SKIP","floor":31}],"player_experience":446959,"relics_obtained":[{"floor":8.0,"key":"HornCleat"},{"floor":9.0,"key":"Akabeko"},{"floor":14,"key":"Pen Nib"},{"floor":24,"key":"Smiling Mask"},{"floor":26,"key":"InkBottle"},{"floor":30,"key":"The Courier"}],"event_choices":[{"damage_healed":0.0,"max_hp_gain":0.0,"max_hp_loss":0.0,"gold_gain":75.0,"event_name":"World of Goop","player_choice":"Gather Gold","floor":3.0,"gold_loss":0.0,"damage_taken":11.0},{"damage_healed":0.0,"max_hp_gain":0.0,"max_hp_loss":0.0,"gold_gain":0.0,"event_name":"Match and Keep!","player_choice":"1 cards matched","floor":4.0,"gold_loss":0.0,"damage_taken":0.0,"cards_obtained":["Corruption"]},{"damage_healed":0.0,"max_hp_gain":0.0,"max_hp_loss":0.0,"gold_gain":0.0,"event_name":"Match and Keep!","player_choice":"1 cards matched","floor":4.0,"gold_loss":0.0,"damage_taken":0.0,"cards_obtained":["Corruption"]},{"cards_removed":["Injury"],"damage_healed":0.0,"max_hp_gain":0.0,"max_hp_loss":0.0,"gold_gain":0.0,"event_name":"Purifier","player_choice":"Purged","floor":13.0,"gold_loss":0.0,"damage_taken":0.0},{"damage_healed":0,"gold_gain":50,"player_choice":"Stole From Cult","damage_taken":0,"max_hp_gain":0,"max_hp_loss":0,"event_name":"Nest","floor":21,"gold_loss":0},{"damage_healed":0,"gold_gain":0,"player_choice":"Upgraded","damage_taken":0,"max_hp_gain":0,"max_hp_loss":0,"event_name":"Upgrade Shrine","floor":29,"gold_loss":0,"cards_upgraded":["Bash"]}],"is_beta":false,"boss_relics":[{"not_picked":["Runic Dome","Astrolabe"],"picked":"Snecko Eye"}],"items_purged_floors":[],"is_endless":false,"potions_floor_spawned":[2,8,10,12,18,20,30,31],"killed_by":"Collector","ascension_level":15}}