{"host":"6xsbn6ynqlzwllfm","time":1608156530,"event":{"mods":["2.2 Compatiblity","BaseMod","Bestiary","Colored Map","Colored Powertips","Curses Come First","Downfall","Highlight Path","Keyboard Shortcuts","Minty Spire (QoL Compilation)","Quick Restart","Relic Stats","Slay the Relics Exporter","StSLib","SuperFastMode"],"gold_per_floor":[115,115,15,15,35,35,65,65,88,116,116,145,145,156,156,231,231,241,1,1,17,17,17,17,17,17,17,37,37,37],"floor_reached":29,"playtime":660,"items_purged":["Strike_B"],"score":420,"play_id":"08b09fcb-c3c5-4cde-a68d-3b02ca407fcf","local_time":"20201216170850","is_ascension_mode":true,"campfire_choices":[{"data":"Zap","floor":6.0,"key":"SMITH"},{"floor":8.0,"key":"REST"},{"floor":11.0,"key":"REST"},{"data":"Loop","floor":15.0,"key":"SMITH"},{"floor":23,"key":"REST"},{"floor":27,"key":"REST"}],"circlet_count":0,"master_deck":["AscendersBane","Defend_B","Defend_B","Defend_B+1","Zap+1","Dualcast","Barrage","Cold Snap+1","Loop+1","Melter+1","Cold Snap+1","Thunder Strike+1","Redo","Echo Form+1","Creative AI+1","Tempest+1","Redo+1","Storm"],"relics":["Inserter","Molten Egg 2","Juzu Bracelet","Ancient Tea Set","Ginger","Odd Mushroom","Astrolabe","Orichalcum","Frozen Egg 2"],"acts_visited":["Exordium","TheCity"],"potions_floor_usage":[21,29,29],"damage_taken":[{"damage":8.0,"enemies":"Small Slimes","floor":1.0,"turns":4.0},{"damage":4.0,"enemies":"2 Louse","floor":5.0,"turns":2.0},{"damage":32.0,"enemies":"Lagavulin","floor":7.0,"turns":7.0},{"damage":19.0,"enemies":"Gremlin Nob","floor":10.0,"turns":4.0},{"damage":0.0,"enemies":"The Mushroom Lair","floor":12.0,"turns":4.0},{"damage":2.0,"enemies":"Cultist","floor":14.0,"turns":3.0},{"damage":15.0,"enemies":"Hexaghost","floor":16.0,"turns":11.0},{"damage":39.0,"enemies":"2 Thieves","floor":18.0,"turns":4.0},{"damage":19,"enemies":"Shell Parasite","floor":21,"turns":5},{"damage":39,"enemies":"Centurion and Healer","floor":28,"turns":7},{"damage":5,"enemies":"Gremlin Leader","floor":29,"turns":2}],"seed_played":"1113240000913380689","potions_obtained":[{"floor":1.0,"key":"ColorlessPotion"},{"floor":5.0,"key":"PotionOfCapacity"},{"floor":10.0,"key":"PowerPotion"},{"floor":14.0,"key":"Energy Potion"},{"floor":18.0,"key":"Dexterity Potion"},{"floor":28,"key":"FocusPotion"}],"is_trial":false,"path_per_floor":["M","?","$","?","M","R","E","R","T","E","R","?","?","M","R","B",null,"M","$","?","M","?","R","$","?","T","R","M","E"],"character_chosen":"DEFECT","items_purchased":["Cold Snap+1","Loop","Orichalcum"],"campfire_rested":4,"item_purchase_floors":[3,3,19],"current_hp_per_floor":[56,51,51,44,40,40,8,29,29,10,31,31,36,34,34,19,62,23,23,23,4,4,26,26,20,20,42,3,0,0],"gold":37,"neow_bonus":"BOSS_RELIC","is_daily":false,"chose_seed":false,"campfire_upgraded":2,"win_rate":0.0,"timestamp":1608156530,"path_taken":["M","?","$","?","M","R","E","R","T","E","R","?","?","M","R","BOSS","M","$","?","M","?","R","$","?","T","R","M","E"],"items_purchased_type":["Card","Card","Relic"],"build_version":"2020-12-13","purchased_purges":1,"victory":false,"max_hp_per_floor":[71,71,71,71,71,71,71,71,71,71,71,71,76,76,76,76,76,76,76,76,76,76,76,76,76,76,76,76,76,76],"relic_stats":{"Inserter":[26],"counters":[11,53],"Astrolabe":["Creative AI","Tempest","Redo"],"Juzu Bracelet":1,"Ginger":[1],"Orichalcum":[24],"obtain_stats":[{"Inserter":0,"Astrolabe":17,"Molten Egg 2":2,"Juzu Bracelet":7,"Ginger":10,"Odd Mushroom":12,"Orichalcum":19,"Frozen Egg 2":26,"Cracked Core":0,"Ancient Tea Set":9},{"Inserter":0,"Astrolabe":7,"Molten Egg 2":1,"Juzu Bracelet":3,"Ginger":4,"Odd Mushroom":5,"Orichalcum":8,"Frozen Egg 2":9,"Cracked Core":0,"Ancient Tea Set":3},{"Inserter":0,"Astrolabe":35,"Molten Egg 2":4,"Juzu Bracelet":13,"Ginger":17,"Odd Mushroom":21,"Orichalcum":39,"Frozen Egg 2":44,"Cracked Core":0,"Ancient Tea Set":13}]},"card_choices":[{"not_picked":["Compile Driver","Force Field"],"picked":"Barrage","floor":1.0},{"not_picked":["Static Discharge","Skim"],"picked":"Melter+1","floor":5.0},{"not_picked":["Streamline+1","Rebound+1"],"picked":"Cold Snap+1","floor":7.0},{"not_picked":["Stack","Streamline+1","Gash+1"],"picked":"SKIP","floor":10.0},{"not_picked":["Turbo","White Noise"],"picked":"Thunder Strike+1","floor":12.0},{"not_picked":["Scrape+1","White Noise"],"picked":"Redo","floor":14.0},{"not_picked":["Creative AI","Seek"],"picked":"Echo Form","floor":16.0},{"not_picked":["Redo","Gash+1"],"picked":"Storm","floor":18.0},{"not_picked":["Tempest","Redo","Gash+1"],"picked":"SKIP","floor":21},{"not_picked":["Hologram","Redo","Rebound+1"],"picked":"SKIP","floor":28}],"player_experience":1236261,"relics_obtained":[{"floor":7.0,"key":"Juzu Bracelet"},{"floor":9.0,"key":"Ancient Tea Set"},{"floor":10.0,"key":"Ginger"},{"floor":12.0,"key":"Odd Mushroom"},{"floor":26,"key":"Frozen Egg 2"}],"event_choices":[{"damage_healed":0.0,"max_hp_gain":0.0,"max_hp_loss":0.0,"gold_gain":0.0,"event_name":"Scrap Ooze","player_choice":"Success","floor":2.0,"gold_loss":0.0,"damage_taken":5.0,"relics_obtained":["Molten Egg 2"]},{"cards_removed":["Strike_B"],"damage_healed":0.0,"max_hp_gain":0.0,"max_hp_loss":0.0,"gold_gain":0.0,"event_name":"Golden Wing","player_choice":"Card Removal","floor":4.0,"gold_loss":0.0,"damage_taken":7.0},{"damage_healed":0.0,"max_hp_gain":0.0,"max_hp_loss":0.0,"gold_gain":0.0,"event_name":"Mushrooms","player_choice":"Fought Mushrooms","floor":12.0,"gold_loss":0.0,"damage_taken":0.0},{"damage_healed":0.0,"max_hp_gain":5.0,"max_hp_loss":0.0,"gold_gain":0.0,"event_name":"Big Fish","player_choice":"Donut","floor":13.0,"gold_loss":0.0,"damage_taken":0.0},{"damage_healed":0.0,"max_hp_gain":0.0,"max_hp_loss":0.0,"gold_gain":0.0,"event_name":"Upgrade Shrine","player_choice":"Upgraded","floor":20.0,"gold_loss":0.0,"damage_taken":0.0,"cards_upgraded":["Echo Form"]},{"damage_healed":0,"gold_gain":0,"player_choice":"Forge","damage_taken":0,"max_hp_gain":0,"max_hp_loss":0,"event_name":"Accursed Blacksmith","floor":22,"gold_loss":0,"cards_upgraded":["Defend_B"]},{"damage_healed":0,"gold_gain":0,"player_choice":"","damage_taken":6,"max_hp_gain":0,"max_hp_loss":0,"event_name":"Knowing Skull","floor":25,"potions_obtained":[],"gold_loss":0,"cards_obtained":[]}],"is_beta":false,"boss_relics":[{"not_picked":["Black Star","SacredBark"],"picked":"Astrolabe"}],"items_purged_floors":[19],"is_endless":false,"potions_floor_spawned":[1,5,10,14,18,28],"killed_by":"Gremlin Leader","ascension_level":17}}