{"host":"57rcrwhzj4x4jlaj","time":1608116252,"event":{"mods":["2.2 Compatiblity","BaseMod","BetterRewards","Colored Map","Conspire","Dota2Spire","Downfall","Energized Spire","Grow up Mod","Hermit","Hubris","Infinite Spire","Marisa????????","Mimic Mod","Minty Spire (QoL Compilation)","Relic Filter","Relic Stats","Remilia??????","Replay The Spire","Shop Mod","StSLib","SuperFastMode","Td1madao Mod","The Accelerator","The Bug Knight","The Exalted","The Jungle","[IsaacMod]????","vexMod"],"gold_per_floor":[99,113,38,51,69,69,94,114,114,142,190,279,279,350,379,593,593,518,620,687,765,848,798,798,773,909,834,834,969,1088,1088,1135,1240,1240,1240,1425,1604,1676,1676,1683,1708,1708,1722,1793,1848,1909,1909,1972,1998,2192,2192,2192,2236,2255,2304,2304,2409,2550,2424,2424,2536,2624,2624,2624],"floor_reached":63,"playtime":3599,"items_purged":["champ:Execute","champ:Strike","champ:Strike","Bandage Up"],"score":1097,"play_id":"e0c5f8e6-6935-45ae-a7ca-f50d85998d42","local_time":"20201216175732","is_ascension_mode":false,"campfire_choices":[{"floor":1,"key":"RECALL"},{"data":"champ:Taunt","floor":3,"key":"SMITH"},{"data":"champ:FlashCut","floor":6,"key":"SMITH"},{"data":"champ:AdrenalArmor","floor":9,"key":"SMITH"},{"data":"champ:HoldFirm","floor":18,"key":"SMITH"},{"data":"champ:Haymaker","floor":27,"key":"SMITH"},{"data":"champ:GladiatorStyle","floor":35,"key":"SMITH"},{"data":"champ:PreciseThrust","floor":39,"key":"SMITH"},{"floor":42,"key":"REST"},{"floor":56,"key":"REST"},{"floor":60,"key":"REST"}],"circlet_count":0,"master_deck":["champ:Strike","champ:Strike","champ:Defend","champ:Defend","champ:Defend","champ:Defend","champ:Taunt+1","champ:BladeFlurry+1","champ:AdrenalArmor+1","champ:FlashCut+1","champ:Shatter","champ:BerserkersShout","champ:RapidStrikes+1","champ:TornadoPunch","champ:HoldFirm+1","champ:FocusedGladiator","champ:BladeFlurry+1","champ:Haymaker+1","champ:DeathBlow+1","champ:BerserkerStyle+1","champ:EndlessRage","champ:GladiatorStyle+1","champ:ShieldSlam","champ:FaceSlap+1","champ:PreciseThrust+1","champ:FanOfKnives+1","champ:BladeFlurry+1","champ:DefensiveShout+1","Parasite","champ:ArenaPreparation+1","champ:DefensiveStyle+1","champ:Backstep","champ:DancingMaster","champ:ArenaPreparation"],"relics":["champ:ChampionCrown","HushsDoor","BookofShadows","downfall:HeartBlessingRed","Lantern","SalivaCoin","downfall:HeartBlessingGreen","Dota2Spire:MagicBottle","Oddly Smooth Stone","downfall:HeartBlessingBlue","PreservedInsect","conspire:SpecialSausage","champ:BlackKnightHelmet","Dota2Spire:AghanimScepter","Replay:Bottled Eggs","Dota2Spire:Bloodstone","CatCart","Juzu Bracelet","Akabeko","vexMod:PaidLearning","Art of War","conspire:Boomerang","hubris:EvacipatedBox","BelialBook","Darkstone Periapt","Bromod:ArcaneTrickery","Dota2Spire:PhaseBoots","NineVolt","Dota2Spire:Vanguard","Dota2Spire:DrumOfEndurance","Kunai","Bag of Preparation","vexMod:ScavengeHelm","ReplayFunnel","hubris:HollowSoul","Dota2Spire:LinkenSphere","Dota2Spire:MaskOfMadness","FossilizedHelix","champ:BlackKnightHelmet"],"acts_visited":["Exordium","TheCity","TheBeyond","Exordium"],"potions_floor_usage":[10,16,16,26,26,36],"damage_taken":[{"damage":5,"enemies":"2 Louse","floor":2,"turns":3},{"damage":0,"enemies":"conspire:RoseBush","floor":4,"turns":4},{"damage":6,"enemies":"Cultist","floor":5,"turns":4},{"damage":0,"enemies":"3 Louse","floor":8,"turns":2},{"damage":32,"enemies":"Replay:BlueRogue","floor":10,"turns":8},{"damage":13,"enemies":"2 Fungi Beasts","floor":11,"turns":4},{"damage":28,"enemies":"Large Slime","floor":12,"turns":6},{"damage":22,"enemies":"Red Slaver","floor":14,"turns":3},{"damage":7,"enemies":"2 Fungi Beasts","floor":15,"turns":3},{"damage":44,"enemies":"downfall:Silent","floor":16,"turns":13},{"damage":42,"enemies":"Shell Parasite","floor":19,"turns":5},{"damage":20,"enemies":"3 Byrds","floor":20,"turns":9},{"damage":42,"enemies":"Cultist and Chosen","floor":21,"turns":9},{"damage":34,"enemies":"HollowMod:Nosk","floor":22,"turns":11},{"damage":123,"enemies":"Nightmare","floor":26,"turns":10},{"damage":42,"enemies":"Nightmare","floor":29,"turns":6},{"damage":38,"enemies":"Snake Plant","floor":30,"turns":5},{"damage":14,"enemies":"Snake Plant","floor":32,"turns":4},{"damage":0,"enemies":"downfall:Ironclad","floor":33,"turns":7},{"damage":94,"enemies":"Orin","floor":36,"turns":6},{"damage":155,"enemies":"Nightmare","floor":37,"turns":7},{"damage":20,"enemies":"3 Shapes","floor":38,"turns":4},{"damage":0,"enemies":"Orb Walker","floor":43,"turns":1},{"damage":16,"enemies":"Nemesis","floor":44,"turns":3},{"damage":14,"enemies":"Writhing Mass","floor":45,"turns":3},{"damage":19,"enemies":"4 Shapes","floor":46,"turns":1},{"damage":21,"enemies":"Spire Growth","floor":48,"turns":3},{"damage":25,"enemies":"Jaw Worm Horde","floor":49,"turns":2},{"damage":42,"enemies":"downfall:Watcher","floor":50,"turns":6},{"damage":3,"enemies":"Gremlin Nob","floor":53,"turns":3},{"damage":0,"enemies":"Cultist","floor":54,"turns":2},{"damage":9,"enemies":"Small Slimes","floor":55,"turns":2},{"damage":25,"enemies":"3 Sentries","floor":57,"turns":3},{"damage":43,"enemies":"2 Louse","floor":58,"turns":7},{"damage":32,"enemies":"downfall:FleeingMerchant","floor":59,"turns":4},{"damage":31,"enemies":"Nightmare","floor":61,"turns":6},{"damage":29,"enemies":"2 Louse","floor":62,"turns":2},{"damage":0,"enemies":"Exordium Thugs","floor":63,"turns":1}],"seed_played":"-723302847833565854","potions_obtained":[{"floor":8,"key":"ColorlessPotion"},{"floor":12,"key":"Weak Potion"},{"floor":14,"key":"Dexterity Potion"},{"floor":16,"key":"Toxic Potion"},{"floor":22,"key":"FearPotion"},{"floor":29,"key":"champ:UltimateStancePotion"},{"floor":36,"key":"Ancient Potion"},{"floor":38,"key":"infinitespire:BlackPotion"},{"floor":44,"key":"FearPotion"}],"is_trial":false,"path_per_floor":["R","M","R","M","M","R","T","M","R","E","M","M","?","M","M","B",null,"R","M","M","M","E","?","T","?","NM","R","AVR","?","MIM","?","M","B",null,"R","?","NM","M","R","$","T","R","M","E","M","M","T","M","M","B",null,"R_BF","E","M","M","R","E","MIM","$","R","NM","M","M"],"character_chosen":"THE_CHAMP","items_purchased":["champ:FaceSlap","champ:PreciseThrust","Akabeko","vexMod:PaidLearning","Art of War","conspire:Boomerang","hubris:EvacipatedBox","BelialBook","Darkstone Periapt","Bromod:ArcaneTrickery","Dota2Spire:PhaseBoots","NineVolt","Dota2Spire:Vanguard","Dota2Spire:DrumOfEndurance","Kunai","Damocles","Diplopia","Bandage Up"],"campfire_rested":3,"item_purchase_floors":[34,34,40,40,40,40,40,40,40,40,40,40,40,40,40,51,59,59],"current_hp_per_floor":[119,129,139,149,159,169,179,189,199,185,192,200,210,217,227,213,279,289,284,278,256,240,339,349,359,262,282,292,293,303,313,315,325,448,458,425,338,352,362,201,211,376,386,396,412,403,413,423,433,452,614,624,634,644,89,295,337,345,390,608,633,648,648,648],"gold":2624,"neow_bonus":"TEN_PERCENT_HP_BONUS","is_daily":false,"chose_seed":false,"campfire_upgraded":7,"win_rate":0.0,"timestamp":1608116252,"path_taken":["R","M","R","M","M","R","T","M","R","E","M","M","?","M","M","BOSS","R","M","M","?","E","?","T","?","NM","R","AVR","?","?","?","M","BOSS","R","?","NM","M","R","?","T","R","M","E","M","M","?","M","M","BOSS","R_BF","E","M","M","R","E","MIM","$","R","NM","M","M"],"items_purchased_type":["Card","Card","Relic","Relic","Relic","Relic","Relic","Relic","Relic","Relic","Relic","Relic","Relic","Relic","Relic","Relic","Relic","Card"],"build_version":"2020-12-13","purchased_purges":4,"victory":false,"max_hp_per_floor":[119,129,139,149,159,169,179,189,199,209,219,229,239,249,259,269,279,289,299,309,319,329,339,349,359,369,389,399,409,419,429,439,449,448,458,468,478,488,498,508,518,528,538,548,564,574,584,594,604,614,614,624,634,644,654,664,674,684,694,704,714,724,724,724],"relic_stats":{"Darkstone Periapt":6,"counters":[38,181],"PreservedInsect":422,"Juzu Bracelet":0,"Art of War":[3],"Bag of Preparation":[30],"Kunai":[10],"obtain_stats":[{"Darkstone Periapt":40,"ReplayFunnel":47,"Damocles":51,"Dota2Spire:MaskOfMadness":54,"Lantern":7,"champ:BlackKnightHelmet":29,"NineVolt":40,"champ:ChampionCrown":0,"downfall:HeartBlessingGreen":18,"conspire:SpecialSausage":28,"Dota2Spire:DrumOfEndurance":40,"Dota2Spire:Vanguard":40,"Juzu Bracelet":37,"Bag of Preparation":41,"hubris:EvacipatedBox":40,"Dota2Spire:MagicBottle":22,"downfall:HeartBlessingBlue":27,"Bromod:ArcaneTrickery":40,"Diplopia":59,"Kunai":40,"Replay:Bottled Eggs":30,"KeepersGift":0,"BookofShadows":0,"downfall:HeartBlessingRed":3,"vexMod:ScavengeHelm":44,"Oddly Smooth Stone":26,"BelialBook":40,"PreservedInsect":28,"Dota2Spire:Bloodstone":34,"hubris:HollowSoul":51,"vexMod:PaidLearning":40,"conspire:Boomerang":40,"Akabeko":40,"Dota2Spire:AghanimScepter":29,"Dota2Spire:LinkenSphere":53,"SalivaCoin":10,"Art of War":40,"CatCart":36,"HushsDoor":0,"FossilizedHelix":58,"Dota2Spire:PhaseBoots":40},{"Darkstone Periapt":22,"ReplayFunnel":26,"Damocles":29,"Dota2Spire:MaskOfMadness":31,"Lantern":3,"champ:BlackKnightHelmet":16,"NineVolt":22,"champ:ChampionCrown":0,"downfall:HeartBlessingGreen":10,"conspire:SpecialSausage":15,"Dota2Spire:DrumOfEndurance":22,"Dota2Spire:Vanguard":22,"Juzu Bracelet":21,"Bag of Preparation":22,"hubris:EvacipatedBox":22,"Dota2Spire:MagicBottle":14,"downfall:HeartBlessingBlue":15,"Bromod:ArcaneTrickery":22,"Diplopia":35,"Kunai":22,"Replay:Bottled Eggs":17,"KeepersGift":0,"BookofShadows":0,"downfall:HeartBlessingRed":1,"vexMod:ScavengeHelm":24,"Oddly Smooth Stone":15,"BelialBook":22,"PreservedInsect":15,"Dota2Spire:Bloodstone":19,"hubris:HollowSoul":29,"vexMod:PaidLearning":22,"conspire:Boomerang":22,"Akabeko":22,"Dota2Spire:AghanimScepter":16,"Dota2Spire:LinkenSphere":30,"SalivaCoin":5,"Art of War":22,"CatCart":20,"HushsDoor":0,"FossilizedHelix":34,"Dota2Spire:PhaseBoots":22},{"Darkstone Periapt":133,"ReplayFunnel":141,"Damocles":152,"Dota2Spire:MaskOfMadness":157,"Lantern":11,"champ:BlackKnightHelmet":100,"NineVolt":133,"champ:ChampionCrown":0,"downfall:HeartBlessingGreen":50,"conspire:SpecialSausage":94,"Dota2Spire:DrumOfEndurance":133,"Dota2Spire:Vanguard":133,"Juzu Bracelet":129,"Bag of Preparation":133,"hubris:EvacipatedBox":133,"Dota2Spire:MagicBottle":84,"downfall:HeartBlessingBlue":94,"Bromod:ArcaneTrickery":133,"Diplopia":173,"Kunai":133,"Replay:Bottled Eggs":105,"KeepersGift":0,"BookofShadows":0,"downfall:HeartBlessingRed":3,"vexMod:ScavengeHelm":137,"Oddly Smooth Stone":94,"BelialBook":133,"PreservedInsect":94,"Dota2Spire:Bloodstone":116,"hubris:HollowSoul":152,"vexMod:PaidLearning":133,"conspire:Boomerang":133,"Akabeko":133,"Dota2Spire:AghanimScepter":100,"Dota2Spire:LinkenSphere":155,"SalivaCoin":21,"Art of War":133,"CatCart":122,"HushsDoor":0,"FossilizedHelix":169,"Dota2Spire:PhaseBoots":133}]},"card_choices":[{"not_picked":["champ:DefensiveShout","champ:PerfectedStrike"],"picked":"champ:BladeFlurry","floor":2},{"not_picked":["champ:Lariat","champ:CalledShot"],"picked":"champ:AdrenalArmor","floor":4},{"not_picked":["Bomb","champ:BerserkersShout"],"picked":"champ:FlashCut","floor":5},{"not_picked":["Bomb","champ:Encircle"],"picked":"champ:Shatter","floor":8},{"not_picked":["champ:EnGarde","champ:EnragedBash","champ:Lariat"],"picked":"SKIP","floor":10},{"not_picked":["champ:CrookedStrike","champ:DefensiveStyle"],"picked":"champ:BerserkersShout","floor":11},{"not_picked":["champ:EnragedBash","champ:FightOn","champ:FlashCut"],"picked":"SKIP","floor":12},{"not_picked":["Bomb","champ:PerfectedStrike"],"picked":"champ:RapidStrikes","floor":14},{"not_picked":["champ:FanOfKnives","champ:DefensiveStyle"],"picked":"champ:TornadoPunch","floor":15},{"not_picked":["champ:ShieldSlam","champ:Devastate"],"picked":"champ:HoldFirm","floor":16},{"not_picked":["champ:RapidStrikes","champ:Circumvent"],"picked":"champ:FocusedGladiator","floor":19},{"not_picked":["champ:BringItOn+1","champ:Shatter","champ:TornadoPunch"],"picked":"SKIP","floor":20},{"not_picked":["champ:BerserkersShout","champ:PerfectedStrike+1"],"picked":"champ:BladeFlurry","floor":21},{"not_picked":["champ:RecklessLeap","champ:PerfectedStrike"],"picked":"champ:Haymaker","floor":22},{"not_picked":["champ:SkillfulDodge","champ:Circumvent"],"picked":"champ:DeathBlow+1","floor":26},{"not_picked":["champ:PerfectedStrike","champ:CrookedStrike"],"picked":"champ:BerserkerStyle+1","floor":29},{"not_picked":["champ:BerserkersShout","champ:Encircle"],"picked":"champ:EndlessRage","floor":30},{"not_picked":["champ:Backstep","champ:DefensiveShout"],"picked":"champ:GladiatorStyle","floor":32},{"not_picked":["champ:CheapShot","champ:IgnorePain"],"picked":"champ:ShieldSlam","floor":33},{"not_picked":["champ:PerfectedStrike","champ:Lariat+1"],"picked":"champ:FanOfKnives+1","floor":36},{"not_picked":["champ:CalledShot","champ:AdrenalArmor"],"picked":"champ:BladeFlurry+1","floor":37},{"not_picked":["champ:BringItOn+1","champ:Haymaker+1"],"picked":"champ:DefensiveShout+1","floor":38},{"not_picked":["champ:ShieldWall","champ:StanceDance+1","champ:Circumvent"],"picked":"SKIP","floor":43},{"not_picked":["champ:BerserkersShout","champ:ShieldSlam","champ:DefensiveShout+1"],"picked":"SKIP","floor":44},{"not_picked":["champ:Circumvent+1","champ:GladiatorsShout"],"picked":"champ:ArenaPreparation","floor":45},{"not_picked":["champ:Shatter","champ:SkillfulDodge+1"],"picked":"champ:DefensiveStyle+1","floor":46},{"not_picked":["champ:FlashCut+1","champ:BringItOn+1","champ:EnGarde+1"],"picked":"SKIP","floor":48},{"not_picked":["champ:StanceDance+1","champ:CrookedStrike+1"],"picked":"champ:Backstep","floor":49},{"not_picked":["champ:ShieldSlam","champ:IgnorePain"],"picked":"champ:DancingMaster","floor":50},{"not_picked":["champ:Haymaker","champ:FalseCounter","champ:TornadoPunch"],"picked":"SKIP","floor":53},{"not_picked":["champ:GladiatorStyle","champ:BringItOn","champ:CrookedStrike"],"picked":"SKIP","floor":54},{"not_picked":["champ:AdrenalArmor","champ:DefensiveShout","champ:BerserkerStyle"],"picked":"SKIP","floor":55},{"not_picked":["champ:BladeFlurry","champ:HeavySlash","champ:CrookedStrike"],"picked":"SKIP","floor":57},{"not_picked":["champ:TornadoPunch","champ:FalseCounter"],"picked":"champ:ArenaPreparation","floor":58},{"not_picked":["champ:IronFortress","champ:StanceDance","champ:ViciousMockery"],"picked":"SKIP","floor":59},{"not_picked":["champ:BerserkersShout","champ:Backstep","champ:FalseCounter"],"picked":"SKIP","floor":61},{"not_picked":["champ:FanOfKnives","champ:DefensiveShout","champ:SkillfulDodge"],"picked":"SKIP","floor":62}],"player_experience":663545,"relics_obtained":[{"floor":7,"key":"Lantern"},{"floor":10,"key":"SalivaCoin"},{"floor":22,"key":"Dota2Spire:MagicBottle"},{"floor":26,"key":"Oddly Smooth Stone"},{"floor":29,"key":"champ:BlackKnightHelmet"},{"floor":29,"key":"Dota2Spire:AghanimScepter"},{"floor":30,"key":"Replay:Bottled Eggs"},{"floor":36,"key":"CatCart"},{"floor":37,"key":"Juzu Bracelet"},{"floor":41,"key":"Bag of Preparation"},{"floor":44,"key":"vexMod:ScavengeHelm"},{"floor":47,"key":"ReplayFunnel"},{"floor":53,"key":"Dota2Spire:LinkenSphere"},{"floor":54,"key":"Dota2Spire:MaskOfMadness"},{"floor":58,"key":"FossilizedHelix"}],"event_choices":[{"damage_healed":0,"gold_gain":0,"player_choice":"Forge","damage_taken":0,"max_hp_gain":0,"max_hp_loss":0,"event_name":"Accursed Blacksmith","floor":13,"gold_loss":0,"cards_upgraded":["champ:BladeFlurry"]},{"damage_healed":0,"gold_gain":0,"player_choice":"Fight","damage_taken":0,"max_hp_gain":0,"max_hp_loss":0,"event_name":"OrinTheCat","floor":36,"gold_loss":0}],"is_beta":false,"boss_relics":[{"not_picked":["Busted Crown","Replay:Fungal Core","vexMod:EndlessSickness"]},{"not_picked":["ChampionBelt","conspire:SeveredTorchhead"],"picked":"Dota2Spire:Bloodstone"},{"not_picked":[]},{"not_picked":["hubris:CrackedHourglass","hubris:VirtuousBlindfold","energizedSpire:SpiderWeb"],"picked":"hubris:HollowSoul"},{"not_picked":[]}],"items_purged_floors":[28,34,40,59],"is_endless":true,"potions_floor_spawned":[8,10,12,14,16,22,29,36,38,44,53,55,57,62],"killed_by":"Exordium Thugs","ascension_level":0}}