{"host":"Sumable","time":1608096135,"event":{"mods":["AchievementEnabler","BaseMod","Better Note","BetterRewards","Googly Eyes","Hermit","Minty Spire (QoL Compilation)","Quick Restart","Shop Mod","StSLib","The Cursed","everything is the same but u backflip on backflip","slay the spire mod where everything is the same but ironclad has a cowboy hat"],"gold_per_floor":[211,222,15,31,46,72,72,106,106,106,281,295,330,105,105,206,206,218,218,235,235,10,10,38,38,119,119,145,159,159,194,194,194,194],"floor_reached":33,"playtime":1677,"items_purged":["Doubt"],"score":644,"play_id":"02776764-2018-43d9-9a95-5df78c184dae","local_time":"20201215222215","is_ascension_mode":true,"campfire_choices":[{"floor":7.0,"key":"REST"},{"data":"Hemokinesis","floor":10.0,"key":"SMITH"},{"floor":15.0,"key":"REST"},{"floor":23.0,"key":"REST"},{"floor":25.0,"key":"REST"},{"floor":27.0,"key":"REST"},{"floor":30.0,"key":"RECALL"},{"floor":32,"key":"REST"}],"circlet_count":0,"master_deck":["AscendersBane","Strike_R","Strike_R","Strike_R","Strike_R","Strike_R","Defend_R","Defend_R","Defend_R","Defend_R","Bash","Hemokinesis","Cleave","Flex","Hemokinesis+1","Inflame","Pommel Strike","Feed+1","Hemokinesis","Feed+1","Power Through"],"relics":["Burning Blood","PreservedInsect","Orichalcum","White Beast Statue","Singing Bowl","Boot","Strawberry","Fusion Hammer","DollysMirror","Oddly Smooth Stone","Toxic Egg 2","FossilizedHelix","Pear"],"acts_visited":["Exordium","TheCity"],"potions_floor_usage":[31,33],"damage_taken":[{"damage":4.0,"enemies":"Small Slimes","floor":1.0,"turns":4.0},{"damage":4.0,"enemies":"2 Louse","floor":2.0,"turns":4.0},{"damage":0.0,"enemies":"Cultist","floor":4.0,"turns":2.0},{"damage":19.0,"enemies":"Large Slime","floor":5.0,"turns":6.0},{"damage":26.0,"enemies":"3 Sentries","floor":6.0,"turns":4.0},{"damage":4.0,"enemies":"Gremlin Nob","floor":8.0,"turns":2.0},{"damage":16.0,"enemies":"3 Louse","floor":12.0,"turns":2.0},{"damage":32.0,"enemies":"Lagavulin","floor":13.0,"turns":5.0},{"damage":64.0,"enemies":"Hexaghost","floor":16.0,"turns":8.0},{"damage":33.0,"enemies":"3 Byrds","floor":18.0,"turns":5.0},{"damage":19.0,"enemies":"Shell Parasite","floor":20.0,"turns":3.0},{"damage":72.0,"enemies":"Book of Stabbing","floor":24.0,"turns":6.0},{"damage":14.0,"enemies":"Gremlin Leader","floor":28.0,"turns":9.0},{"damage":12.0,"enemies":"Centurion and Healer","floor":29.0,"turns":6.0},{"damage":14,"enemies":"Slavers","floor":31,"turns":4},{"damage":204,"enemies":"Champ","floor":33,"turns":14}],"seed_played":"-7342178670464500370","potions_obtained":[{"floor":2.0,"key":"SteroidPotion"},{"floor":6.0,"key":"AttackPotion"},{"floor":8.0,"key":"FairyPotion"},{"floor":12.0,"key":"Fruit Juice"},{"floor":13.0,"key":"SpeedPotion"},{"floor":18.0,"key":"AttackPotion"},{"floor":20.0,"key":"FairyPotion"},{"floor":24.0,"key":"Swift Potion"},{"floor":28.0,"key":"DuplicationPotion"},{"floor":29.0,"key":"SteroidPotion"},{"floor":31,"key":"Explosive Potion"}],"is_trial":false,"path_per_floor":["M","M","$","M","M","E","R","E","T","R","?","M","E","$","R","B",null,"M","?","M","?","$","R","E","R","T","R","E","M","R","E","R","B"],"character_chosen":"IRONCLAD","items_purchased":["PreservedInsect","Cleave","Strawberry","DollysMirror","Power Through"],"campfire_rested":6,"item_purchase_floors":[3,3,14,22,22],"current_hp_per_floor":[74,76,76,80,67,47,71,73,73,73,73,65,46,53,81,23,78,51,51,40,40,40,69,35,65,65,95,93,97,97,109,136,0,0],"gold":194,"neow_bonus":"HUNDRED_GOLD","is_daily":false,"chose_seed":false,"campfire_upgraded":1,"win_rate":0.0,"timestamp":1608096135,"path_taken":["M","M","$","M","M","E","R","E","T","R","?","M","E","$","R","BOSS","M","?","?","?","$","R","E","R","T","R","E","M","R","E","R","BOSS"],"items_purchased_type":["Relic","Card","Relic","Relic","Card"],"build_version":"2020-12-07","purchased_purges":1,"victory":false,"max_hp_per_floor":[80,80,80,80,80,80,80,80,80,80,80,82,89,96,96,96,96,96,96,98,98,98,98,100,100,100,100,106,116,116,136,136,136,136],"card_choices":[{"not_picked":["Clash","Clothesline","Second Wind"],"picked":"SKIP","floor":1.0},{"not_picked":["Sword Boomerang","Pommel Strike"],"picked":"Hemokinesis","floor":2.0},{"not_picked":["Flame Barrier","Sentinel"],"picked":"Flex","floor":4.0},{"not_picked":["Carnage","Burning Pact"],"picked":"Hemokinesis","floor":5.0},{"not_picked":["Infernal Blade","Clash"],"picked":"Inflame","floor":6.0},{"not_picked":["Sentinel","Disarm"],"picked":"Pommel Strike","floor":8.0},{"not_picked":["Headbutt","Anger","Dropkick"],"picked":"Singing Bowl","floor":12.0},{"not_picked":["Twin Strike","Flame Barrier","Bloodletting"],"picked":"Singing Bowl","floor":13.0},{"not_picked":["Reaper","Bludgeon"],"picked":"Feed","floor":16.0},{"not_picked":["Second Wind","Pommel Strike"],"picked":"Hemokinesis","floor":18.0},{"not_picked":["Headbutt","Thunderclap","Sever Soul"],"picked":"Singing Bowl","floor":20.0},{"not_picked":["Warcry","Sword Boomerang","Juggernaut"],"picked":"Singing Bowl","floor":24.0},{"not_picked":["Bludgeon","Pommel Strike","Metallicize"],"picked":"Singing Bowl","floor":28.0},{"not_picked":["Pommel Strike","Anger","Infernal Blade+1"],"picked":"Singing Bowl","floor":29.0},{"not_picked":["Flame Barrier+1","Metallicize","Dark Embrace"],"picked":"Singing Bowl","floor":31}],"player_experience":986013,"relics_obtained":[{"floor":6.0,"key":"Orichalcum"},{"floor":8.0,"key":"White Beast Statue"},{"floor":9.0,"key":"Singing Bowl"},{"floor":13.0,"key":"Boot"},{"floor":24.0,"key":"Oddly Smooth Stone"},{"floor":26.0,"key":"Toxic Egg 2"},{"floor":28.0,"key":"FossilizedHelix"},{"floor":31,"key":"Pear"}],"event_choices":[{"damage_healed":0.0,"max_hp_gain":0.0,"max_hp_loss":0.0,"gold_gain":175.0,"event_name":"Liars Game","player_choice":"AGREE","floor":11.0,"gold_loss":0.0,"damage_taken":0.0,"cards_obtained":["Doubt"]},{"damage_healed":0.0,"max_hp_gain":0.0,"max_hp_loss":0.0,"gold_gain":0.0,"event_name":"Upgrade Shrine","player_choice":"Upgraded","floor":19.0,"gold_loss":0.0,"damage_taken":0.0,"cards_upgraded":["Feed"]},{"damage_healed":0.0,"max_hp_gain":0.0,"max_hp_loss":0.0,"gold_gain":0.0,"event_name":"Ghosts","player_choice":"Ignored","floor":21.0,"gold_loss":0.0,"damage_taken":0.0}],"is_beta":true,"boss_relics":[{"not_picked":["Coffee Dripper","Runic Dome"],"picked":"Fusion Hammer"}],"items_purged_floors":[14],"is_endless":false,"potions_floor_spawned":[2,6,8,12,13,16,18,20,24,28,29,31],"killed_by":"Champ","ascension_level":12}}