{"host":"abdxwahegzejqccj","time":1608102747,"event":{"mods":["BaseMod","Better Note","BetterRewards","Colored Powertips","Downfall","Hermit","Minty Spire (QoL Compilation)","Replay The Spire","StSLib","The Cursed","The Hierophant"],"gold_per_floor":[99,99,99,99,99,99,175,208,228,153,87,104,114,132,151,151,151],"floor_reached":16,"playtime":595,"items_purged":[],"score":100,"play_id":"ed8f0322-ccd7-420b-a2df-7a197dd4c4e7","local_time":"20201216181227","is_ascension_mode":false,"campfire_choices":[{"data":"champ:Taunt","floor":1.0,"key":"SMITH"},{"data":"champ:TornadoPunch","floor":3.0,"key":"SMITH"},{"data":"champ:TornadoPunch","floor":10.0,"key":"SMITH"}],"circlet_count":0,"master_deck":["champ:Strike","champ:Strike","champ:Strike","champ:Strike","champ:Defend","champ:Defend","champ:Defend","champ:Defend","champ:Execute","champ:Taunt+1","champ:TornadoPunch+1","champ:Backstep+1","champ:AdrenalArmor","champ:TornadoPunch+1","champ:FocusedDefense","champ:DefensiveShout","champ:SkillfulDodge","champ:Lariat"],"relics":["champ:ChampionCrown","downfall:HeartsMalice","Chameleon Ring","Dream Catcher","downfall:HeartBlessingGreen"],"acts_visited":["Exordium"],"potions_floor_usage":[],"damage_taken":[{"damage":0.0,"enemies":"Cultist","floor":2.0,"turns":1.0},{"damage":0.0,"enemies":"2 Louse","floor":4.0,"turns":1.0},{"damage":0.0,"enemies":"Jaw Worm","floor":5.0,"turns":1.0},{"damage":40.0,"enemies":"Lagavulin","floor":8.0,"turns":8.0},{"damage":11.0,"enemies":"Gremlin Gang","floor":9.0,"turns":4.0},{"damage":4.0,"enemies":"downfall:FleeingMerchant","floor":11.0,"turns":4.0},{"damage":7.0,"enemies":"2 Fungi Beasts","floor":12.0,"turns":3.0},{"damage":0,"enemies":"3 Louse","floor":13,"turns":1},{"damage":5,"enemies":"Red Slaver","floor":14,"turns":2},{"damage":7,"enemies":"Exordium Wildlife","floor":15,"turns":3},{"damage":50,"enemies":"downfall:Defect","floor":16,"turns":5}],"seed_played":"6884692894478569377","potions_obtained":[{"floor":8.0,"key":"Guardian:BlockOnCardUsePotion"},{"floor":12,"key":"ColorlessPotion"},{"floor":13,"key":"Strength Potion"}],"is_trial":false,"path_per_floor":["R","M","R","M","M","?","T","E","M","R","$","M","M","M","M","B"],"character_chosen":"THE_CHAMP","items_purchased":["champ:DefensiveShout"],"campfire_rested":0,"item_purchase_floors":[11],"current_hp_per_floor":[90,90,90,90,90,90,90,60,53,53,53,53,53,48,41,0,0],"gold":151,"neow_bonus":"THREE_ENEMY_KILL","is_daily":false,"chose_seed":false,"campfire_upgraded":3,"win_rate":0.0,"timestamp":1608102747,"path_taken":["R","M","R","?","M","?","T","E","M","R","$","M","M","M","M","BOSS"],"items_purchased_type":["Card"],"build_version":"2020-12-13","purchased_purges":0,"victory":false,"max_hp_per_floor":[90,90,90,90,90,90,90,90,90,90,90,90,90,90,90,90,90],"card_choices":[{"not_picked":["champ:BerserkersShout","champ:FlashCut"],"picked":"champ:TornadoPunch","floor":2.0},{"not_picked":["champ:PerfectedStrike","champ:Haymaker","champ:ViciousMockery"],"picked":"SKIP","floor":4.0},{"not_picked":["champ:FanOfKnives","champ:Duel"],"picked":"champ:Backstep","floor":5.0},{"not_picked":["champ:LastStand","champ:EnragedBash"],"picked":"champ:AdrenalArmor","floor":8.0},{"not_picked":["champ:EnragedBash","champ:RisingSlash"],"picked":"champ:TornadoPunch","floor":9.0},{"not_picked":["champ:GladiatorStyle","champ:PerfectedStrike"],"picked":"champ:FocusedDefense","floor":11.0},{"not_picked":["champ:ViciousMockery","champ:TornadoPunch"],"picked":"champ:SkillfulDodge","floor":12},{"not_picked":["champ:GladiatorsShout","champ:Haymaker"],"picked":"champ:Lariat","floor":13},{"not_picked":["champ:FocusedBerserking","champ:BladeFlurry","champ:Control"],"picked":"SKIP","floor":14},{"not_picked":["champ:FocusedBerserking","champ:CalledShot","champ:BladeFlurry"],"picked":"SKIP","floor":15}],"player_experience":375401,"relics_obtained":[{"floor":7.0,"key":"Chameleon Ring"},{"floor":8.0,"key":"Dream Catcher"}],"event_choices":[{"damage_healed":0.0,"max_hp_gain":0.0,"max_hp_loss":0.0,"gold_gain":0.0,"event_name":"Living Wall","player_choice":"Grow","floor":6.0,"gold_loss":0.0,"damage_taken":0.0,"cards_upgraded":["champ:Backstep"]}],"is_beta":false,"boss_relics":[],"items_purged_floors":[],"is_endless":false,"potions_floor_spawned":[8,12,13,15],"killed_by":"downfall:Defect","ascension_level":0}}