{"host":"cr9rpoy6dx9riis3","time":1608078266,"event":{"mods":["AchievementEnabler","BaseMod","Better Altar","Better Note","Better Sensory Stone","Better Skull","Better Third Choice","Better-Laid Plans","BetterRewards","Block Reminder","Curses Come First","Displayed Cursed Tome","Emptier Cage","Marked Mod","Minty Spire (QoL Compilation)","Permanent Neow","Relic Sorter","StSLib","The Blue Laboratory","Transform Curses"],"gold_per_floor":[116,80,80,93,18,44,44,44,44,44,70,90,90,108,108,204,204,222,233,88,88,102,135,135,135,135],"floor_reached":25,"playtime":773,"items_purged":["Strike_R"],"score":465,"play_id":"6b45c2e0-0d9f-434c-aa32-b5920c39ec39","local_time":"20201216012426","is_ascension_mode":true,"campfire_choices":[{"data":"Bloodletting","floor":7,"key":"SMITH"},{"data":"Blood for Blood","floor":10,"key":"SMITH"},{"data":"Rupture","floor":13,"key":"SMITH"},{"data":"Rampage","floor":15,"key":"SMITH"},{"data":"Reaper","floor":24,"key":"SMITH"}],"circlet_count":0,"master_deck":["Strike_R","Strike_R","Strike_R","Strike_R","Defend_R","Defend_R","Defend_R","Defend_R","Bash","Rage","Blood for Blood+1","Bloodletting+1","Blood for Blood+1","Disarm","Rupture+1","Rampage+1","Reaper+1","Heavy Blade+1","Heavy Blade","Limit Break","Seeing Red"],"relics":["Burning Blood","Cursed Key","Oddly Smooth Stone","Ice Cream","Pocketwatch","Brimstone","Magic Flower"],"acts_visited":["Exordium","TheCity"],"potions_floor_usage":[6,23,23,23],"damage_taken":[{"damage":1,"enemies":"Jaw Worm","floor":1,"turns":4},{"damage":0,"enemies":"Small Slimes","floor":4,"turns":4},{"damage":24,"enemies":"3 Sentries","floor":6,"turns":8},{"damage":19,"enemies":"Gremlin Nob","floor":11,"turns":3},{"damage":3,"enemies":"Cultist","floor":12,"turns":2},{"damage":24,"enemies":"Exordium Thugs","floor":14,"turns":4},{"damage":6,"enemies":"Slime Boss","floor":16,"turns":3},{"damage":30,"enemies":"3 Byrds","floor":18,"turns":6},{"damage":24,"enemies":"Shell Parasite","floor":19,"turns":4},{"damage":23,"enemies":"Sentry and Sphere","floor":22,"turns":4},{"damage":14,"enemies":"Gremlin Leader","floor":23,"turns":6},{"damage":36,"enemies":"Slavers","floor":25,"turns":2}],"seed_played":"-3684527546029495371","potions_obtained":[{"floor":1,"key":"blueLaboratory:FruitPunch"},{"floor":11,"key":"DistilledChaos"},{"floor":14,"key":"Ancient Potion"},{"floor":16,"key":"blueLaboratory:CorrosionFlask"},{"floor":19,"key":"blueLaboratory:TrueEctoplasm"}],"is_trial":false,"path_per_floor":["M","$","?","M","$","E","R","?","T","R","E","M","R","M","R","B",null,"M","M","$","?","M","E","R","E"],"character_chosen":"IRONCLAD","items_purchased":["Oddly Smooth Stone","Rage","Blood for Blood","Blood for Blood","Brimstone"],"campfire_rested":0,"item_purchase_floors":[0,0,2,5,20],"current_hp_per_floor":[71,71,71,77,77,61,61,61,61,61,48,51,51,33,33,33,82,58,46,46,46,29,31,31,0,0],"gold":135,"neow_bonus":"","is_daily":false,"chose_seed":false,"campfire_upgraded":5,"win_rate":0.0,"timestamp":1608078266,"path_taken":["M","$","?","M","$","E","R","?","T","R","E","M","R","M","R","BOSS","M","M","$","?","M","E","R","E"],"items_purchased_type":["Relic","Card","Card","Card","Relic"],"build_version":"2020-12-13","purchased_purges":1,"victory":false,"max_hp_per_floor":[80,80,80,80,80,82,82,82,82,82,82,82,82,82,82,82,82,82,82,82,82,82,82,82,82,82],"card_choices":[{"not_picked":["Cleave","Headbutt","True Grit"],"picked":"SKIP","floor":1},{"not_picked":["Shrug It Off","Burning Pact"],"picked":"Bloodletting","floor":4},{"not_picked":["Thunderclap","Burning Pact","Heavy Blade"],"picked":"SKIP","floor":6},{"not_picked":["Inflame","Twin Strike"],"picked":"Disarm","floor":11},{"not_picked":["Sentinel","True Grit"],"picked":"Rupture","floor":12},{"not_picked":["Perfected Strike","Blood for Blood"],"picked":"Rampage","floor":14},{"not_picked":["Barricade","Juggernaut"],"picked":"Reaper","floor":16},{"not_picked":["Twin Strike","Body Slam+1"],"picked":"Heavy Blade+1","floor":18},{"not_picked":["Cleave","Infernal Blade"],"picked":"Heavy Blade","floor":19},{"not_picked":["Perfected Strike+1","Clash+1","Anger"],"picked":"SKIP","floor":22},{"not_picked":["Pummel+1","Wild Strike"],"picked":"Seeing Red","floor":23}],"player_experience":711916,"relics_obtained":[{"floor":6,"key":"Ice Cream"},{"floor":9,"key":"Pocketwatch"},{"floor":23,"key":"Magic Flower"}],"event_choices":[{"damage_healed":0,"gold_gain":0,"player_choice":"Ignored","damage_taken":0,"max_hp_gain":0,"max_hp_loss":0,"event_name":"Golden Idol","floor":3,"gold_loss":0},{"damage_healed":0,"gold_gain":0,"player_choice":"Forge","damage_taken":0,"max_hp_gain":0,"max_hp_loss":0,"event_name":"Accursed Blacksmith","floor":8,"gold_loss":0,"cards_upgraded":["Blood for Blood"]},{"cards_removed":["Rampage"],"damage_healed":0,"gold_gain":0,"player_choice":"Take \u0026 Give","damage_taken":0,"max_hp_gain":0,"max_hp_loss":0,"event_name":"betterNote:BetterNote","floor":21,"gold_loss":0,"cards_obtained":["Limit Break"]}],"is_beta":false,"boss_relics":[{"not_picked":["Ectoplasm","SacredBark"],"picked":"Cursed Key"}],"items_purged_floors":[0],"is_endless":false,"potions_floor_spawned":[1,11,14,16,19,22],"killed_by":"Slavers","ascension_level":3}}