{"host":"ilxricga2547gmyy","time":1608160860,"event":{"mods":["AchievementEnabler","BaseMod","Minty Spire (QoL Compilation)","Quick Restart","Replay The Spire","StSLib"],"gold_per_floor":[117,117,42,42,62,102,102,143,212,232,232,232],"floor_reached":11,"playtime":515,"items_purged":["Strike_R"],"score":138,"play_id":"0d4fc950-b0b4-41de-9753-55756a6998b4","local_time":"20201217002100","is_ascension_mode":true,"campfire_choices":[{"floor":7,"key":"REST"}],"circlet_count":0,"master_deck":["Strike_R","Strike_R","Strike_R+1","Strike_R","Defend_R","Defend_R","Defend_R","Defend_R","Bash","Pummel","Shrug It Off","Replay:Many Hands","Battle Trance"],"relics":["Burning Blood","Golden Idol","Strawberry","Juzu Bracelet","Matryoshka"],"acts_visited":["Exordium"],"potions_floor_usage":[8,11],"damage_taken":[{"damage":10.0,"enemies":"Small Slimes","floor":1.0,"turns":5.0},{"damage":9,"enemies":"Jaw Worm","floor":5,"turns":4},{"damage":26,"enemies":"3 Sentries","floor":6,"turns":14},{"damage":42,"enemies":"Lagavulin","floor":8,"turns":13},{"damage":15,"enemies":"Cultist","floor":10,"turns":5},{"damage":35,"enemies":"3 Sentries","floor":11,"turns":6}],"seed_played":"8851950315490469955","potions_obtained":[{"floor":1.0,"key":"Fruit Juice"},{"floor":6,"key":"HeartOfIron"},{"floor":10,"key":"AttackPotion"}],"is_trial":false,"path_per_floor":["M","?","$","?","M","E","R","E","T","M","E"],"character_chosen":"IRONCLAD","items_purchased":[],"campfire_rested":1,"item_purchase_floors":[],"current_hp_per_floor":[81,58,58,58,55,42,72,36,36,27,0,0],"gold":232,"neow_bonus":"TEN_PERCENT_HP_BONUS","is_daily":false,"chose_seed":false,"campfire_upgraded":0,"win_rate":0.0,"timestamp":1608160860,"path_taken":["M","?","$","?","M","E","R","E","T","M","E"],"items_purchased_type":[],"build_version":"2020-12-13","purchased_purges":1,"victory":false,"max_hp_per_floor":[93,93,93,93,93,100,100,100,100,100,100,100],"card_choices":[{"not_picked":["Searing Blow","Armaments"],"picked":"Pummel","floor":1.0},{"not_picked":["Clothesline","Body Slam"],"picked":"Shrug It Off","floor":5},{"not_picked":["Abandon","Dropkick"],"picked":"Replay:Many Hands","floor":6},{"not_picked":["Pommel Strike","Carnage"],"picked":"Battle Trance","floor":8},{"not_picked":["ReplayTheSpireMod:LeadingStrike","Sword Boomerang","Anger"],"picked":"SKIP","floor":10},{"not_picked":["ReplayTheSpireMod:LeadingStrike","Sword Boomerang","Anger"],"picked":"SKIP","floor":10}],"player_experience":232161,"relics_obtained":[{"floor":6,"key":"Strawberry"},{"floor":8,"key":"Juzu Bracelet"},{"floor":9,"key":"Matryoshka"}],"event_choices":[{"damage_healed":0.0,"max_hp_gain":0.0,"max_hp_loss":0.0,"gold_gain":0.0,"event_name":"Golden Idol","player_choice":"Take Damage","floor":2.0,"gold_loss":0.0,"damage_taken":23.0,"relics_obtained":["Golden Idol"]}],"is_beta":false,"boss_relics":[],"items_purged_floors":[3],"is_endless":false,"potions_floor_spawned":[1,6,10],"killed_by":"3 Sentries","ascension_level":8}}