{"host":"21h5e52imz35vo8g","time":1608135722,"event":{"mods":["AchievementEnabler","BaseMod","Colored Map","Colored Powertips","Googly Eyes","Infinite Spire","Minty Spire (QoL Compilation)","Quick Restart","Rare Cards Sparkle","Replay The Spire","StSLib"],"gold_per_floor":[110,122,197,287,304,304,304],"floor_reached":6,"playtime":125,"items_purged":[],"score":41,"play_id":"a0807b85-c88f-4cfd-85cb-1b952c89e1d7","local_time":"20201217002202","is_ascension_mode":true,"campfire_choices":[],"circlet_count":0,"master_deck":["Strike_G","Strike_G","Strike_G","Strike_G","Strike_G","Defend_G","Defend_G","Defend_G","Defend_G","Defend_G","Survivor","Neutralize","Caltrops","Blade Dance","Expertise"],"relics":["Ring of the Snake","NeowsBlessing","Blue Doll"],"acts_visited":["Exordium"],"potions_floor_usage":[6],"damage_taken":[{"damage":0,"enemies":"Cultist","floor":1,"turns":1},{"damage":0,"enemies":"2 Louse","floor":2,"turns":1},{"damage":0,"enemies":"Small Slimes","floor":5,"turns":1},{"damage":23,"enemies":"Gremlin Nob","floor":6,"turns":4}],"seed_played":"-5116015439476049254","potions_obtained":[{"floor":5,"key":"Reflective Coating"}],"is_trial":false,"path_per_floor":["M","M","?","?","M","E"],"character_chosen":"THE_SILENT","items_purchased":[],"campfire_rested":0,"item_purchase_floors":[],"current_hp_per_floor":[70,70,59,59,59,36,36],"gold":304,"neow_bonus":"THREE_ENEMY_KILL","is_daily":false,"chose_seed":false,"campfire_upgraded":0,"win_rate":0.0,"timestamp":1608135722,"path_taken":["M","M","?","?","?","E"],"items_purchased_type":[],"build_version":"2020-12-13","purchased_purges":0,"victory":false,"max_hp_per_floor":[70,70,70,70,70,70,70],"card_choices":[{"not_picked":["Choke","Acrobatics"],"picked":"Caltrops","floor":1},{"not_picked":["Blur","Poisoned Stab","Concentrate"],"picked":"SKIP","floor":2},{"not_picked":["Acrobatics","Quick Slash"],"picked":"Blade Dance","floor":4},{"not_picked":["Deadly Poison","ReplayTheSpireMod:Scrap Shanks"],"picked":"Expertise","floor":4},{"not_picked":["Deadly Poison","Quick Slash","ReplayTheSpireMod:The Works"],"picked":"SKIP","floor":5}],"player_experience":268500,"relics_obtained":[{"floor":4,"key":"Blue Doll"}],"event_choices":[{"damage_healed":0,"gold_gain":75,"player_choice":"Gather Gold","damage_taken":11,"max_hp_gain":0,"max_hp_loss":0,"event_name":"World of Goop","floor":3,"gold_loss":0}],"is_beta":false,"boss_relics":[],"items_purged_floors":[],"is_endless":false,"potions_floor_spawned":[5],"killed_by":"Gremlin Nob","ascension_level":3}}