{"host":"ci7ivtocgfxh0ueo","time":1608126097,"event":{"mods":["BaseMod","GifTheSpireLib","Minty Spire (QoL Compilation)","StSLib"],"gold_per_floor":[116,116,127,172,182,182,193,24,50,50,50,83,101,118,118,192,192,202,213,41,41,56,68,68,86,86,86,0,12,12,12,12,12,12],"floor_reached":33,"playtime":921,"items_purged":[],"score":507,"play_id":"7c9177a9-d683-43f5-a51a-c00321f86f78","local_time":"20201216214137","is_ascension_mode":true,"campfire_choices":[{"data":"Infernal Blade","floor":6,"key":"SMITH"},{"floor":10,"key":"REST"},{"data":"Armaments","floor":15,"key":"SMITH"},{"floor":24,"key":"REST"},{"floor":27,"key":"REST"},{"floor":32,"key":"REST"}],"circlet_count":0,"master_deck":["AscendersBane","Strike_R","Defend_R","Defend_R","Defend_R","Defend_R","Bash","Transmutation","Cleave","Pommel Strike","Infernal Blade+1","Rampage","Double Tap","Armaments","Armaments+1","Spot Weakness","Demon Form","Hemokinesis","Disarm","Sever Soul","Blood for Blood","Combust","Flex"],"relics":["Burning Blood","FossilizedHelix","Centennial Puzzle","PreservedInsect","Akabeko","Self Forming Clay","Empty Cage","ClockworkSouvenir","Eternal Feather"],"acts_visited":["Exordium","TheCity"],"potions_floor_usage":[16,16,18,22,22,23,29,29,33],"damage_taken":[{"damage":9,"enemies":"Small Slimes","floor":1,"turns":4},{"damage":2,"enemies":"Jaw Worm","floor":3,"turns":5},{"damage":0,"enemies":"Cultist","floor":5,"turns":3},{"damage":15,"enemies":"Blue Slaver","floor":7,"turns":4},{"damage":0,"enemies":"Gremlin Nob","floor":12,"turns":2},{"damage":5,"enemies":"Gremlin Gang","floor":13,"turns":4},{"damage":0,"enemies":"Red Slaver","floor":14,"turns":2},{"damage":61,"enemies":"Hexaghost","floor":16,"turns":11},{"damage":11,"enemies":"Shell Parasite","floor":18,"turns":4},{"damage":31,"enemies":"2 Thieves","floor":19,"turns":4},{"damage":8,"enemies":"Snake Plant","floor":22,"turns":3},{"damage":25,"enemies":"Centurion and Healer","floor":23,"turns":6},{"damage":27,"enemies":"3 Cultists","floor":25,"turns":5},{"damage":15,"enemies":"Snecko","floor":29,"turns":4},{"damage":88,"enemies":"Automaton","floor":33,"turns":10}],"seed_played":"-3584374288384455778","potions_obtained":[{"floor":3,"key":"BloodPotion"},{"floor":7,"key":"Strength Potion"},{"floor":16,"key":"EssenceOfSteel"},{"floor":19,"key":"ColorlessPotion"},{"floor":21,"key":"Fire Potion"},{"floor":22,"key":"DistilledChaos"},{"floor":25,"key":"AttackPotion"},{"floor":29,"key":"Energy Potion"}],"is_trial":false,"path_per_floor":["M","?","M","T","M","R","M","$","T","R","?","E","M","M","R","B",null,"M","M","$","?","M","M","R","M","T","R","$","M","?","$","R","B"],"character_chosen":"IRONCLAD","items_purchased":["PreservedInsect","ClockworkSouvenir","DistilledChaos"],"campfire_rested":4,"item_purchase_floors":[8,20,28],"current_hp_per_floor":[47,42,46,46,52,52,43,43,43,65,65,71,72,75,75,35,65,60,35,35,35,33,14,36,15,15,49,49,40,40,40,74,0,0],"gold":12,"neow_bonus":"RANDOM_COLORLESS_2","is_daily":false,"chose_seed":false,"campfire_upgraded":2,"win_rate":0.0,"timestamp":1608126097,"path_taken":["M","?","M","?","?","R","M","$","T","R","?","E","?","M","R","BOSS","M","M","$","?","M","M","R","M","T","R","$","?","?","$","R","BOSS"],"items_purchased_type":["Relic","Relic","Potion"],"build_version":"2020-12-13","purchased_purges":0,"victory":false,"max_hp_per_floor":[75,75,75,75,75,75,75,75,75,75,75,75,75,75,75,75,75,75,75,75,75,75,75,75,75,75,75,75,75,75,75,75,75,75],"card_choices":[{"not_picked":["Magnetism","Thinking Ahead"],"picked":"Transmutation","floor":0},{"not_picked":["Sentinel","Warcry"],"picked":"Cleave","floor":1},{"not_picked":["Headbutt","Dual Wield"],"picked":"Pommel Strike","floor":3},{"not_picked":["Perfected Strike","Cleave"],"picked":"Infernal Blade","floor":5},{"not_picked":["Thunderclap","Heavy Blade"],"picked":"Rampage","floor":7},{"not_picked":["Anger","Sever Soul"],"picked":"Armaments","floor":12},{"not_picked":["Rupture","Body Slam"],"picked":"Armaments","floor":13},{"not_picked":["Perfected Strike","Reckless Charge"],"picked":"Spot Weakness","floor":14},{"not_picked":["Bludgeon","Juggernaut"],"picked":"Demon Form","floor":16},{"not_picked":["Thunderclap","Shrug It Off"],"picked":"Hemokinesis","floor":18},{"not_picked":["Thunderclap","Iron Wave","Body Slam+1"],"picked":"SKIP","floor":19},{"not_picked":["Shrug It Off+1","Havoc"],"picked":"Disarm","floor":22},{"not_picked":["Sword Boomerang","Pommel Strike"],"picked":"Sever Soul","floor":23},{"not_picked":["Armaments","Iron Wave"],"picked":"Blood for Blood","floor":25},{"not_picked":["Combust","Hemokinesis","Iron Wave"],"picked":"SKIP","floor":29}],"player_experience":1251837,"relics_obtained":[{"floor":4,"key":"Centennial Puzzle"},{"floor":9,"key":"Akabeko"},{"floor":12,"key":"Self Forming Clay"},{"floor":26,"key":"Eternal Feather"}],"event_choices":[{"damage_healed":0,"gold_gain":0,"player_choice":"Success","damage_taken":5,"relics_obtained":["FossilizedHelix"],"max_hp_gain":0,"max_hp_loss":0,"event_name":"Scrap Ooze","floor":2,"gold_loss":0},{"damage_healed":0,"gold_gain":0,"player_choice":"1 cards matched","damage_taken":0,"max_hp_gain":0,"max_hp_loss":0,"event_name":"Match and Keep!","floor":11,"gold_loss":0,"cards_obtained":["Double Tap"]},{"damage_healed":0,"gold_gain":0,"player_choice":"Got Potions","damage_taken":0,"max_hp_gain":0,"max_hp_loss":0,"event_name":"Lab","floor":21,"gold_loss":0},{"damage_healed":0,"gold_gain":0,"cards_transformed":["Strike_R","Strike_R"],"player_choice":"Became Test Subject","damage_taken":0,"max_hp_gain":0,"max_hp_loss":0,"event_name":"Drug Dealer","floor":30,"gold_loss":0,"cards_obtained":["Combust","Flex"]}],"is_beta":false,"boss_relics":[{"not_picked":["Sozu","Philosopher\u0027s Stone"],"picked":"Empty Cage"}],"items_purged_floors":[],"is_endless":false,"potions_floor_spawned":[3,7,12,16,19,22,25,29],"killed_by":"Automaton","ascension_level":17}}