{"host":"rcuacvep95pje9kw","time":1608154317,"event":{"mods":["2.2 Compatiblity","AchievementEnabler","BaseMod","Card Forge","Downfall","Hermit","Minty Spire (QoL Compilation)","Relic Stats","StSLib"],"gold_per_floor":[117,132,148,167,167,167,178,196,268,293,293,307,319,334,334,334,334],"floor_reached":16,"playtime":1012,"items_purged":[],"score":108,"play_id":"6a718cd3-4f95-478b-9aa4-048fcddb1328","local_time":"20201216163157","is_ascension_mode":false,"campfire_choices":[{"data":"hexamod:Haunt","floor":6,"key":"SMITH"},{"floor":11,"key":"REST"},{"data":"hexamod:HeatShield","floor":15,"key":"SMITH"}],"circlet_count":0,"master_deck":["hexamod:Strike","hexamod:Strike","hexamod:Strike","hexamod:Strike","hexamod:Defend","hexamod:Defend","hexamod:Defend","hexamod:Defend","hexamod:Sear","hexamod:Float","hexamod:Haunt+1","hexamod:Firestarter","hexamod:NightmareStrike","hexamod:GhostLash","hexamod:TimeOfNeed","hexamod:HeatShield+1","hexamod:GhostOfSpireFuture","hexamod:RetreatToShadows","hexamod:FirstSeal","hexamod:CatchUp","hexamod:ChargedBarrage"],"relics":["hexamod:SpiritBrand","Hammer of Thor","Seething Fire","Anvil of the Gods","Ornamental Fan","Eternal Feather","FossilizedHelix"],"acts_visited":["Exordium"],"potions_floor_usage":[],"damage_taken":[{"damage":0,"enemies":"Jaw Worm","floor":1,"turns":3},{"damage":0,"enemies":"Small Slimes","floor":2,"turns":3},{"damage":1,"enemies":"2 Louse","floor":3,"turns":3},{"damage":7,"enemies":"2 Fungi Beasts","floor":4,"turns":3},{"damage":5,"enemies":"Red Slaver","floor":7,"turns":4},{"damage":8,"enemies":"Exordium Wildlife","floor":8,"turns":3},{"damage":23,"enemies":"Lagavulin","floor":10,"turns":8},{"damage":0,"enemies":"Looter","floor":12,"turns":4},{"damage":2,"enemies":"Red Slaver","floor":13,"turns":3},{"damage":1,"enemies":"Exordium Wildlife","floor":14,"turns":5},{"damage":68,"enemies":"Hexaghost","floor":16,"turns":7}],"seed_played":"-1808079794601860468","potions_obtained":[{"floor":1,"key":"Regen Potion"},{"floor":3,"key":"FearPotion"},{"floor":8,"key":"Swift Potion"}],"is_trial":false,"path_per_floor":["M","M","M","M","?","R","M","M","T","E","R","M","M","M","R","B"],"character_chosen":"THE_SPIRIT","items_purchased":[],"campfire_rested":1,"item_purchase_floors":[],"current_hp_per_floor":[70,70,69,62,50,50,45,37,37,14,44,44,49,55,67,0,0],"gold":334,"neow_bonus":"THREE_CARDS","is_daily":false,"chose_seed":false,"campfire_upgraded":2,"win_rate":0.0,"timestamp":1608154317,"path_taken":["M","M","M","M","?","R","M","M","T","E","R","M","M","M","R","BOSS"],"items_purchased_type":[],"build_version":"2020-12-13","purchased_purges":0,"victory":false,"max_hp_per_floor":[70,70,70,70,70,70,70,70,70,70,70,70,70,70,70,70,70],"relic_stats":{"counters":[11,46],"Ornamental Fan":[16],"Eternal Feather":21,"obtain_stats":[{"Anvil of the Gods":0,"Ornamental Fan":5,"Eternal Feather":9,"Hammer of Thor":0,"Seething Fire":0,"hexamod:SpiritBrand":0,"FossilizedHelix":10},{"Anvil of the Gods":0,"Ornamental Fan":4,"Eternal Feather":6,"Hammer of Thor":0,"Seething Fire":0,"hexamod:SpiritBrand":0,"FossilizedHelix":7},{"Anvil of the Gods":0,"Ornamental Fan":12,"Eternal Feather":19,"Hammer of Thor":0,"Seething Fire":0,"hexamod:SpiritBrand":0,"FossilizedHelix":27}]},"card_choices":[{"not_picked":["hexamod:ShieldOfDarkness","hexamod:NightmareGuise"],"picked":"hexamod:Haunt","floor":0},{"not_picked":["hexamod:NecessarySacrifice","hexamod:GhostOfSpireFuture"],"picked":"hexamod:Firestarter","floor":1},{"not_picked":["hexamod:NightmareGuise","hexamod:GhostflameBarrier"],"picked":"hexamod:NightmareStrike","floor":2},{"not_picked":["hexamod:BacktrackSmack","hexamod:NightmareGuise"],"picked":"hexamod:GhostLash","floor":3},{"not_picked":["hexamod:BacktrackSmack","hexamod:GhostOfSpirePresent"],"picked":"hexamod:TimeOfNeed","floor":4},{"not_picked":["hexamod:NightmareGuise","hexamod:HauntingEcho"],"picked":"hexamod:HeatShield","floor":7},{"not_picked":["hexamod:NightmareGuise","hexamod:AdvancingGuard"],"picked":"hexamod:GhostOfSpireFuture","floor":8},{"not_picked":["hexamod:EtherealExpedition","hexamod:NightmareStrike"],"picked":"hexamod:RetreatToShadows","floor":10},{"not_picked":["hexamod:FastForward","hexamod:SoulSteal"],"picked":"hexamod:FirstSeal","floor":12},{"not_picked":["hexamod:Haunt","hexamod:ShieldOfDarkness"],"picked":"hexamod:CatchUp","floor":13},{"not_picked":["hexamod:Firestarter","hexamod:AdvancingGuard"],"picked":"hexamod:ChargedBarrage","floor":14}],"player_experience":78723,"relics_obtained":[{"floor":9,"key":"Eternal Feather"},{"floor":10,"key":"FossilizedHelix"}],"event_choices":[{"damage_healed":0,"gold_gain":0,"player_choice":"Success","damage_taken":12,"relics_obtained":["Ornamental Fan"],"max_hp_gain":0,"max_hp_loss":0,"event_name":"Scrap Ooze","floor":5,"gold_loss":0}],"is_beta":false,"boss_relics":[],"items_purged_floors":[],"is_endless":false,"potions_floor_spawned":[1,3,8,12,14],"killed_by":"Hexaghost","ascension_level":0}}