{"host":"q9718omregw4er46","time":1608152744,"event":{"mods":["BaseMod","Bestiary","Colored Powertips","Custom Start","Highlight Path","Minty Spire (QoL Compilation)","Practice Mode","Quick Restart","Relic Stats"],"gold_per_floor":[109,109,120,19,97,123,139,139,139,165,165,183,183,208,208,208,208],"floor_reached":16,"playtime":413,"items_purged":["Strike_P"],"score":279,"play_id":"18ea0952-d41f-494b-b77c-4a9fbfaa9c36","local_time":"20201217020544","is_ascension_mode":true,"campfire_choices":[{"data":"EmptyFist","floor":8.0,"key":"SMITH"},{"data":"Eruption","floor":11.0,"key":"SMITH"},{"data":"Vault","floor":13.0,"key":"SMITH"},{"data":"ReachHeaven","floor":15.0,"key":"SMITH"}],"circlet_count":0,"master_deck":["AscendersBane","Strike_P","Strike_P","Defend_P","Defend_P","Defend_P","Defend_P","Eruption+1","Vigilance","Vault+1","EmptyFist+1","FlurryOfBlows","EmptyMind","FollowUp","ReachHeaven+1"],"relics":["PureWater","WingedGreaves","Pear","Juzu Bracelet","Strawberry"],"acts_visited":["Exordium"],"potions_floor_usage":[],"damage_taken":[{"damage":2.0,"enemies":"Jaw Worm","floor":1.0,"turns":4.0},{"damage":0.0,"enemies":"Cultist","floor":3.0,"turns":5.0},{"damage":8.0,"enemies":"Gremlin Nob","floor":6.0,"turns":4.0},{"damage":4.0,"enemies":"2 Louse","floor":7.0,"turns":4.0},{"damage":22.0,"enemies":"Lagavulin","floor":10.0,"turns":8.0},{"damage":0.0,"enemies":"Large Slime","floor":12.0,"turns":3.0},{"damage":0.0,"enemies":"Gremlin Nob","floor":14.0,"turns":2.0},{"damage":24,"enemies":"Slime Boss","floor":16,"turns":4}],"seed_played":"-1228650883094049561","potions_obtained":[{"floor":6.0,"key":"FearPotion"},{"floor":10.0,"key":"GamblersBrew"}],"is_trial":false,"path_per_floor":["M","?","M","$","T","E","M","R","T","E","R","M","R","E","R","B"],"character_chosen":"WATCHER","items_purchased":["FlurryOfBlows"],"campfire_rested":0,"item_purchase_floors":[4],"current_hp_per_floor":[41,41,41,41,41,33,29,29,39,17,17,17,17,24,24,0,0],"gold":208,"neow_bonus":"THREE_RARE_CARDS","is_daily":false,"chose_seed":false,"campfire_upgraded":4,"win_rate":0.0,"timestamp":1608152744,"path_taken":["M","?","M","$","?","E","M","R","T","E","R","M","R","E","R","BOSS"],"items_purchased_type":["Card"],"build_version":"2020-12-13","purchased_purges":1,"victory":false,"max_hp_per_floor":[68,68,68,68,68,68,68,68,78,78,78,78,78,85,85,85,85],"relic_stats":{"counters":[8,34],"Juzu Bracelet":0,"obtain_stats":[{"Pear":9,"Strawberry":14,"WingedGreaves":6,"Juzu Bracelet":10,"PureWater":0},{"Pear":4,"Strawberry":7,"WingedGreaves":3,"Juzu Bracelet":5,"PureWater":0},{"Pear":17,"Strawberry":30,"WingedGreaves":13,"Juzu Bracelet":25,"PureWater":0}]},"card_choices":[{"not_picked":["Brilliance","Ragnarok"],"picked":"Vault","floor":0.0},{"not_picked":["FlurryOfBlows","EmptyBody"],"picked":"EmptyFist","floor":1.0},{"not_picked":["Collect","Prostrate","Perseverance"],"picked":"SKIP","floor":3.0},{"not_picked":["Devotion","BowlingBash"],"picked":"EmptyMind","floor":6.0},{"not_picked":["Sanctity","PathToVictory"],"picked":"FollowUp","floor":7.0},{"not_picked":["ThirdEye","LikeWater","FlyingSleeves"],"picked":"SKIP","floor":10.0},{"not_picked":["SandsOfTime","Protect","ThirdEye"],"picked":"SKIP","floor":12.0},{"not_picked":["Ragnarok","Fasting2"],"picked":"ReachHeaven","floor":14.0}],"player_experience":1024571,"relics_obtained":[{"floor":6.0,"key":"WingedGreaves"},{"floor":9.0,"key":"Pear"},{"floor":10.0,"key":"Juzu Bracelet"},{"floor":14.0,"key":"Strawberry"}],"event_choices":[{"cards_removed":["Strike_P"],"damage_healed":0.0,"max_hp_gain":0.0,"max_hp_loss":0.0,"gold_gain":0.0,"event_name":"Bonfire Elementals","player_choice":"Offered Basic","floor":2.0,"gold_loss":0.0,"damage_taken":0.0}],"is_beta":false,"boss_relics":[],"items_purged_floors":[4],"is_endless":false,"potions_floor_spawned":[6,10],"killed_by":"Slime Boss","ascension_level":19}}