{"host":"q9718omregw4er46","time":1608151174,"event":{"mods":["BaseMod","Bestiary","Colored Powertips","Custom Start","Highlight Path","Minty Spire (QoL Compilation)","Practice Mode","Quick Restart","Relic Stats"],"gold_per_floor":[112,37,48,61,61,61,91,91,116,150,150,170,201,212,212,212,212],"floor_reached":16,"playtime":500,"items_purged":[],"score":283,"play_id":"8c51359e-8bf8-4035-9a24-0f01d1d9ed6a","local_time":"20201217013934","is_ascension_mode":true,"campfire_choices":[{"data":"CarveReality","floor":6,"key":"SMITH"},{"data":"Eruption","floor":8,"key":"SMITH"},{"data":"SashWhip","floor":15,"key":"SMITH"}],"circlet_count":0,"master_deck":["AscendersBane","Strike_P","Strike_P","Strike_P","Defend_P","Defend_P","Defend_P","Defend_P","Eruption+1","Vigilance","Adaptation+1","FlurryOfBlows","CarveReality+1","SashWhip+1","Judgement","MentalFortress"],"relics":["PureWater","Damaru","Regal Pillow","PreservedInsect","Eternal Feather"],"acts_visited":["Exordium"],"potions_floor_usage":[],"damage_taken":[{"damage":7,"enemies":"2 Louse","floor":1,"turns":3},{"damage":0,"enemies":"Jaw Worm","floor":3,"turns":5},{"damage":8,"enemies":"Small Slimes","floor":4,"turns":2},{"damage":10,"enemies":"Lagavulin","floor":7,"turns":5},{"damage":0,"enemies":"Gremlin Nob","floor":10,"turns":2},{"damage":6,"enemies":"Exordium Wildlife","floor":12,"turns":4},{"damage":12,"enemies":"3 Sentries","floor":13,"turns":6},{"damage":4,"enemies":"2 Fungi Beasts","floor":14,"turns":3},{"damage":32,"enemies":"The Guardian","floor":16,"turns":9}],"seed_played":"-6599450692035536956","potions_obtained":[{"floor":1,"key":"SteroidPotion"},{"floor":7,"key":"StancePotion"},{"floor":14,"key":"PowerPotion"}],"is_trial":false,"path_per_floor":["M","?","M","M","?","R","E","R","T","E","?","M","E","M","R","B"],"character_chosen":"WATCHER","items_purchased":[],"campfire_rested":0,"item_purchase_floors":[],"current_hp_per_floor":[60,60,60,52,52,52,42,42,42,42,42,36,24,20,29,0,0],"gold":212,"neow_bonus":"TEN_PERCENT_HP_BONUS","is_daily":false,"chose_seed":false,"campfire_upgraded":3,"win_rate":0.0,"timestamp":1608151174,"path_taken":["M","?","M","M","?","R","E","R","T","E","?","?","E","M","R","BOSS"],"items_purchased_type":[],"build_version":"2020-12-13","purchased_purges":0,"victory":false,"max_hp_per_floor":[74,74,74,74,74,74,74,74,74,74,74,74,74,74,74,74,74],"relic_stats":{"Regal Pillow":0,"counters":[9,39],"Eternal Feather":9,"PreservedInsect":33,"obtain_stats":[{"Regal Pillow":9,"Damaru":7,"Eternal Feather":13,"PreservedInsect":10,"PureWater":0},{"Regal Pillow":4,"Damaru":4,"Eternal Feather":7,"PreservedInsect":5,"PureWater":0},{"Regal Pillow":15,"Damaru":15,"Eternal Feather":27,"PreservedInsect":17,"PureWater":0}]},"card_choices":[{"not_picked":["Crescendo","ThirdEye"],"picked":"Adaptation","floor":1},{"not_picked":["FollowUp","EmptyBody"],"picked":"FlurryOfBlows","floor":3},{"not_picked":["Prostrate","PathToVictory"],"picked":"CarveReality","floor":4},{"not_picked":["BattleHymn","ClearTheMind","WreathOfFlame"],"picked":"SKIP","floor":7},{"not_picked":["SandsOfTime","EmptyBody","InnerPeace"],"picked":"SKIP","floor":10},{"not_picked":["BowlingBash","BattleHymn"],"picked":"SashWhip","floor":12},{"not_picked":["Evaluate","ForeignInfluence"],"picked":"Judgement","floor":13},{"not_picked":["Consecrate","SashWhip"],"picked":"MentalFortress","floor":14}],"player_experience":1024571,"relics_obtained":[{"floor":7,"key":"Damaru"},{"floor":9,"key":"Regal Pillow"},{"floor":10,"key":"PreservedInsect"},{"floor":13,"key":"Eternal Feather"}],"event_choices":[{"cards_removed":["Strike_P"],"damage_healed":0,"gold_gain":0,"player_choice":"Card Removal","damage_taken":0,"max_hp_gain":0,"max_hp_loss":0,"event_name":"The Cleric","floor":2,"gold_loss":75},{"damage_healed":0,"gold_gain":0,"player_choice":"Ignored","damage_taken":0,"max_hp_gain":0,"max_hp_loss":0,"event_name":"Liars Game","floor":5,"gold_loss":0},{"damage_healed":0,"gold_gain":0,"player_choice":"Grow","damage_taken":0,"max_hp_gain":0,"max_hp_loss":0,"event_name":"Living Wall","floor":11,"gold_loss":0,"cards_upgraded":["Adaptation"]}],"is_beta":false,"boss_relics":[],"items_purged_floors":[],"is_endless":false,"potions_floor_spawned":[1,7,14],"killed_by":"The Guardian","ascension_level":19}}