{"host":"jw4qy1ihmjslahm8","time":1608108203,"event":{"mods":["Act Like it!","BaseMod","Colored Map","Downfall","Gensokyo","HololiveMod","Infinite Spire","MarisaÅiñ∂âJÅ@ñÇóùçπÅj","Minty Spire (QoL Compilation)","Replay The Spire","StSLib","The Animator"],"gold_per_floor":[99,163,163,85,85,104,104,29,46,46,43,3,21,35,52,52,52],"floor_reached":16,"playtime":960,"items_purged":[],"score":90,"play_id":"cf7ccd18-6cbd-4714-b11b-5bd78ce7cdcb","local_time":"20201216004323","is_ascension_mode":false,"campfire_choices":[{"data":"animator:Kuribayashi","floor":1,"key":"SMITH"},{"data":"animator:TukaLunaMarceau","floor":8,"key":"SMITH"},{"data":"animator:Tatsumaki","floor":10,"key":"SMITH"}],"circlet_count":0,"master_deck":["animator:Strike_GATE+1","animator:Defend_GATE","animator:Strike","animator:Strike","animator:Strike","animator:Defend","animator:Defend","animator:Defend","animator:TukaLunaMarceau+1","animator:Kuribayashi+1","animator:Mitsuba","animator:Azekura","animator:SayakaMiki","animator:Genos","animator:Shichika","animator:Tatsumaki+1","animator:Kaijin","animator:Arpeggio","animator:Mitsuba","animator:Mitsuba","animator:Shichika","animator:Witch","animator:Nanami"],"relics":["animator:LivingPicture","animator:TheMissingPiece","animator:PurgingStone","downfall:HeartsMalice","Peace Pipe","downfall:HeartBlessingBlue"],"acts_visited":["Exordium"],"potions_floor_usage":[16,16],"damage_taken":[{"damage":0,"enemies":"3 Sentries","floor":2,"turns":1},{"damage":0,"enemies":"downfall:FleeingMerchant","floor":4,"turns":1},{"damage":0,"enemies":"2 Louse","floor":5,"turns":1},{"damage":0,"enemies":"Jaw Worm","floor":6,"turns":5},{"damage":0,"enemies":"Cultist","floor":9,"turns":4},{"damage":0,"enemies":"downfall:FleeingMerchant","floor":11,"turns":4},{"damage":0,"enemies":"downfall:FleeingMerchant","floor":12,"turns":4},{"damage":20,"enemies":"Gremlin Gang","floor":13,"turns":3},{"damage":3,"enemies":"Blue Slaver","floor":14,"turns":6},{"damage":5,"enemies":"2 Fungi Beasts","floor":15,"turns":6},{"damage":50,"enemies":"downfall:Defect","floor":16,"turns":4}],"seed_played":"-4233744991769126675","potions_obtained":[{"floor":6,"key":"Elixir"},{"floor":9,"key":"ColorlessPotion"},{"floor":13,"key":"Toxic Potion"}],"is_trial":false,"path_per_floor":["R","?","?","$","M","M","T","R","M","R","$","$","M","M","M","B"],"character_chosen":"THE_ANIMATOR","items_purchased":["animator:SayakaMiki","animator:Mitsuba"],"campfire_rested":0,"item_purchase_floors":[4,12],"current_hp_per_floor":[66,66,66,66,66,66,66,76,76,76,76,76,56,53,48,0,0],"gold":52,"neow_bonus":"THREE_ENEMY_KILL","is_daily":false,"chose_seed":false,"campfire_upgraded":3,"win_rate":0.0,"timestamp":1608108203,"path_taken":["R","?","?","$","M","?","T","R","M","R","$","$","?","M","M","BOSS"],"items_purchased_type":["Card","Card"],"build_version":"2020-12-13","purchased_purges":0,"victory":false,"max_hp_per_floor":[66,66,66,66,66,66,66,76,76,76,76,76,76,76,76,76,76],"card_choices":[{"not_picked":["animator:Shion","animator:ShinjiMatou"],"picked":"animator:Mitsuba","floor":2},{"not_picked":["animator:Evileye","animator:Benimaru"],"picked":"animator:Azekura","floor":4},{"not_picked":["animator:Konayuki","animator:YachiyoNanami"],"picked":"animator:Genos","floor":5},{"not_picked":["animator:Azekura","animator:UneriGinkaku"],"picked":"animator:Shichika","floor":6},{"not_picked":["animator:SwordMaiden","animator:ShinjiMatou"],"picked":"animator:Tatsumaki","floor":9},{"not_picked":["animator:RinTohsaka","animator:Geryuganshoop"],"picked":"animator:Kaijin","floor":11},{"not_picked":["animator:Kuribayashi","animator:Millim"],"picked":"animator:Arpeggio","floor":12},{"not_picked":["animator:TsurugaMeisai","animator:Azekura"],"picked":"animator:Shichika","floor":13},{"not_picked":["animator:YaoHaDucy","animator:SuzuneAmano"],"picked":"animator:Witch","floor":14},{"not_picked":["animator:Spearman","animator:Emonzaemon"],"picked":"animator:Nanami","floor":15}],"player_experience":28576,"relics_obtained":[{"floor":2,"key":"Peace Pipe"}],"event_choices":[{"cards_removed":["animator:Strike"],"damage_healed":0,"gold_gain":0,"player_choice":"Took Card","damage_taken":0,"max_hp_gain":0,"max_hp_loss":0,"event_name":"NoteForYourself","floor":3,"gold_loss":0,"cards_obtained":["animator:Strike"]}],"is_beta":false,"boss_relics":[],"items_purged_floors":[],"is_endless":false,"potions_floor_spawned":[6,9,13,14,15],"killed_by":"downfall:Defect","ascension_level":0}}