{"host":"7wibw175hth9njsf","time":1608086623,"event":{"mods":["2.2 Compatiblity","Act Like it!","BaseMod","Chen","Friendly Minions","Gensokyo","GifTheSpireLib","Highlight Path","Koishi","Marisa（霧雨　魔理沙）","Minty Spire (QoL Compilation)","Onozuka Komachi Mod","Random Character Button","Reimu（博??梦）","Remilia（蕾米莉?）","StSLib","The Administrix","The Alterego","The Animator","The Blue Laboratory","The Fake Hero","TheSwordswoman","Waifu the Spire","【?方二次?作】八云紫mod"],"gold_per_floor":[119,50,50,64,64,64,64],"floor_reached":6,"playtime":769,"items_purged":[],"score":34,"play_id":"547ab92f-0c30-4889-a26c-af966220c4fb","local_time":"20201215214343","is_ascension_mode":false,"campfire_choices":[],"circlet_count":0,"master_deck":["Koishi:BasicStrike","Koishi:BasicStrike","Koishi:BasicStrike","Koishi:BasicStrike","Koishi:BasicDefend","Koishi:BasicDefend","Koishi:BasicDefend","Koishi:BasicDefend","Koishi:Provoke","Koishi:HauntingSlash","Koishi:ParalyzingFear","Koishi:ImGoingToCallYouNow","Koishi:DreadfulBlow","Koishi:SubterraneanRose","Koishi:DNAsFlaw"],"relics":["Koishi:ImaginaryFriend"],"acts_visited":["Exordium"],"potions_floor_usage":[],"damage_taken":[{"damage":9,"enemies":"Gensokyo:Gryphon","floor":1,"turns":4},{"damage":5,"enemies":"Gensokyo:2_Kodama","floor":4,"turns":4},{"damage":64,"enemies":"Gensokyo:Aya","floor":6,"turns":13}],"seed_played":"760346158270040610","potions_obtained":[],"is_trial":false,"path_per_floor":["M","$","?","M","$","E"],"character_chosen":"KOISHI","items_purchased":["Koishi:ImGoingToCallYouNow"],"campfire_rested":0,"item_purchase_floors":[2],"current_hp_per_floor":[59,59,59,60,60,0,0],"gold":64,"neow_bonus":"TEN_PERCENT_HP_BONUS","is_daily":false,"chose_seed":false,"campfire_upgraded":0,"win_rate":0.0,"timestamp":1608086623,"path_taken":["M","?","?","?","?","E"],"items_purchased_type":["Card"],"build_version":"2020-12-13","purchased_purges":0,"victory":false,"max_hp_per_floor":[66,66,66,66,66,66,66],"card_choices":[{"not_picked":["Koishi:FleetingPhantom","Koishi:GhostParty"],"picked":"Koishi:ParalyzingFear","floor":1},{"not_picked":["Koishi:BloodcurdlingScream","Koishi:TremblingHands"],"picked":"Koishi:DreadfulBlow","floor":3},{"not_picked":["Koishi:GeneticsOfTheUnconscious","Koishi:HeartfeltFancy"],"picked":"Koishi:SubterraneanRose","floor":3},{"not_picked":["Koishi:Prune","Koishi:SprinkleStarAndHeart"],"picked":"Koishi:DNAsFlaw","floor":4}],"player_experience":208436,"relics_obtained":[],"event_choices":[],"is_beta":false,"boss_relics":[],"items_purged_floors":[],"is_endless":false,"potions_floor_spawned":[],"killed_by":"Gensokyo:Aya","ascension_level":0}}