{"host":"kh6fvhxn285ncg0o","time":1608107709,"event":{"mods":["Act Like it!","BaseMod","Colored Map","Friendly Minions","Keyboard Shortcuts","Minty Spire (QoL Compilation)","Quick Restart","Relic Stats","StSLib","SuperFastMode"],"gold_per_floor":[213,213,231,231,257,269,313,325,409,433,458,495,507,533,545,633,645,671,608,620,382,402,434,434,467,467,496,411,445,174,191,191,268,268,282,78,78,97,113,138,152,182,182,182,182,230,256,256,256,256,256,256,256,29,58,58],"floor_reached":57,"playtime":2036,"items_purged":["Strike_R","Regret","Strike_R"],"score":3737,"play_id":"c9efd4fd-58fe-417f-8b1d-7a6fe8970014","local_time":"20201216173509","is_ascension_mode":true,"campfire_choices":[{"data":"Fiend Fire","floor":6.0,"key":"SMITH"},{"data":"Bash","floor":8.0,"key":"SMITH"},{"data":"Battle Trance","floor":13.0,"key":"SMITH"},{"data":"Flame Barrier","floor":15.0,"key":"SMITH"},{"data":"Immolate","floor":24.0,"key":"SMITH"},{"data":"Feel No Pain","floor":32.0,"key":"SMITH"},{"data":"Deep Breath","floor":44.0,"key":"SMITH"},{"data":"Dark Embrace","floor":45.0,"key":"SMITH"},{"floor":49,"key":"RECALL"},{"data":"Barricade","floor":53,"key":"SMITH"}],"circlet_count":0,"master_deck":["AscendersBane","Strike_R","Defend_R","Defend_R","Defend_R","Defend_R","Bash+1","Fiend Fire+1","Feel No Pain+1","Shrug It Off","Battle Trance+1","Battle Trance","Flame Barrier+1","Fire Breathing","Power Through+1","Dark Embrace+1","Barricade+1","Entrench","Pommel Strike+1","Corruption","Deep Breath+1","Entrench+1","Body Slam+1","Burning Pact"],"relics":["Burning Blood","MawBank","The Courier","Mercury Hourglass","Champion Belt","Cursed Key","Enchiridion","Toolbox","Toy Ornithopter","WingedGreaves","Centennial Puzzle","White Beast Statue","ClockworkSouvenir","Mark of Pain","Orrery","Omamori","Question Card","Meat on the Bone","Blue Candle","FossilizedHelix","Blood Vial"],"acts_visited":["TheCity","TheBeyond","TheEnding"],"potions_floor_usage":[46,50,51,56,56],"damage_taken":[{"damage":3.0,"enemies":"2 Louse","floor":1.0,"turns":4.0},{"damage":6.0,"enemies":"Cultist","floor":3.0,"turns":3.0},{"damage":9.0,"enemies":"Jaw Worm","floor":5.0,"turns":4.0},{"damage":35.0,"enemies":"Lagavulin","floor":7.0,"turns":8.0},{"damage":6.0,"enemies":"Large Slime","floor":10.0,"turns":5.0},{"damage":0.0,"enemies":"Exordium Wildlife","floor":11.0,"turns":3.0},{"damage":0.0,"enemies":"Gremlin Nob","floor":12.0,"turns":3.0},{"damage":9.0,"enemies":"3 Louse","floor":14.0,"turns":4.0},{"damage":0.0,"enemies":"The Guardian","floor":16.0,"turns":13.0},{"damage":12.0,"enemies":"3 Byrds","floor":18.0,"turns":2.0},{"damage":0.0,"enemies":"Shell Parasite","floor":22.0,"turns":1.0},{"damage":0.0,"enemies":"Book of Stabbing","floor":23.0,"turns":3.0},{"damage":20.0,"enemies":"Slavers","floor":25.0,"turns":3.0},{"damage":0.0,"enemies":"Gremlin Leader","floor":27.0,"turns":3.0},{"damage":0.0,"enemies":"Book of Stabbing","floor":29.0,"turns":3.0},{"damage":0.0,"enemies":"Chosen and Byrds","floor":31.0,"turns":4.0},{"damage":53.0,"enemies":"Collector","floor":33.0,"turns":8.0},{"damage":0.0,"enemies":"3 Shapes","floor":35.0,"turns":3.0},{"damage":0.0,"enemies":"Orb Walker","floor":38.0,"turns":1.0},{"damage":0.0,"enemies":"Writhing Mass","floor":39.0,"turns":4.0},{"damage":3.0,"enemies":"Nemesis","floor":40.0,"turns":7.0},{"damage":0.0,"enemies":"Sphere and 2 Shapes","floor":41.0,"turns":3.0},{"damage":0.0,"enemies":"Reptomancer","floor":42.0,"turns":4.0},{"damage":0,"enemies":"Giant Head","floor":46,"turns":7},{"damage":0,"enemies":"Nemesis","floor":47,"turns":7},{"damage":0,"enemies":"Time Eater","floor":50,"turns":3},{"damage":6,"enemies":"Awakened One","floor":51,"turns":5},{"damage":0,"enemies":"Shield and Spear","floor":55,"turns":3},{"damage":0,"enemies":"The Heart","floor":56,"turns":11}],"seed_played":"-6747872090785295859","potions_obtained":[{"floor":3.0,"key":"Fire Potion"},{"floor":7.0,"key":"Block Potion"},{"floor":10.0,"key":"EntropicBrew"},{"floor":16.0,"key":"Regen Potion"},{"floor":25.0,"key":"SteroidPotion"},{"floor":27.0,"key":"Strength Potion"},{"floor":29.0,"key":"Swift Potion"},{"floor":33.0,"key":"DistilledChaos"},{"floor":35.0,"key":"BloodPotion"},{"floor":38.0,"key":"DistilledChaos"},{"floor":39.0,"key":"Swift Potion"},{"floor":40.0,"key":"GamblersBrew"},{"floor":42.0,"key":"LiquidMemories"},{"floor":46,"key":"SkillPotion"}],"is_trial":false,"path_per_floor":["M","?","M","?","M","R","E","R","T","M","M","E","R","M","R","B",null,"M","?","?","$","M","E","R","E","T","E","?","E","$","M","R","B",null,"M","$","?","M","M","E","M","E","T","R","R","E","E","?","R","B","B",null,"R","$","E","B",null],"character_chosen":"IRONCLAD","items_purchased":["Fire Breathing","Toolbox","ClockworkSouvenir","Dark Embrace","Orrery","Deep Breath","Swift Potion","Weak Potion","Swift Potion"],"campfire_rested":0,"item_purchase_floors":[21,21,30,30,36,36,54,54,54],"current_hp_per_floor":[71,71,71,71,68,68,39,39,39,39,45,51,51,48,48,54,70,64,64,43,43,49,55,55,41,41,57,57,68,68,74,74,28,63,69,69,69,75,75,75,75,75,75,75,75,75,75,85,85,85,85,85,85,85,85,85],"gold":58,"neow_bonus":"HUNDRED_GOLD","is_daily":false,"chose_seed":false,"campfire_upgraded":9,"win_rate":0.0,"timestamp":1608107709,"path_taken":["M","?","?","?","M","R","E","R","T","M","M","E","R","?","R","BOSS","M","?","?","$","?","E","R","E","T","E","?","E","$","M","R","BOSS","M","$","?","M","M","E","M","E","T","R","R","E","E","?","R","BOSS","BOSS","R","$","E","BOSS"],"items_purchased_type":["Card","Relic","Relic","Card","Relic","Card","Potion","Potion","Potion"],"build_version":"2020-12-13","purchased_purges":3,"victory":true,"max_hp_per_floor":[75,75,75,75,75,75,75,75,75,75,75,75,75,75,75,75,75,75,75,75,75,75,75,75,75,75,75,75,75,75,75,75,75,75,75,75,75,75,75,75,75,75,75,75,75,75,75,85,85,85,85,85,85,85,85,85],"relic_stats":{"counters":[29,130],"Blue Candle":[1],"MawBank":204,"Cursed Key":2,"Question Card":3,"Burning Blood":123,"Mercury Hourglass":[445],"Blood Vial":0,"Centennial Puzzle":[9],"Champion Belt":[21],"obtain_stats":[{"Blue Candle":46,"Enchiridion":20,"The Courier":7,"Omamori":40,"MawBank":4,"Cursed Key":17,"Question Card":42,"Burning Blood":0,"White Beast Statue":29,"Mercury Hourglass":9,"ClockworkSouvenir":30,"Blood Vial":55,"Centennial Puzzle":28,"Toolbox":21,"Orrery":36,"WingedGreaves":27,"Mark of Pain":34,"Champion Belt":12,"Toy Ornithopter":25,"FossilizedHelix":47,"Meat on the Bone":43},{"Blue Candle":24,"Enchiridion":10,"The Courier":4,"Omamori":21,"MawBank":2,"Cursed Key":9,"Question Card":23,"Burning Blood":0,"White Beast Statue":15,"Mercury Hourglass":4,"ClockworkSouvenir":15,"Blood Vial":28,"Centennial Puzzle":14,"Toolbox":10,"Orrery":18,"WingedGreaves":14,"Mark of Pain":17,"Champion Belt":7,"Toy Ornithopter":13,"FossilizedHelix":25,"Meat on the Bone":23},{"Blue Candle":101,"Enchiridion":48,"The Courier":19,"Omamori":87,"MawBank":7,"Cursed Key":46,"Question Card":94,"Burning Blood":0,"White Beast Statue":61,"Mercury Hourglass":19,"ClockworkSouvenir":61,"Blood Vial":119,"Centennial Puzzle":58,"Toolbox":48,"Orrery":76,"WingedGreaves":58,"Mark of Pain":73,"Champion Belt":30,"Toy Ornithopter":55,"FossilizedHelix":108,"Meat on the Bone":94}],"Toy Ornithopter":11,"Meat on the Bone":0},"card_choices":[{"not_picked":["Perfected Strike","Clothesline"],"picked":"Feel No Pain","floor":5.0},{"not_picked":["Twin Strike","Havoc"],"picked":"Shrug It Off","floor":7.0},{"not_picked":["Cleave","Body Slam"],"picked":"Battle Trance","floor":10.0},{"not_picked":["Ghostly Armor","Headbutt"],"picked":"Battle Trance","floor":11.0},{"not_picked":["Battle Trance","Clothesline","Perfected Strike"],"picked":"SKIP","floor":12.0},{"not_picked":["Thunderclap","Infernal Blade"],"picked":"Flame Barrier","floor":14.0},{"not_picked":["Impervious","Demon Form"],"picked":"Immolate","floor":16.0},{"not_picked":["Intimidate","Warcry","Thunderclap"],"picked":"SKIP","floor":22.0},{"not_picked":["Pummel","Clash","Fire Breathing"],"picked":"SKIP","floor":23.0},{"not_picked":["Rampage","Shrug It Off","Inflame"],"picked":"SKIP","floor":25.0},{"not_picked":["Evolve","Twin Strike"],"picked":"Power Through+1","floor":27.0},{"not_picked":["Warcry","Shrug It Off","Headbutt"],"picked":"SKIP","floor":29.0},{"not_picked":["Warcry","Shrug It Off","Headbutt"],"picked":"SKIP","floor":29.0},{"not_picked":["Pommel Strike","Feel No Pain","True Grit"],"picked":"SKIP","floor":31.0},{"not_picked":["Immolate","Exhume"],"picked":"Barricade","floor":33.0},{"not_picked":["Sever Soul+1","Thunderclap","Sentinel"],"picked":"SKIP","floor":35.0},{"not_picked":["Ghostly Armor+1","Twin Strike"],"picked":"Entrench","floor":36.0},{"not_picked":["Metallicize+1","Anger+1"],"picked":"Pommel Strike+1","floor":36.0},{"not_picked":["Shockwave","Shrug It Off+1"],"picked":"Corruption","floor":36.0},{"not_picked":["Anger+1","Perfected Strike","Blood for Blood"],"picked":"SKIP","floor":38.0},{"not_picked":["Intimidate+1","Warcry","True Grit"],"picked":"SKIP","floor":39.0},{"not_picked":["Clash+1","Wild Strike"],"picked":"Entrench+1","floor":40.0},{"not_picked":["Warcry","Shrug It Off"],"picked":"Body Slam+1","floor":41.0},{"not_picked":["Sword Boomerang","Dark Embrace","Rampage"],"picked":"SKIP","floor":42.0},{"not_picked":["Iron Wave","True Grit","Cleave","Bludgeon"],"picked":"SKIP","floor":46},{"not_picked":["Impervious","Immolate","Shockwave+1"],"picked":"Burning Pact","floor":47},{"not_picked":["Pummel+1","Power Through+1","Dark Embrace","Headbutt+1"],"picked":"SKIP","floor":55}],"player_experience":3193387,"relics_obtained":[{"floor":7.0,"key":"The Courier"},{"floor":9.0,"key":"Mercury Hourglass"},{"floor":12.0,"key":"Champion Belt"},{"floor":20.0,"key":"Enchiridion"},{"floor":25.0,"key":"Toy Ornithopter"},{"floor":27.0,"key":"WingedGreaves"},{"floor":29.0,"key":"White Beast Statue"},{"floor":40.0,"key":"Omamori"},{"floor":42.0,"key":"Question Card"},{"floor":43.0,"key":"Meat on the Bone"},{"floor":46,"key":"Blue Candle"},{"floor":47,"key":"FossilizedHelix"},{"floor":55,"key":"Blood Vial"}],"event_choices":[{"damage_healed":0.0,"max_hp_gain":0.0,"max_hp_loss":0.0,"gold_gain":0.0,"cards_transformed":["Strike_R"],"event_name":"Transmorgrifier","player_choice":"Transformed","floor":2.0,"gold_loss":0.0,"damage_taken":0.0,"cards_obtained":["Fiend Fire"]},{"damage_healed":0.0,"max_hp_gain":0.0,"max_hp_loss":0.0,"gold_gain":0.0,"event_name":"WeMeetAgain","player_choice":"Gave Potion","floor":4.0,"gold_loss":0.0,"damage_taken":0.0,"relics_obtained":["MawBank"]},{"cards_removed":["Strike_R"],"damage_healed":0.0,"max_hp_gain":0.0,"max_hp_loss":0.0,"gold_gain":0.0,"event_name":"Beggar","player_choice":"Gave Gold","floor":19.0,"gold_loss":75.0,"damage_taken":0.0},{"damage_healed":0.0,"max_hp_gain":0.0,"max_hp_loss":0.0,"gold_gain":0.0,"event_name":"Cursed Tome","player_choice":"Obtained Book","floor":20.0,"gold_loss":0.0,"damage_taken":21.0},{"damage_healed":0.0,"max_hp_gain":0.0,"max_hp_loss":0.0,"gold_gain":0.0,"event_name":"Addict","player_choice":"Obtained Relic","floor":28.0,"gold_loss":85.0,"damage_taken":0.0,"relics_obtained":["Centennial Puzzle"]},{"damage_healed":0.0,"max_hp_gain":0.0,"max_hp_loss":0.0,"gold_gain":0.0,"event_name":"Tomb of Lord Red Mask","player_choice":"Ignored","floor":37.0,"gold_loss":0.0,"damage_taken":0.0},{"cards_removed":["Immolate"],"damage_healed":0,"gold_gain":0,"player_choice":"Offered Rare","damage_taken":0,"max_hp_gain":10,"max_hp_loss":0,"event_name":"Bonfire Elementals","floor":48,"gold_loss":0}],"is_beta":false,"boss_relics":[{"not_picked":["Pandora\u0027s Box","Busted Crown"],"picked":"Cursed Key"},{"not_picked":["Philosopher\u0027s Stone","Sozu"],"picked":"Mark of Pain"}],"items_purged_floors":[21,30,54],"is_endless":false,"potions_floor_spawned":[3,7,10,16,25,27,29,31,33,35,38,39,40,41,42,46,47,55],"ascension_level":20}}