{"host":"2461dio7vetlq1z3","time":1608132455,"event":{"mods":["2.2 Compatiblity","AchievementEnabler","Aspiration","BaseMod","Better Third Choice","Hermit","Minty Spire (QoL Compilation)","Relic Stats","Spicy Shops","StSLib","The Hierophant","Waifu the Spire"],"gold_per_floor":[210,16,16,16,16,16,16,16,16],"floor_reached":8,"playtime":208,"items_purged":[],"score":84,"play_id":"9b098f8e-e9c1-49f9-a3e7-6c8d02986666","local_time":"20201216162735","is_ascension_mode":true,"campfire_choices":[{"data":"Havoc","floor":6,"key":"SMITH"}],"circlet_count":0,"master_deck":["AscendersBane","Strike_R","Strike_R","Strike_R","Strike_R","Defend_R","Defend_R","Defend_R","Defend_R","Bash","Iron Wave","Havoc+1"],"relics":["Burning Blood","Frozen Eye","Golden Idol","Letter Opener","Charon\u0027s Ashes"],"acts_visited":["Exordium"],"potions_floor_usage":[],"damage_taken":[{"damage":2,"enemies":"2 Louse","floor":1,"turns":6},{"damage":63,"enemies":"Lagavulin","floor":8,"turns":10}],"seed_played":"-134161558419223716","potions_obtained":[],"is_trial":false,"path_per_floor":["M","$","?","T","?","R","T","E"],"character_chosen":"IRONCLAD","items_purchased":["Frozen Eye","Havoc"],"campfire_rested":0,"item_purchase_floors":[2,2],"current_hp_per_floor":[72,72,46,46,46,46,46,0,0],"gold":16,"neow_bonus":"HUNDRED_GOLD","is_daily":false,"chose_seed":false,"campfire_upgraded":1,"win_rate":0.0,"timestamp":1608132455,"path_taken":["M","$","?","?","?","R","?","E"],"items_purchased_type":["Relic","Card"],"build_version":"2020-12-13","purchased_purges":0,"victory":false,"max_hp_per_floor":[75,75,75,75,75,75,75,75,75],"relic_stats":{"counters":[2,16],"Golden Idol":0,"Charon\u0027s Ashes":[12],"Letter Opener":[5],"obtain_stats":[{"Frozen Eye":2,"Golden Idol":3,"Charon\u0027s Ashes":7,"Letter Opener":4,"Burning Blood":0},{"Frozen Eye":1,"Golden Idol":1,"Charon\u0027s Ashes":1,"Letter Opener":1,"Burning Blood":0},{"Frozen Eye":6,"Golden Idol":6,"Charon\u0027s Ashes":6,"Letter Opener":6,"Burning Blood":0}],"Burning Blood":6},"card_choices":[{"not_picked":["Heavy Blade","Flex"],"picked":"Iron Wave","floor":1}],"player_experience":726577,"relics_obtained":[{"floor":4,"key":"Letter Opener"},{"floor":7,"key":"Charon\u0027s Ashes"}],"event_choices":[{"damage_healed":0,"gold_gain":0,"player_choice":"Take Damage","damage_taken":26,"relics_obtained":["Golden Idol"],"max_hp_gain":0,"max_hp_loss":0,"event_name":"Golden Idol","floor":3,"gold_loss":0},{"cards_removed":["Strike_R"],"damage_healed":0,"gold_gain":0,"player_choice":"Forget","damage_taken":0,"max_hp_gain":0,"max_hp_loss":0,"event_name":"Living Wall","floor":5,"gold_loss":0}],"is_beta":false,"boss_relics":[],"items_purged_floors":[],"is_endless":false,"potions_floor_spawned":[],"killed_by":"Lagavulin","ascension_level":20}}