{"host":"7ng250kq93p51zyj","time":1608141537,"event":{"mods":["Act Like it!","Aspiration","BaseMod","BetterRewards","Card Forge","Colored Powertips","Energized Spire","Gensokyo","KinomotoSakuraMod(ñÿîVñ{?)","MarisaÅiñ∂âJÅ@ñÇóùçπÅj","Minty Spire (QoL Compilation)","Permanent Neow","Prisma Mod","Replay The Spire","StSLib","The Alterego","The Animator","The Servant 0.9.4","TheSwordswoman"],"gold_per_floor":[110,139,139,151,161,189,189,208,262,293,293,323,343,343,343,447,447,466,476,488,194,205,237,237,268,268,268,268,288,303,314,314,417,417,433,208,219,283,283,311,311,340,366,385,432,432,432,449,449,454,454,510,211,241,246],"floor_reached":56,"playtime":6598,"items_purged":[],"score":1702,"play_id":"3990e4ab-3c84-493d-b65e-961d22f0f047","local_time":"20201216185857","is_ascension_mode":false,"campfire_choices":[{"data":"1","floor":7,"key":"LIFT"},{"floor":11,"key":"REST"},{"data":"2","floor":15,"key":"LIFT"},{"data":"3","floor":27,"key":"LIFT"},{"floor":32,"key":"REST"},{"floor":41,"key":"REST"},{"floor":49,"key":"RECALL"}],"circlet_count":0,"master_deck":["alterego_mod:Strike+1","alterego_mod:Strike+1","alterego_mod:Strike+1","alterego_mod:Strike+1","alterego_mod:Defend+1","alterego_mod:Defend+1","alterego_mod:Defend+1","alterego_mod:Defend+1","alterego_mod:Impale+1","alterego_mod:BigMeatyClaws+1","alterego_mod:BrynhildrsRune+1","alterego_mod:Support+1","alterego_mod:Support+1","alterego_mod:Bounce+1","alterego_mod:MagicResistance+1","alterego_mod:Rip+1","alterego_mod:Smother+1","alterego_mod:Palingenesis+10","alterego_mod:Bounce+1","alterego_mod:Undulate+1","alterego_mod:Clap+1","alterego_mod:Jiggle+1","alterego_mod:SideboobHour+1","alterego_mod:DiscoLights+1","alterego_mod:Bounce+1","alterego_mod:Undulate+1","alterego_mod:Valentines+1","alterego_mod:Venus+1","alterego_mod:BreastValley+1","alterego_mod:Mirror+1","alterego_mod:BustOut+1","alterego_mod:IdEs+1","alterego_mod:Smother+1","alterego_mod:Belts+1","alterego_mod:Stockings+1","alterego_mod:GachaTicket+1","alterego_mod:Undulate+1","alterego_mod:Collar+1","alterego_mod:Clones+1","alterego_mod:GachaTicket+1","alterego_mod:Belle+1","alterego_mod:Rip+1"],"relics":["alterego_mod:MasochisticConstitution","Hammer of Thor","Seething Fire","Anvil of the Gods","Letter Opener","Girya","Smiling Mask","ReplayTheSpireMod:Shallot","Anchor","aspiration:StickyExplosives","Gensokyo:NagashiBinaDoll","energizedSpire:MagnifyingGlass","Lantern","Strange Spoon","StoneCalendar","Gensokyo:ConquerorOfFear","ReplayFunnel","Question Card","SlaversCollar","Chemical X","Pet Ghost","Bird Faced Urn","Meat on the Bone","Happy Flower","Replay:Multitool","Pondfish Scales","Replay:Baseball","Simple Rune","Bottled Tornado"],"acts_visited":["Exordium","Gensokyo:Gensokyo","TheBeyond","TheEnding"],"potions_floor_usage":[33,55,55],"damage_taken":[{"damage":0,"enemies":"Gensokyo:2_Kodama","floor":1,"turns":4},{"damage":5,"enemies":"Gensokyo:Cirno","floor":2,"turns":8},{"damage":0,"enemies":"Gensokyo:3_Fairies","floor":4,"turns":5},{"damage":1,"enemies":"Gensokyo:Gryphon","floor":5,"turns":2},{"damage":0,"enemies":"Gensokyo:Mamizou","floor":6,"turns":6},{"damage":0,"enemies":"Gensokyo:VengefulSpirit","floor":8,"turns":4},{"damage":17,"enemies":"Gensokyo:Cirno","floor":10,"turns":7},{"damage":0,"enemies":"Gensokyo:Mamizou","floor":12,"turns":7},{"damage":0,"enemies":"Gensokyo:2_Rabbits","floor":13,"turns":4},{"damage":14,"enemies":"Gensokyo:Kokoro","floor":16,"turns":10},{"damage":4,"enemies":"Gensokyo:CosmicMonolith","floor":18,"turns":4},{"damage":2,"enemies":"Gensokyo:Chomper","floor":19,"turns":4},{"damage":0,"enemies":"Gensokyo:Wraith","floor":20,"turns":4},{"damage":17,"enemies":"Gensokyo:Monolith_and_Dog","floor":22,"turns":4},{"damage":8,"enemies":"Gensokyo:Tenshi","floor":23,"turns":2},{"damage":12,"enemies":"Gensokyo:Reisen","floor":25,"turns":4},{"damage":6,"enemies":"Gensokyo:Mirror_and_Dog","floor":29,"turns":5},{"damage":0,"enemies":"Gensokyo:Slime_Group","floor":30,"turns":5},{"damage":0,"enemies":"Gensokyo:Wraith","floor":31,"turns":5},{"damage":14,"enemies":"Gensokyo:Eiki","floor":33,"turns":6},{"damage":0,"enemies":"Orb Walker","floor":35,"turns":1},{"damage":28,"enemies":"3 Shapes","floor":37,"turns":3},{"damage":3,"enemies":"R_Hoarder","floor":40,"turns":7},{"damage":0,"enemies":"Giant Head","floor":42,"turns":5},{"damage":0,"enemies":"Spire Growth","floor":44,"turns":3},{"damage":31,"enemies":"2 Orb Walkers","floor":45,"turns":4},{"damage":0,"enemies":"4 Shapes","floor":48,"turns":4},{"damage":21,"enemies":"Awakened One","floor":50,"turns":10},{"damage":80,"enemies":"Shield and Spear","floor":54,"turns":4},{"damage":24,"enemies":"The Heart","floor":55,"turns":10}],"seed_played":"3196349724804383841","potions_obtained":[{"floor":2,"key":"Adrenaline Potion"},{"floor":5,"key":"Fire Potion"},{"floor":6,"key":"Weak Potion"},{"floor":12,"key":"Dexterity Potion"},{"floor":22,"key":"Block Potion"},{"floor":29,"key":"FairyPotion"},{"floor":31,"key":"Regen Potion"},{"floor":35,"key":"LiquidBronze"}],"is_trial":false,"path_per_floor":["M","?","$","M","M","E","R","M","T","E","R","E","M","?","R","B",null,"M","M","M","$","M","E","?","E","T","R","?","M","M","M","R","B",null,"M","$","M","?","?","E","R","E","T","M","?","?","T","M","R","B",null,"R","$","E","B",null],"character_chosen":"The_Alterego","items_purchased":["Letter Opener","alterego_mod:Support","alterego_mod:Bounce","Lantern","Strange Spoon","Chemical X","alterego_mod:Belts","Replay:Baseball","Simple Rune"],"campfire_rested":3,"item_purchase_floors":[0,0,0,21,21,36,36,53,53],"current_hp_per_floor":[41,37,37,37,37,37,37,37,37,21,42,42,49,49,49,36,74,71,70,70,70,54,47,47,36,36,36,36,31,31,31,55,78,81,81,81,54,54,54,52,76,83,83,83,67,67,67,75,75,85,85,85,85,48,45],"gold":246,"neow_bonus":"","is_daily":false,"chose_seed":false,"campfire_upgraded":0,"win_rate":0.0,"timestamp":1608141537,"path_taken":["M","?","$","M","M","E","R","M","T","E","R","E","M","?","R","BOSS","M","M","M","$","M","E","?","E","T","R","?","M","?","M","R","BOSS","M","$","M","?","?","E","R","E","T","M","?","?","?","M","R","BOSS","R","$","E","BOSS"],"items_purchased_type":["Relic","Card","Card","Relic","Relic","Relic","Card","Relic","Relic"],"build_version":"2020-12-13","purchased_purges":0,"victory":true,"max_hp_per_floor":[70,71,71,71,72,72,72,72,72,73,73,73,73,73,73,74,74,75,76,76,76,77,78,78,79,79,79,79,80,80,80,80,81,81,81,81,82,82,82,83,83,83,83,83,84,84,84,84,84,85,85,85,85,86,87],"card_choices":[{"not_picked":["alterego_mod:Santa","alterego_mod:SakuraLabyrinth","alterego_mod:DestructionOfProperty"],"picked":"SKIP","floor":1},{"not_picked":["alterego_mod:Table","alterego_mod:Punishment"],"picked":"alterego_mod:MagicResistance","floor":2},{"not_picked":["alterego_mod:Complex","alterego_mod:SakuraFive"],"picked":"alterego_mod:Rip","floor":4},{"not_picked":["alterego_mod:Cycle","alterego_mod:Mirror"],"picked":"alterego_mod:Smother","floor":5},{"not_picked":["alterego_mod:PerceptionDisorder","alterego_mod:DiscoLights"],"picked":"alterego_mod:Palingenesis","floor":6},{"not_picked":["alterego_mod:MaintainEyeContact","alterego_mod:TrashNCrash"],"picked":"alterego_mod:Bounce","floor":8},{"not_picked":["alterego_mod:PresenceConcealment","alterego_mod:Cycle"],"picked":"alterego_mod:Undulate","floor":10},{"not_picked":["alterego_mod:Maid","alterego_mod:Complex"],"picked":"alterego_mod:Clap","floor":12},{"not_picked":["alterego_mod:Cooking","alterego_mod:Cycle"],"picked":"alterego_mod:Jiggle","floor":13},{"not_picked":["alterego_mod:Palingenesis","alterego_mod:Vow"],"picked":"alterego_mod:SideboobHour","floor":16},{"not_picked":["alterego_mod:Pet","alterego_mod:HighServant+1"],"picked":"alterego_mod:DiscoLights","floor":18},{"not_picked":["alterego_mod:HighServant","alterego_mod:Mirror+1"],"picked":"alterego_mod:Bounce","floor":19},{"not_picked":["alterego_mod:Bloomers","alterego_mod:DestructionOfProperty"],"picked":"alterego_mod:Undulate+1","floor":20},{"not_picked":["alterego_mod:1TonWallop","alterego_mod:Bloomers+1"],"picked":"alterego_mod:Valentines","floor":22},{"not_picked":["alterego_mod:Complex+1","alterego_mod:DestructionOfProperty","alterego_mod:Maid"],"picked":"SKIP","floor":23},{"not_picked":["alterego_mod:GoddessCore","alterego_mod:Skirt"],"picked":"alterego_mod:Venus","floor":25},{"not_picked":["alterego_mod:BiFurious+1","alterego_mod:Complex+1","alterego_mod:1TonWallop"],"picked":"alterego_mod:BreastValley+1","floor":29},{"not_picked":["alterego_mod:DiscoLights","alterego_mod:HighServant+1","alterego_mod:PerceptionDisorder"],"picked":"alterego_mod:Mirror","floor":30},{"not_picked":["alterego_mod:DeftHands","alterego_mod:Mirror+1","alterego_mod:Jiggle+1"],"picked":"alterego_mod:BustOut","floor":31},{"not_picked":["alterego_mod:BrynhildrRomantia","alterego_mod:GIGAMILK","alterego_mod:SideboobHour"],"picked":"alterego_mod:IdEs","floor":33},{"not_picked":["alterego_mod:Skirt+1","alterego_mod:Punishment+1","alterego_mod:TrashNCrash+1"],"picked":"alterego_mod:Smother","floor":35},{"not_picked":["alterego_mod:BiFurious","alterego_mod:IdEs","alterego_mod:BreastValley"],"picked":"alterego_mod:Stockings+1","floor":37},{"not_picked":["alterego_mod:BoobPocket+1","alterego_mod:MaintainEyeContact+1","alterego_mod:Birthday"],"picked":"alterego_mod:GachaTicket+1","floor":38},{"not_picked":["alterego_mod:BiFurious","alterego_mod:Exercise+1","alterego_mod:DeftHands"],"picked":"alterego_mod:Undulate+1","floor":38},{"not_picked":["alterego_mod:Santa+1","alterego_mod:Schoolgirl","alterego_mod:Clones"],"picked":"alterego_mod:Collar+1","floor":40},{"not_picked":["alterego_mod:Complex","alterego_mod:1TonWallop","alterego_mod:HighServant+1","alterego_mod:BiFurious+1"],"picked":"SKIP","floor":42},{"not_picked":["alterego_mod:Swimsuit","alterego_mod:Belle+1","alterego_mod:TrashNCrash+1"],"picked":"alterego_mod:Clones+1","floor":44},{"not_picked":["alterego_mod:Stockings","alterego_mod:PerceptionDisorder","alterego_mod:Support"],"picked":"alterego_mod:GachaTicket","floor":45},{"not_picked":["alterego_mod:RidiculouslyBig+1","alterego_mod:STier","alterego_mod:Complex"],"picked":"alterego_mod:Belle+1","floor":48},{"not_picked":["alterego_mod:MagicResistance","alterego_mod:Bloomers","alterego_mod:BiFurious"],"picked":"alterego_mod:Rip+1","floor":54}],"player_experience":312313,"relics_obtained":[{"floor":2,"key":"Smiling Mask"},{"floor":6,"key":"ReplayTheSpireMod:Shallot"},{"floor":10,"key":"Anchor"},{"floor":12,"key":"aspiration:StickyExplosives"},{"floor":23,"key":"StoneCalendar"},{"floor":25,"key":"Gensokyo:ConquerorOfFear"},{"floor":25,"key":"ReplayFunnel"},{"floor":26,"key":"Question Card"},{"floor":38,"key":"Pet Ghost"},{"floor":40,"key":"Bird Faced Urn"},{"floor":42,"key":"Meat on the Bone"},{"floor":43,"key":"Happy Flower"},{"floor":45,"key":"Replay:Multitool"},{"floor":47,"key":"Pondfish Scales"},{"floor":54,"key":"Bottled Tornado"}],"event_choices":[{"damage_healed":0,"gold_gain":0,"player_choice":"Fight","damage_taken":0,"max_hp_gain":0,"max_hp_loss":0,"event_name":"Mysterious Sphere","floor":45,"gold_loss":0}],"is_beta":false,"boss_relics":[{"not_picked":["Calling Bell","Ectoplasm"],"picked":"energizedSpire:MagnifyingGlass"},{"not_picked":["energizedSpire:HugeHouse","Replay:Wanted Poster"],"picked":"SlaversCollar"}],"items_purged_floors":[],"is_endless":false,"potions_floor_spawned":[2,5,6,10,12,18,22,29,30,31,35,45,54],"ascension_level":0}}