{"host":"cwd5s03r1oaxs6mx","time":1608128133,"event":{"mods":["Act Like it!","BaseMod","Better Third Choice","BetterRewards","CapriCore","Card Filter","Colored Map","Custom Start","DeckTracker","Friendly Minions","Hubris","Infinite Spire","Minty Spire (QoL Compilation)","Quick Restart","Relic Stats","Shop Mod","Spicy Shops","StSLib","SuperFastMode"],"gold_per_floor":[119,21,34,34,34,34,34],"floor_reached":6,"playtime":198,"items_purged":["Strike_R","Strike_R","Defend_R","Strike_R","Defend_R","Defend_R","Strike_R","Bash"],"score":68,"play_id":"42983291-126a-4039-bcc9-c1c456c6621f","local_time":"20201216231533","is_ascension_mode":true,"campfire_choices":[],"circlet_count":0,"master_deck":["AscendersBane","Defend_R","Flash of Steel","Good Instincts"],"relics":["Burning Blood","hubris:Potato","infinitespire:BottledMercury","InkBottle"],"acts_visited":["Exordium"],"potions_floor_usage":[],"damage_taken":[{"damage":10.0,"enemies":"Small Slimes","floor":1.0,"turns":3.0},{"damage":0.0,"enemies":"2 Louse","floor":3.0,"turns":3.0},{"damage":72,"enemies":"Nightmare","floor":6,"turns":12}],"seed_played":"7866447556152570833","potions_obtained":[],"is_trial":false,"path_per_floor":["M","$","M","?","?","NM"],"character_chosen":"IRONCLAD","items_purchased":["hubris:Potato","Flash of Steel","infinitespire:BottledMercury","InkBottle","Good Instincts"],"campfire_rested":0,"item_purchase_floors":[0,0,0,0,2],"current_hp_per_floor":[64,64,70,70,70,0,0],"gold":34,"neow_bonus":"","is_daily":false,"chose_seed":false,"campfire_upgraded":0,"win_rate":0.0,"timestamp":1608128133,"path_taken":["M","$","M","?","?","E"],"items_purchased_type":["Relic","Card","Relic","Relic","Card"],"build_version":"2020-12-13","purchased_purges":8,"victory":false,"max_hp_per_floor":[75,75,75,75,75,75,75],"relic_stats":{"counters":[52,181],"obtain_stats":[{"infinitespire:BottledMercury":0,"Calipers":45,"Sling":36,"Boot":55,"Philosopher\u0027s Stone":0,"hubris:DeckOfHolding":22,"Necronomicon":0,"MerchantsRug":0,"Pear":26,"Dead Branch":0,"Velvet Choker":0,"Oddly Smooth Stone":22,"Pen Nib":0,"infinitespire:Beetle Shell":41,"hubris:Zylophone":0,"SlaversCollar":0,"hubris:BottledHeart":21,"Shuriken":36,"Bronze Scales":46,"StrikeDummy":0,"infinitespire:PuzzleCube":11,"Pocketwatch":24,"Darkstone Periapt":0,"Regal Pillow":26,"Singing Bowl":12,"Mango":54,"Juzu Bracelet":13,"Bag of Preparation":9,"Empty Cage":0,"Ancient Tea Set":24,"Burning Blood":0,"ClockworkSouvenir":14,"hubris:BlackHole":17,"Dream Catcher":2,"hubris:Backtick":17,"hubris:Icosahedron":44,"Mummified Hand":31,"Pantograph":14,"Toolbox":54,"Tiny Chest":0,"Chemical X":0,"hubris:ChampionShield":0,"InkBottle":7,"infinitespire:CursedDice":7,"hubris:MedicalManual":0,"hubris:Towel":8,"Medical Kit":22,"Anchor":0,"infinitespire:Satchel":27,"Art of War":27,"Membership Card":22,"hubris:CrackedHourglass":17,"hubris:OldNail":9,"hubris:Potato":17,"infinitespire:Midas Blood":7},{"infinitespire:BottledMercury":49,"Calipers":43,"Sling":40,"Boot":48,"Philosopher\u0027s Stone":25,"hubris:DeckOfHolding":35,"Necronomicon":25,"MerchantsRug":25,"Pear":36,"Dead Branch":25,"Velvet Choker":25,"Oddly Smooth Stone":35,"Pen Nib":25,"infinitespire:Beetle Shell":42,"hubris:Zylophone":25,"SlaversCollar":25,"hubris:BottledHeart":35,"Shuriken":40,"Bronze Scales":43,"StrikeDummy":0,"infinitespire:PuzzleCube":4,"Pocketwatch":9,"Darkstone Periapt":25,"Regal Pillow":10,"Singing Bowl":31,"Mango":47,"Juzu Bracelet":5,"Bag of Preparation":30,"Empty Cage":25,"Ancient Tea Set":36,"Burning Blood":0,"ClockworkSouvenir":5,"hubris:BlackHole":24,"Dream Catcher":26,"hubris:Backtick":6,"hubris:Icosahedron":42,"Mummified Hand":38,"Pantograph":31,"Toolbox":47,"Tiny Chest":25,"Chemical X":15,"hubris:ChampionShield":25,"InkBottle":3,"infinitespire:CursedDice":20,"hubris:MedicalManual":0,"hubris:Towel":3,"Medical Kit":35,"Anchor":25,"infinitespire:Satchel":37,"Art of War":11,"Membership Card":8,"hubris:CrackedHourglass":32,"hubris:OldNail":3,"hubris:Potato":6,"infinitespire:Midas Blood":30},{"infinitespire:BottledMercury":163,"Calipers":154,"Sling":151,"Boot":159,"Philosopher\u0027s Stone":109,"hubris:DeckOfHolding":136,"Necronomicon":109,"MerchantsRug":109,"Pear":139,"Dead Branch":109,"Velvet Choker":109,"Oddly Smooth Stone":136,"Pen Nib":109,"infinitespire:Beetle Shell":153,"hubris:Zylophone":109,"SlaversCollar":109,"hubris:BottledHeart":136,"Shuriken":151,"Bronze Scales":154,"StrikeDummy":0,"infinitespire:PuzzleCube":12,"Pocketwatch":35,"Darkstone Periapt":109,"Regal Pillow":38,"Singing Bowl":124,"Mango":158,"Juzu Bracelet":19,"Bag of Preparation":121,"Empty Cage":109,"Ancient Tea Set":139,"Burning Blood":0,"ClockworkSouvenir":19,"hubris:BlackHole":106,"Dream Catcher":111,"hubris:Backtick":27,"hubris:Icosahedron":153,"Mummified Hand":146,"Pantograph":124,"Toolbox":158,"Tiny Chest":109,"Chemical X":59,"hubris:ChampionShield":109,"InkBottle":10,"infinitespire:CursedDice":85,"hubris:MedicalManual":0,"hubris:Towel":10,"Medical Kit":136,"Anchor":109,"infinitespire:Satchel":143,"Art of War":44,"Membership Card":32,"hubris:CrackedHourglass":128,"hubris:OldNail":10,"hubris:Potato":27,"infinitespire:Midas Blood":121}],"Burning Blood":176,"InkBottle":[3]},"card_choices":[{"not_picked":["Sword Boomerang","Sentinel","Body Slam"],"picked":"SKIP","floor":1.0},{"not_picked":["Wild Strike","Heavy Blade","Perfected Strike"],"picked":"SKIP","floor":3.0},{"not_picked":["Wild Strike","Heavy Blade","Perfected Strike"],"picked":"SKIP","floor":3.0}],"player_experience":921303,"relics_obtained":[],"event_choices":[{"cards_removed":["Strike_R"],"damage_healed":0.0,"max_hp_gain":0.0,"max_hp_loss":0.0,"gold_gain":0.0,"event_name":"Living Wall","player_choice":"Forget","floor":4.0,"gold_loss":0.0,"damage_taken":0.0}],"is_beta":false,"boss_relics":[],"items_purged_floors":[0,0,0,0,0,0,0,0],"is_endless":false,"potions_floor_spawned":[1],"killed_by":"Nightmare","ascension_level":20}}