{"host":"sabve5zmqufxyc5o","time":1608135840,"event":{"mods":["2.2 Compatiblity","AchievementEnabler","Act Like it!","Ascension Reborn","Aspiration","BaseMod","Block Reminder","Colored Map","Colored Powertips","DeckTracker","KOR Keyword Fix","Keyboard Shortcuts","Minty Spire (QoL Compilation)","MostiFishMod","Quick Restart","Rare Cards Sparkle","Relic Stats","Replay The Spire","StSLib","SuperFastMode"],"gold_per_floor":[111,129,0,18,29,29,56,69,146,158,158,158,32,32,52,72,72,149,149,167,181,2,14,29,29,0,0,27,60,71,81,81,101,101,178,228,247,46,46,60,79,79,79,105,131,144,4,16,45,63,63,63,63],"floor_reached":54,"playtime":1437,"items_purged":["Strike_B","Strike_B","Strike_B","Defend_B","Defend_B"],"score":1908,"play_id":"8a8d11d3-49e5-408b-86d7-6912d712dcc6","local_time":"20201217012400","is_ascension_mode":true,"campfire_choices":[{"data":"Sunder","floor":6.0,"key":"SMITH"},{"data":"Dualcast","floor":14.0,"key":"SMITH"},{"floor":17.0,"key":"REST"},{"data":"Go for the Eyes","floor":25.0,"key":"SMITH"},{"data":"Zap","floor":27.0,"key":"SMITH"},{"floor":34.0,"key":"REST"},{"data":"MostiFishMod:TalkingToTheRain","floor":42.0,"key":"SMITH"},{"data":"Gash","floor":51,"key":"SMITH"}],"circlet_count":0,"master_deck":["AscendersBane","Zap+1","Dualcast+1","MostiFishMod:TalkingToTheRain+1","Rip and Tear","Go for the Eyes+1","Ball Lightning","Self Repair","Sunder+1","Compile Driver","FTL","Core Surge","Coolheaded+1","Gash+1","Glacier+1","MostiFishMod:FrostNova+1","MostiFishMod:WinterMarkForm","ReplayGash+1","BasicCrystalCard+1","Finesse+1","Gash+1","Coolheaded+1","White Noise+1","Skim+1","MostiFishMod:ReadyAimFire+1","Chill+1"],"relics":["Cracked Core","DaveBox","Regal Pillow","Toxic Egg 2","ImportantClient","FrostBlade","aspiration:HiddenCompartment","aspiration:FaultyCoupler","Tiny House","Membership Card","Divine Protection","ReplayTheSpireMod:Lightbulb","Replay:Baseball"],"acts_visited":["Exordium","TheCity","TheBeyond"],"potions_floor_usage":[52,52],"damage_taken":[{"damage":7.0,"enemies":"Small Slimes","floor":1.0,"turns":3.0},{"damage":7.0,"enemies":"Jaw Worm","floor":2.0,"turns":6.0},{"damage":1.0,"enemies":"Cultist","floor":4.0,"turns":3.0},{"damage":0.0,"enemies":"Large Slime","floor":5.0,"turns":4.0},{"damage":25.0,"enemies":"Replay:BlueRogue","floor":7.0,"turns":5.0},{"damage":0.0,"enemies":"2 Fungi Beasts","floor":8.0,"turns":2.0},{"damage":8.0,"enemies":"Blue Slaver","floor":10.0,"turns":3.0},{"damage":3.0,"enemies":"Exordium Thugs","floor":15.0,"turns":2.0},{"damage":0.0,"enemies":"Large Slime","floor":16.0,"turns":2.0},{"damage":36.0,"enemies":"Slime Boss","floor":18.0,"turns":12.0},{"damage":13.0,"enemies":"3 Byrds","floor":20.0,"turns":4.0},{"damage":0.0,"enemies":"Chosen","floor":21.0,"turns":4.0},{"damage":6.0,"enemies":"Snake Plant","floor":23.0,"turns":4.0},{"damage":0.0,"enemies":"Cultist and Chosen","floor":24.0,"turns":4.0},{"damage":42.0,"enemies":"Gremlin Leader","floor":29.0,"turns":8.0},{"damage":0.0,"enemies":"Chosen and Byrds","floor":30.0,"turns":4.0},{"damage":0.0,"enemies":"Snecko","floor":31.0,"turns":4.0},{"damage":11.0,"enemies":"Sentry and Sphere","floor":33.0,"turns":3.0},{"damage":26.0,"enemies":"Collector","floor":35.0,"turns":6.0},{"damage":8.0,"enemies":"3 Shapes","floor":37.0,"turns":8.0},{"damage":0.0,"enemies":"3 Darklings","floor":40.0,"turns":3.0},{"damage":0.0,"enemies":"Jaw Worm Horde","floor":41.0,"turns":2.0},{"damage":0.0,"enemies":"Writhing Mass","floor":43.0,"turns":1.0},{"damage":0.0,"enemies":"Giant Head","floor":44.0,"turns":8.0},{"damage":0.0,"enemies":"3 Darklings","floor":46.0,"turns":1.0},{"damage":0,"enemies":"Maw","floor":48,"turns":5},{"damage":9,"enemies":"Nemesis","floor":49,"turns":4},{"damage":0,"enemies":"Spire Growth","floor":50,"turns":3},{"damage":24,"enemies":"Time Eater","floor":52,"turns":7},{"damage":19,"enemies":"Awakened One","floor":53,"turns":9}],"seed_played":"-7363146440716005845","potions_obtained":[{"floor":1.0,"key":"Block Potion"},{"floor":4.0,"key":"ColorlessPotion"},{"floor":5.0,"key":"ColorlessPotion"},{"floor":10.0,"key":"Fire Potion"},{"floor":15.0,"key":"Energy Potion"},{"floor":21.0,"key":"Block Potion"},{"floor":23.0,"key":"Venom Potion"},{"floor":30.0,"key":"Weak Potion"},{"floor":35.0,"key":"SneckoOil"},{"floor":36.0,"key":"SmokeBomb"},{"floor":46.0,"key":"BlessingOfTheForge"}],"is_trial":false,"path_per_floor":["M","M","$","M","M","R","E","M","T","M","PTL","PTL","$","R","M","M","R","B",null,"M","M","$","M","M","R","?","R","T","E","M","M","?","M","R","B",null,"M","$","?","M","M","R","M","E","T","M","$","M","E","M","R","B","B",null],"character_chosen":"DEFECT","items_purchased":["Ball Lightning","Coolheaded+1","Finesse+1","Membership Card"],"campfire_rested":2,"item_purchase_floors":[3,13,22,38],"current_hp_per_floor":[57,50,50,49,56,56,38,45,45,44,44,44,44,44,41,41,71,42,64,58,65,65,66,71,71,71,71,71,36,36,43,43,39,71,52,71,70,70,70,76,76,76,76,76,76,76,76,76,74,76,76,59,47],"gold":63,"neow_bonus":"TRANSFORM_CARD","is_daily":false,"chose_seed":false,"campfire_upgraded":6,"win_rate":0.0,"timestamp":1608135840,"path_taken":["M","M","$","M","M","R","E","M","T","M","PTL","PTL","$","R","M","M","R","BOSS","M","M","$","M","M","R","?","R","T","E","M","M","?","M","R","BOSS","M","$","?","M","M","R","M","E","T","?","$","M","E","M","R","BOSS","BOSS"],"items_purchased_type":["Card","Card","Card","Relic"],"build_version":"2020-12-13","purchased_purges":5,"victory":true,"max_hp_per_floor":[71,71,71,71,71,71,71,71,71,71,71,71,71,71,71,71,71,71,71,71,71,71,71,71,71,71,71,71,71,71,71,71,71,71,71,76,76,76,76,76,76,76,76,76,76,76,76,76,76,76,76,76,76],"relic_stats":{"Regal Pillow":20,"counters":[30,134],"obtain_stats":[{"Divine Protection":44,"Regal Pillow":7,"Tiny House":36,"DaveBox":0,"aspiration:HiddenCompartment":28,"FrostBlade":19,"Replay:Baseball":49,"Membership Card":38,"Toxic Egg 2":9,"Cracked Core":0,"ReplayTheSpireMod:Lightbulb":45,"ImportantClient":16,"aspiration:FaultyCoupler":29},{"Divine Protection":24,"Regal Pillow":5,"Tiny House":19,"DaveBox":0,"aspiration:HiddenCompartment":14,"FrostBlade":10,"Replay:Baseball":27,"Membership Card":20,"Toxic Egg 2":6,"Cracked Core":0,"ReplayTheSpireMod:Lightbulb":24,"ImportantClient":9,"aspiration:FaultyCoupler":15},{"Divine Protection":105,"Regal Pillow":21,"Tiny House":83,"DaveBox":0,"aspiration:HiddenCompartment":58,"FrostBlade":42,"Replay:Baseball":115,"Membership Card":91,"Toxic Egg 2":23,"Cracked Core":0,"ReplayTheSpireMod:Lightbulb":105,"ImportantClient":30,"aspiration:FaultyCoupler":66}]},"card_choices":[{"not_picked":["Lockon","ReplaySort"],"picked":"Rip and Tear","floor":1.0},{"not_picked":["Gash","Steam"],"picked":"Go for the Eyes","floor":2.0},{"not_picked":["ReplayTheSpireMod:Calculation Training","BasicCrystalCard"],"picked":"Self Repair","floor":4.0},{"not_picked":["Stack","Leap"],"picked":"Sunder","floor":5.0},{"not_picked":["Streamline","BasicCrystalCard"],"picked":"Compile Driver","floor":7.0},{"not_picked":["Streamline","Redo"],"picked":"FTL","floor":8.0},{"not_picked":["Steam+1","Sweeping Beam"],"picked":"Core Surge","floor":10.0},{"not_picked":["Barrage","Static Discharge"],"picked":"Gash","floor":15.0},{"not_picked":["Conserve Battery+1","Redo+1"],"picked":"Glacier+1","floor":16.0},{"not_picked":["Beam Cell","Stack+1"],"picked":"ReplayGash","floor":20.0},{"not_picked":["Tempest+1","Steam+1"],"picked":"BasicCrystalCard+1","floor":21.0},{"not_picked":["Panic Button+1","Darkness+1","BasicCrystalCard+1"],"picked":"SKIP","floor":23.0},{"not_picked":["Glacier+1","Redo+1","Scrape"],"picked":"SKIP","floor":24.0},{"not_picked":["Steam+1","Streamline"],"picked":"Gash+1","floor":29.0},{"not_picked":["Blizzard","Gash"],"picked":"Coolheaded+1","floor":30.0},{"not_picked":["Fission+1","Rebound","Reprogram+1"],"picked":"SKIP","floor":31.0},{"not_picked":["Hello World","Cold Snap"],"picked":"White Noise+1","floor":33.0},{"not_picked":["Redo+1","BasicCrystalCard+1"],"picked":"Skim+1","floor":37.0},{"not_picked":["Panic Button+1","Compile Driver","Go for the Eyes"],"picked":"SKIP","floor":40.0},{"not_picked":["Streamline","Beam Cell","Force Field+1"],"picked":"SKIP","floor":41.0},{"not_picked":["Double Energy+1","Beam Cell+1","Darkness+1"],"picked":"SKIP","floor":44.0},{"not_picked":["Cold Snap","Doom and Gloom+1"],"picked":"Chill+1","floor":46.0},{"not_picked":["Steam+1","BootSequence+1","ReplaySolidLightProjector+1"],"picked":"SKIP","floor":48},{"not_picked":["Scrape","Redo+1","ReplayGash+1"],"picked":"SKIP","floor":49},{"not_picked":["Cold Snap","Turbo+1","Leap+1"],"picked":"SKIP","floor":50}],"player_experience":782301,"relics_obtained":[{"floor":7.0,"key":"Regal Pillow"},{"floor":9.0,"key":"Toxic Egg 2"},{"floor":16.0,"key":"ImportantClient"},{"floor":28.0,"key":"aspiration:HiddenCompartment"},{"floor":29.0,"key":"aspiration:FaultyCoupler"},{"floor":44.0,"key":"Divine Protection"},{"floor":45.0,"key":"ReplayTheSpireMod:Lightbulb"},{"floor":49,"key":"Replay:Baseball"}],"event_choices":[{"damage_healed":0.0,"max_hp_gain":0.0,"max_hp_loss":0.0,"gold_gain":0.0,"event_name":"Masked Bandits","player_choice":"Paid Fearfully","floor":26.0,"gold_loss":29.0,"damage_taken":0.0},{"cards_removed":["Defend_B"],"damage_healed":0.0,"max_hp_gain":0.0,"max_hp_loss":0.0,"gold_gain":0.0,"event_name":"Back to Basics","player_choice":"Elegance","floor":32.0,"gold_loss":0.0,"damage_taken":0.0},{"damage_healed":0.0,"max_hp_gain":0.0,"max_hp_loss":0.0,"gold_gain":0.0,"cards_transformed":["Defend_B"],"event_name":"Transmorgrifier","player_choice":"Transformed","floor":39.0,"gold_loss":0.0,"damage_taken":0.0,"cards_obtained":["MostiFishMod:ReadyAimFire"]}],"is_beta":false,"boss_relics":[{"not_picked":["aspiration:SecretTechniqueScroll","Black Star"],"picked":"FrostBlade"},{"not_picked":["OneHitWonderSystem","EE1DDrone"],"picked":"Tiny House"}],"items_purged_floors":[3,13,22,38,47],"is_endless":false,"potions_floor_spawned":[1,4,5,10,15,21,23,30,35,41,43,46],"ascension_level":20}}