{"host":"77nx5a0i0k7ns1qu","time":1608089381,"event":{"mods":["2.2 Compatiblity","AchievementEnabler","AlwaysNeverKeys","Ascension Reborn","Ascension Unlocker","Aspiration","BaseMod","Beaked The Cultist","Better Note","BetterRewards","Card Filter","Card Forge","Challenge The Spire","Clockwork Mod","Colored Powertips","Colorless Booster Pack","Conspire","Curses Come First","Custom Start","DeckTracker","Defuse TimeMaze Blight","Downfall","Energized Spire","Friendly Minions","GifTheSpireLib","Halation","Highlight Path","Hubris","Hyrulean Relics","Infinite Spire","Marisa????????","Marked Mod","Mimic Mod","Minty Spire (QoL Compilation)","MostiFishMod","Prisma Mod","Random Character Mod","Rare Cards Sparkle","RatMod","Relic Stats","Replay The Spire","Retaliation","Reworked Bosses","Small Relic Pack","Spicy Shops","Spikes Relics","StSLib","Strawberry Spire","Stuff the Spire","The Alterego","The Blue Laboratory","The Cursed","The Druid","The Jungle","The Runesmith","The Sage","Trackpad","UnlockEverythingMod","Useless Jewels Mod","vexMod"],"gold_per_floor":[116,131,131,131,141,141,141,176,176,201,235,0,0,15,15,143,143,156,431,452,452,452,475,518,533,582,616,431,431,1,14,14,139,139,157,176,191,210,10,10,10,54,54,15,53,53,94,118,118,118],"floor_reached":51,"playtime":3788,"items_purged":[],"score":1160,"play_id":"b9e293a5-b887-447d-93b1-b00310304f25","local_time":"20201215222941","is_ascension_mode":false,"campfire_choices":[{"data":"PrismaMod:MiyuUberAOEAttack","floor":7,"key":"SMITH"},{"floor":15,"key":"REST"},{"floor":29,"key":"REST"},{"floor":32,"key":"REST"},{"floor":40,"key":"REST"},{"floor":49,"key":"REST"}],"circlet_count":0,"master_deck":["PrismaMod:MiyuCommonDefend+1","PrismaMod:MiyuCommonDefend+1","PrismaMod:MiyuCommonDefend+1","PrismaMod:MiyuCommonDefend+1","PrismaMod:MiyuCommonDefend+1","PrismaMod:MiyuCommonAttack+1","PrismaMod:MiyuCommonAttack+1","PrismaMod:MiyuCommonAttack+1","PrismaMod:MiyuCommonAttack+1","PrismaMod:MiyuCommonAttack+1","PrismaMod:MiyuCheapChannelAttack+1","PrismaMod:MiyuCheapChannelDefend+1","PrismaMod:MiyuUncommonPlate+1","PrismaMod:MiyuCheapDexBuff+1","PrismaMod:MiyuCheapAttack1+1","PrismaMod:MiyuCheapChannelDefend+1","PrismaMod:MiyuAttackChannelWeak+1","PrismaMod:MiyuCheapStrBuff+1","PrismaMod:MiyuCheapChannelWeak+1","PrismaMod:MiyuUberAOEAttack+1","PrismaMod:MiyuUncommonDexBuff+1","PrismaMod:MiyuCheapEvoke+1","PrismaMod:MiyuUncommonAOEAttack+1","PrismaMod:MiyuCarnivalDefend+1","PrismaMod:MiyuDefendChannelDefend+1","PrismaMod:MiyuCheapEvoke+1","PrismaMod:MiyuCheapPlate+1","PrismaMod:MiyuCheapChannelRandom+1","PrismaMod:MiyuCheapDefend1+1","PrismaMod:MiyuUncommonDexBuff+1","PrismaMod:MiyuChristmas+1","PrismaMod:MiyuCheapDexBuff+1","expansioncontent:CaCaw+1","PrismaMod:MiyuCheapDexBuff+1","PrismaMod:MiyuCheapStrBuff+1","PrismaMod:MiyuUncommonDefend+1","PrismaMod:MiyuBride+1","MostiFishMod:Neptune+1","MostiFishMod:TheEndOfMoonlight+1","MostiFishMod:SparklingWater+1","MostiFishMod:FantasySummer+1","MostiFishMod:NightSea+1","StuffTheSpire:BloodClot+1","PrismaMod:MiyuDefenseExplosion+1","PrismaMod:MiyuCheapChannelVul+1","PrismaMod:MiyuCheapChannelHeal+1","PrismaMod:MiyuCheapStrBuff+1","PrismaMod:MiyuDefenseAbsorbMinor+1","Pride","PrismaMod:MiyuUberAOEAttack+1","PrismaMod:MiyuUberAOEAttack+1","PrismaMod:MiyuUberAOEAttack+1","PrismaMod:MiyuUberAOEAttack+1","PrismaMod:MiyuUberAOEAttack+1","PrismaMod:MiyuCheapDefend2+1","PrismaMod:MiyuCommonDefend+1","PrismaMod:MiyuCommonDefend+1","PrismaMod:MiyuCommonDefend+1","PrismaMod:MiyuCommonDefend+1","PrismaMod:MiyuCommonDefend+1","PrismaMod:MiyuCommonAttack+1","PrismaMod:MiyuCommonAttack+1","PrismaMod:MiyuCommonAttack+1","PrismaMod:MiyuCommonAttack+1","PrismaMod:MiyuCommonAttack+1","PrismaMod:MiyuCheapChannelAttack+1","PrismaMod:MiyuCheapChannelDefend+1","PrismaMod:MiyuUncommonPlate+1","PrismaMod:MiyuCheapDexBuff+1","PrismaMod:MiyuCheapAttack1+1","PrismaMod:MiyuCheapChannelDefend+1","PrismaMod:MiyuAttackChannelWeak+1","PrismaMod:MiyuCheapStrBuff+1","PrismaMod:MiyuCheapChannelWeak+1","PrismaMod:MiyuUberAOEAttack+1","PrismaMod:MiyuUncommonDexBuff+1","PrismaMod:MiyuCheapEvoke+1","PrismaMod:MiyuUncommonAOEAttack+1","PrismaMod:MiyuCarnivalDefend+1","PrismaMod:MiyuDefendChannelDefend+1","PrismaMod:MiyuCheapEvoke+1","PrismaMod:MiyuCheapPlate+1","PrismaMod:MiyuCheapChannelRandom+1","PrismaMod:MiyuCheapDefend1+1","PrismaMod:MiyuUncommonDexBuff+1","PrismaMod:MiyuChristmas+1","PrismaMod:MiyuCheapDexBuff+1","expansioncontent:CaCaw+1","PrismaMod:MiyuCheapDexBuff+1","PrismaMod:MiyuCheapStrBuff+1","PrismaMod:MiyuUncommonDefend+1","PrismaMod:MiyuBride+1","MostiFishMod:Neptune+1","MostiFishMod:TheEndOfMoonlight+1","MostiFishMod:SparklingWater+1","MostiFishMod:FantasySummer+1","MostiFishMod:NightSea+1","StuffTheSpire:BloodClot+1","PrismaMod:MiyuDefenseExplosion+1","PrismaMod:MiyuCheapChannelVul+1","PrismaMod:MiyuCheapChannelHeal+1","PrismaMod:MiyuCheapStrBuff+1","PrismaMod:MiyuDefenseAbsorbMinor+1","Pride","PrismaMod:MiyuUberAOEAttack+1","PrismaMod:MiyuUberAOEAttack+1","PrismaMod:MiyuUberAOEAttack+1","PrismaMod:MiyuUberAOEAttack+1","PrismaMod:MiyuUberAOEAttack+1","PrismaMod:MiyuCheapDefend2+1","PrismaMod:MiyuDefendChannelDefend+1","PrismaMod:MiyuDevil+1"],"relics":["PrismaMod:PrismaSapphire","Hammer of Thor","Seething Fire","Anvil of the Gods","DaveBox","The Courier","NeowsBlessing","Question Card","relicPack:OneForAll","Golden Idol","StuffTheSpire:Expresso","StuffTheSpire:CocoNut","hubris:SlimyHat","vexMod:PlasmaPancake","ImprovedEquipment","ImportantClient","ExusiaiGun","vexMod:BarristanHead","trackpad:WondrousWand","hubris:ToyBattleship","theJungle:Creamberry","ZombieTooth","Runesmith:AutoHammer","MoonlightInvasionPlan","trackpad:FieryHotPepper","Iron Hammer","halation:WeightlessCrab","strawberrySpire:BrokenPrinter","vexMod:FocusSash","halation:VictoryRuler"],"acts_visited":["Exordium","Exordium","TheBeyond"],"potions_floor_usage":[33,38],"damage_taken":[{"damage":0,"enemies":"Small Slimes","floor":1,"turns":1},{"damage":0,"enemies":"conspire:RoseBush","floor":2,"turns":1},{"damage":0,"enemies":"2 Louse","floor":5,"turns":1},{"damage":0,"enemies":"3 Sentries","floor":8,"turns":7},{"damage":19,"enemies":"Gremlin Gang","floor":10,"turns":2},{"damage":0,"enemies":"Replay:BlueRogue","floor":11,"turns":5},{"damage":4,"enemies":"Exordium Thugs","floor":14,"turns":3},{"damage":0,"enemies":"The Guardian","floor":16,"turns":8},{"damage":0,"enemies":"Shell Parasite","floor":18,"turns":2},{"damage":15,"enemies":"theJungle:Flameango_and_Byrd","floor":20,"turns":2},{"damage":16,"enemies":"theJungle:2_Snecko_Cultists","floor":23,"turns":3},{"damage":0,"enemies":"theJungle:Cassacara","floor":24,"turns":2},{"damage":0,"enemies":"theJungle:Lyon","floor":25,"turns":4},{"damage":0,"enemies":"theJungle:2_Flameangoes","floor":26,"turns":2},{"damage":25,"enemies":"Nightmare","floor":27,"turns":4},{"damage":24,"enemies":"theJungle:2_Flameangoes","floor":31,"turns":2},{"damage":0,"enemies":"theJungle:QueenSpyder","floor":33,"turns":2},{"damage":0,"enemies":"3 Darklings","floor":35,"turns":1},{"damage":18,"enemies":"3 Shapes","floor":36,"turns":1},{"damage":6,"enemies":"Sphere and 2 Shapes","floor":37,"turns":1},{"damage":0,"enemies":"Transient","floor":38,"turns":3},{"damage":0,"enemies":"Reptomancer","floor":42,"turns":2},{"damage":0,"enemies":"Giant Head","floor":45,"turns":1},{"damage":0,"enemies":"Reptomancer","floor":47,"turns":1},{"damage":3,"enemies":"Maw","floor":48,"turns":3},{"damage":0,"enemies":"Replay:Hell Engine","floor":50,"turns":1}],"seed_played":"2152978728222634599","potions_obtained":[{"floor":5,"key":"SpeedPotion"},{"floor":10,"key":"blueLaboratory:ForbiddenFruitJuice"},{"floor":16,"key":"blueLaboratory:BottledHope"},{"floor":31,"key":"Strength Potion"},{"floor":38,"key":"BlessingOfTheForge"},{"floor":42,"key":"AttackPotion"}],"is_trial":false,"path_per_floor":["M","M","?","?","M","?","R","E","T","M","E","$","?","M","R","B",null,"M","?","M","?","?","M","E","M","MIM","NM","?","R","$","M","R","B",null,"M","M","M","M","$","R","?","E","T","$","E","?","E","M","R","B",null],"character_chosen":"MIYU","items_purchased":["vexMod:PlasmaPancake","ImprovedEquipment","expansioncontent:CaCaw","PrismaMod:MiyuCheapDexBuff","ZombieTooth","Runesmith:AutoHammer","PrismaMod:MiyuCheapStrBuff","trackpad:FieryHotPepper","strawberrySpire:BrokenPrinter"],"campfire_rested":5,"item_purchase_floors":[12,12,30,30,30,30,30,39,44],"current_hp_per_floor":[75,75,75,75,75,69,69,69,76,57,57,63,63,59,82,82,82,82,82,67,67,67,51,51,51,51,26,26,50,50,26,50,50,82,82,64,58,58,58,82,82,82,82,82,82,82,82,82,82,82],"gold":118,"neow_bonus":"THREE_ENEMY_KILL","is_daily":false,"chose_seed":false,"campfire_upgraded":1,"win_rate":0.0,"timestamp":1608089381,"path_taken":["M","M","?","?","M","?","R","E","T","M","E","$","?","M","R","BOSS","M","?","?","?","?","?","E","M","MIM","NM","?","R","$","M","R","BOSS","M","M","M","M","$","R","?","E","T","$","E","?","E","M","R","BOSS"],"items_purchased_type":["Relic","Relic","Card","Card","Relic","Relic","Card","Relic","Relic"],"build_version":"2020-12-13","purchased_purges":0,"victory":true,"max_hp_per_floor":[75,75,75,75,75,69,69,69,76,76,76,82,82,82,82,82,82,82,82,82,82,82,82,82,82,82,82,82,82,82,82,82,82,82,82,82,82,82,82,82,82,82,82,82,82,82,82,82,82,82],"relic_stats":{"counters":[26,65],"Golden Idol":188,"Question Card":30,"obtain_stats":[{"vexMod:PlasmaPancake":12,"DaveBox":0,"PrismaMod:PrismaSapphire":0,"Hammer of Thor":0,"halation:WeightlessCrab":43,"hubris:SlimyHat":11,"ExusiaiGun":17,"trackpad:WondrousWand":26,"theJungle:Creamberry":28,"relicPack:OneForAll":3,"ZombieTooth":30,"trackpad:FieryHotPepper":39,"halation:VictoryRuler":47,"Iron Hammer":42,"ImportantClient":16,"NeowsBlessing":0,"Golden Idol":6,"ImprovedEquipment":12,"StuffTheSpire:Expresso":8,"MoonlightInvasionPlan":34,"The Courier":0,"Seething Fire":0,"vexMod:FocusSash":45,"Question Card":1,"vexMod:BarristanHead":24,"Anvil of the Gods":0,"strawberrySpire:BrokenPrinter":44,"StuffTheSpire:CocoNut":9,"hubris:ToyBattleship":27,"Runesmith:AutoHammer":30},{"vexMod:PlasmaPancake":6,"DaveBox":0,"PrismaMod:PrismaSapphire":0,"Hammer of Thor":0,"halation:WeightlessCrab":22,"hubris:SlimyHat":6,"ExusiaiGun":8,"trackpad:WondrousWand":14,"theJungle:Creamberry":15,"relicPack:OneForAll":2,"ZombieTooth":15,"trackpad:FieryHotPepper":21,"halation:VictoryRuler":24,"Iron Hammer":22,"ImportantClient":8,"NeowsBlessing":0,"Golden Idol":3,"ImprovedEquipment":6,"StuffTheSpire:Expresso":4,"MoonlightInvasionPlan":17,"The Courier":0,"Seething Fire":0,"vexMod:FocusSash":23,"Question Card":1,"vexMod:BarristanHead":12,"Anvil of the Gods":0,"strawberrySpire:BrokenPrinter":22,"StuffTheSpire:CocoNut":4,"hubris:ToyBattleship":15,"Runesmith:AutoHammer":15},{"vexMod:PlasmaPancake":17,"DaveBox":0,"PrismaMod:PrismaSapphire":0,"Hammer of Thor":0,"halation:WeightlessCrab":59,"hubris:SlimyHat":17,"ExusiaiGun":28,"trackpad:WondrousWand":43,"theJungle:Creamberry":47,"relicPack:OneForAll":2,"ZombieTooth":47,"trackpad:FieryHotPepper":57,"halation:VictoryRuler":61,"Iron Hammer":59,"ImportantClient":28,"NeowsBlessing":0,"Golden Idol":3,"ImprovedEquipment":17,"StuffTheSpire:Expresso":10,"MoonlightInvasionPlan":51,"The Courier":0,"Seething Fire":0,"vexMod:FocusSash":60,"Question Card":1,"vexMod:BarristanHead":37,"Anvil of the Gods":0,"strawberrySpire:BrokenPrinter":59,"StuffTheSpire:CocoNut":10,"hubris:ToyBattleship":47,"Runesmith:AutoHammer":47}]},"card_choices":[{"not_picked":["PrismaMod:MiyuCheapAttack2","PrismaMod:MiyuCommonAOEAttack"],"picked":"PrismaMod:MiyuUncommonPlate","floor":1},{"not_picked":["PrismaMod:MiyuCheapChannelVul","PrismaMod:MiyuAttackChannelWeak","PrismaMod:MiyuCheapChannelDefend"],"picked":"PrismaMod:MiyuCheapDexBuff","floor":2},{"not_picked":["PrismaMod:MiyuCheapAttack1","PrismaMod:MiyuDefenseRemoval","PrismaMod:MiyuUncommonDefend"],"picked":"PrismaMod:MiyuUberAOEAttack","floor":5},{"not_picked":["PrismaMod:MiyuUncommonAttack","PrismaMod:MiyuChristmas","PrismaMod:MiyuCarnivalAttack"],"picked":"PrismaMod:MiyuUncommonDexBuff","floor":8},{"not_picked":["PrismaMod:MiyuDefenseExplosion","PrismaMod:MiyuUncommonPlate","PrismaMod:MiyuCheapChannelAttack"],"picked":"PrismaMod:MiyuCheapEvoke","floor":10},{"not_picked":["PrismaMod:MiyuCheapAttack2","PrismaMod:MiyuUberAttack","PrismaMod:MiyuEvokeCheapDefend"],"picked":"PrismaMod:MiyuUncommonAOEAttack","floor":11},{"not_picked":["PrismaMod:MiyuEvokeCheapAttack","PrismaMod:MiyuUncommonDefend","PrismaMod:MiyuCheapChannelHeal"],"picked":"PrismaMod:MiyuCarnivalDefend","floor":14},{"not_picked":["PrismaMod:MiyuBride","PrismaMod:MiyuEvokeAllAttack","PrismaMod:MiyuChannelAttackEvoke"],"picked":"PrismaMod:MiyuDefendChannelDefend","floor":16},{"not_picked":["PrismaMod:MiyuCheapChannelVul","PrismaMod:MiyuEvokeBuffStr","PrismaMod:MiyuChristmas"],"picked":"PrismaMod:MiyuCheapEvoke+1","floor":18},{"not_picked":["PrismaMod:MiyuEvokeBuffDex","PrismaMod:MiyuCheapStrBuff","PrismaMod:MiyuDefenseExplosion"],"picked":"PrismaMod:MiyuCheapPlate","floor":20},{"not_picked":["PrismaMod:MiyuEvokeAllDefend","PrismaMod:MiyuUberAttack","PrismaMod:MiyuEvokeCheapDefend"],"picked":"PrismaMod:MiyuCheapChannelRandom+1","floor":23},{"not_picked":["PrismaMod:MiyuCheapAttack2+1","PrismaMod:MiyuOrbIncreasePerm","PrismaMod:MiyuCheapDexBuff"],"picked":"PrismaMod:MiyuCheapDefend1","floor":24},{"not_picked":["PrismaMod:MiyuAttackChannelAttack+1","PrismaMod:MiyuCheapEvoke","PrismaMod:MiyuCheapChannelAttack"],"picked":"PrismaMod:MiyuUncommonDexBuff","floor":25},{"not_picked":["PrismaMod:MiyuCheapChannelRandom","PrismaMod:MiyuEvokeBuffStr","PrismaMod:MiyuCheapAttack2"],"picked":"PrismaMod:MiyuChristmas+1","floor":26},{"not_picked":["PrismaMod:MiyuDefenseExplosion+1","PrismaMod:MiyuCheapAttack2","PrismaMod:MiyuUberAttack+1"],"picked":"PrismaMod:MiyuCheapDexBuff+1","floor":27},{"not_picked":["PrismaMod:MiyuCheapChannelWeak","PrismaMod:MiyuUncommonAttack+1","PrismaMod:MiyuAttackChannelVul+1"],"picked":"PrismaMod:MiyuUncommonDefend+1","floor":31},{"not_picked":["PrismaMod:MiyuChannelAttackEvoke+1","PrismaMod:MiyuChannelDefendEvoke+1","PrismaMod:MiyuUberDefend+1"],"picked":"PrismaMod:MiyuBride+1","floor":33},{"not_picked":["PrismaMod:MiyuUncommonAttack","PrismaMod:MiyuCheapStrBuff+1","PrismaMod:MiyuOrbIncreasePerm+1"],"picked":"PrismaMod:MiyuDefenseExplosion+1","floor":35},{"not_picked":["PrismaMod:MiyuUncommonDefend+1","PrismaMod:MiyuUberAttack","PrismaMod:MiyuCommonAOEAttack+1"],"picked":"PrismaMod:MiyuCheapChannelVul","floor":36},{"not_picked":["PrismaMod:MiyuCheapChannelVul","PrismaMod:MiyuMaid+1","PrismaMod:MiyuUncommonAttack+1"],"picked":"PrismaMod:MiyuCheapChannelHeal+1","floor":37},{"not_picked":["PrismaMod:MiyuCommonAOEAttack","PrismaMod:MiyuEvokeCheapAttack+1","PrismaMod:MiyuCheapChannelWeak+1"],"picked":"PrismaMod:MiyuCheapStrBuff+1","floor":38},{"not_picked":["PrismaMod:MiyuCarnivalAttack+1","PrismaMod:MiyuEvokeBuffStr","PrismaMod:MiyuCheapAttack2"],"picked":"PrismaMod:MiyuDefenseAbsorbMinor+1","floor":42},{"not_picked":["PrismaMod:MiyuUncommonStrBuff+1","PrismaMod:MiyuUncommonDexBuff+1","PrismaMod:MiyuUberAttack"],"picked":"PrismaMod:MiyuCheapDefend2+1","floor":45},{"not_picked":["PrismaMod:MiyuCheapAttack2+1","PrismaMod:MiyuCheapEvoke","PrismaMod:MiyuCommonAOEAttack"],"picked":"PrismaMod:MiyuDefendChannelDefend+1","floor":47},{"not_picked":["PrismaMod:MiyuDefenseExplosion+1","PrismaMod:MiyuEvokeCheapAttack+1","PrismaMod:MiyuCheapAttack1+1"],"picked":"PrismaMod:MiyuDevil+1","floor":48}],"player_experience":741196,"relics_obtained":[{"floor":1,"key":"Question Card"},{"floor":8,"key":"StuffTheSpire:Expresso"},{"floor":9,"key":"StuffTheSpire:CocoNut"},{"floor":11,"key":"hubris:SlimyHat"},{"floor":16,"key":"ImportantClient"},{"floor":24,"key":"vexMod:BarristanHead"},{"floor":26,"key":"trackpad:WondrousWand"},{"floor":27,"key":"hubris:ToyBattleship"},{"floor":42,"key":"Iron Hammer"},{"floor":43,"key":"halation:WeightlessCrab"},{"floor":45,"key":"vexMod:FocusSash"},{"floor":47,"key":"halation:VictoryRuler"}],"event_choices":[{"damage_healed":0,"gold_gain":0,"player_choice":"Lose Max HP","damage_taken":0,"relics_obtained":["Golden Idol"],"max_hp_gain":0,"max_hp_loss":6,"event_name":"Golden Idol","floor":6,"gold_loss":0},{"damage_healed":0,"gold_gain":275,"player_choice":"Desecrate","damage_taken":0,"max_hp_gain":0,"max_hp_loss":0,"event_name":"Golden Shrine","floor":19,"gold_loss":0,"cards_obtained":["Regret"]},{"damage_healed":0,"gold_gain":0,"player_choice":"Bought 0 Potions","damage_taken":0,"max_hp_gain":0,"max_hp_loss":0,"event_name":"The Woman in Blue","floor":21,"gold_loss":0},{"cards_removed":["Regret"],"damage_healed":0,"gold_gain":0,"player_choice":"Removed Curses","damage_taken":0,"max_hp_gain":0,"max_hp_loss":0,"event_name":"Fountain of Cleansing","floor":22,"gold_loss":0},{"damage_healed":0,"gold_gain":0,"player_choice":"Leave","damage_taken":0,"max_hp_gain":0,"max_hp_loss":0,"event_name":"conspire:Investor","floor":41,"gold_loss":0}],"is_beta":false,"boss_relics":[{"not_picked":["energizedSpire:SpiderWeb","GreenFoldingFan"],"picked":"ExusiaiGun"},{"not_picked":["Runesmith:UraniumAnvil","vexMod:RockOfEvil"],"picked":"MoonlightInvasionPlan"}],"items_purged_floors":[],"is_endless":false,"potions_floor_spawned":[5,10,16,20,23,24,27,31,38,42,47],"ascension_level":0}}