{"host":"bpszg8uald72z2zd","time":1608134425,"event":{"mods":["AchievementEnabler","BaseMod","Colored Map","DeckTracker","Keyboard Shortcuts","Minty Spire (QoL Compilation)","Relic Stats","SuperFastMode"],"gold_per_floor":[116,116,130,205,216,247,247,281,326,291,291,326,342,104,104,200,200,216,232,232,245,245,277,293,293,293],"floor_reached":25,"playtime":634,"items_purged":["Strike_P"],"score":474,"play_id":"4bff52ae-6297-4ca0-b14e-27525f2320a9","local_time":"20201217010025","is_ascension_mode":true,"campfire_choices":[{"data":"Eruption","floor":7.0,"key":"SMITH"},{"data":"Panacea","floor":15.0,"key":"SMITH"}],"circlet_count":0,"master_deck":["AscendersBane","Strike_P","Defend_P","Defend_P","Defend_P","Defend_P","Eruption+1","Vigilance","ConjureBlade+1","WreathOfFlame+1","Panacea+1","DeusExMachina"],"relics":["PureWater","Ice Cream","Eternal Feather","Dream Catcher","Meat on the Bone","Membership Card","Sozu","SsserpentHead","Ornamental Fan"],"acts_visited":["Exordium","TheCity"],"potions_floor_usage":[23],"damage_taken":[{"damage":5.0,"enemies":"2 Louse","floor":1.0,"turns":3.0},{"damage":1.0,"enemies":"Cultist","floor":3.0,"turns":3.0},{"damage":0.0,"enemies":"Jaw Worm","floor":5.0,"turns":3.0},{"damage":14.0,"enemies":"Gremlin Nob","floor":6.0,"turns":3.0},{"damage":0.0,"enemies":"Lagavulin","floor":8.0,"turns":4.0},{"damage":22.0,"enemies":"3 Sentries","floor":12.0,"turns":10.0},{"damage":8.0,"enemies":"3 Louse","floor":13.0,"turns":5.0},{"damage":0.0,"enemies":"Slime Boss","floor":16.0,"turns":5.0},{"damage":11.0,"enemies":"2 Thieves","floor":18.0,"turns":4.0},{"damage":7.0,"enemies":"Chosen","floor":19.0,"turns":3.0},{"damage":13,"enemies":"Sentry and Sphere","floor":21,"turns":5},{"damage":35,"enemies":"Gremlin Leader","floor":23,"turns":3},{"damage":9,"enemies":"Shelled Parasite and Fungi","floor":24,"turns":5},{"damage":31,"enemies":"Book of Stabbing","floor":25,"turns":3}],"seed_played":"-3717793337044369552","potions_obtained":[{"floor":1.0,"key":"Explosive Potion"},{"floor":6.0,"key":"Ambrosia"},{"floor":8.0,"key":"SpeedPotion"},{"floor":16.0,"key":"SpeedPotion"}],"is_trial":false,"path_per_floor":["M","?","M","?","M","E","R","E","T","?","?","E","M","$","R","B",null,"M","M","?","M","?","E","M","E"],"character_chosen":"WATCHER","items_purchased":["Membership Card","Panacea"],"campfire_rested":0,"item_purchase_floors":[14,14],"current_hp_per_floor":[60,60,59,48,48,34,40,40,40,58,58,36,40,40,46,46,66,55,48,48,47,47,24,27,0,0],"gold":293,"neow_bonus":"REMOVE_CARD","is_daily":false,"chose_seed":false,"campfire_upgraded":2,"win_rate":0.0,"timestamp":1608134425,"path_taken":["M","?","?","?","M","E","R","E","T","?","?","E","M","$","R","BOSS","M","M","?","M","?","E","M","E"],"items_purchased_type":["Relic","Card"],"build_version":"2020-12-13","purchased_purges":1,"victory":false,"max_hp_per_floor":[72,72,72,72,72,72,72,72,72,72,72,72,72,72,72,72,72,72,72,72,72,72,72,72,72,72],"relic_stats":{"Sozu":1,"SsserpentHead":0,"Dream Catcher":0,"counters":[14,59],"Ornamental Fan":[0],"Eternal Feather":12,"obtain_stats":[{"Ice Cream":0,"Sozu":17,"SsserpentHead":22,"Dream Catcher":6,"Ornamental Fan":23,"Eternal Feather":2,"Membership Card":14,"PureWater":0,"Meat on the Bone":12},{"Ice Cream":0,"Sozu":8,"SsserpentHead":11,"Dream Catcher":4,"Ornamental Fan":12,"Eternal Feather":1,"Membership Card":7,"PureWater":0,"Meat on the Bone":6},{"Ice Cream":0,"Sozu":36,"SsserpentHead":48,"Dream Catcher":12,"Ornamental Fan":51,"Eternal Feather":3,"Membership Card":31,"PureWater":0,"Meat on the Bone":26}],"Meat on the Bone":48},"card_choices":[{"not_picked":["WaveOfTheHand","EmptyFist","CutThroughFate"],"picked":"SKIP","floor":1.0},{"not_picked":["Crescendo","SandsOfTime","JustLucky"],"picked":"SKIP","floor":3.0},{"not_picked":["EmptyBody","FlyingSleeves","WheelKick"],"picked":"SKIP","floor":5.0},{"not_picked":["EmptyFist","ClearTheMind","JustLucky"],"picked":"SKIP","floor":6.0},{"not_picked":["SashWhip","FlyingSleeves","BattleHymn"],"picked":"SKIP","floor":8.0},{"not_picked":["PathToVictory","ClearTheMind","SashWhip"],"picked":"SKIP","floor":12.0},{"not_picked":["SashWhip","EmptyMind","ClearTheMind"],"picked":"SKIP","floor":13.0},{"not_picked":["DevaForm","SpiritShield"],"picked":"DeusExMachina","floor":16.0},{"not_picked":["LikeWater","Evaluate","WreathOfFlame"],"picked":"SKIP","floor":18.0},{"not_picked":["ClearTheMind+1","Worship","Nirvana"],"picked":"SKIP","floor":19.0},{"not_picked":["Protect+1","Conclude","Indignation"],"picked":"SKIP","floor":21},{"not_picked":["FlurryOfBlows+1","FlyingSleeves","FollowUp"],"picked":"SKIP","floor":23},{"not_picked":["WreathOfFlame","Wish","ClearTheMind"],"picked":"SKIP","floor":24}],"player_experience":430291,"relics_obtained":[{"floor":6.0,"key":"Dream Catcher"},{"floor":12.0,"key":"Meat on the Bone"},{"floor":23,"key":"Ornamental Fan"}],"event_choices":[{"damage_healed":0.0,"max_hp_gain":0.0,"max_hp_loss":0.0,"gold_gain":0.0,"event_name":"WeMeetAgain","player_choice":"Gave Potion","floor":2.0,"gold_loss":0.0,"damage_taken":0.0,"relics_obtained":["Eternal Feather"]},{"damage_healed":0.0,"max_hp_gain":0.0,"max_hp_loss":0.0,"gold_gain":75.0,"event_name":"World of Goop","player_choice":"Gather Gold","floor":4.0,"gold_loss":0.0,"damage_taken":11.0},{"damage_healed":18.0,"max_hp_gain":0.0,"max_hp_loss":0.0,"gold_gain":0.0,"event_name":"The Cleric","player_choice":"Healed","floor":10.0,"gold_loss":35.0,"damage_taken":0.0},{"cards_removed":["Strike_P"],"damage_healed":0.0,"max_hp_gain":0.0,"max_hp_loss":0.0,"gold_gain":0.0,"event_name":"Living Wall","player_choice":"Forget","floor":11.0,"gold_loss":0.0,"damage_taken":0.0},{"damage_healed":0,"gold_gain":0,"player_choice":"Ignored","damage_taken":0,"max_hp_gain":0,"max_hp_loss":0,"event_name":"Cursed Tome","floor":20,"gold_loss":0},{"damage_healed":0,"gold_gain":0,"player_choice":"Trade","damage_taken":0,"relics_obtained":["SsserpentHead"],"max_hp_gain":0,"max_hp_loss":0,"event_name":"FaceTrader","floor":22,"gold_loss":0}],"is_beta":false,"boss_relics":[{"not_picked":["SacredBark","Busted Crown"],"picked":"Sozu"}],"items_purged_floors":[14],"is_endless":false,"potions_floor_spawned":[1,6,8,16,19],"killed_by":"Book of Stabbing","ascension_level":10}}