{"host":"cr9rpoy6dx9riis3","time":1608144709,"event":{"mods":["AchievementEnabler","BaseMod","Better Altar","Better Note","Better Sensory Stone","Better Skull","Better Third Choice","Better-Laid Plans","BetterRewards","Block Reminder","Curses Come First","Displayed Cursed Tome","Emptier Cage","Marked Mod","Minty Spire (QoL Compilation)","Permanent Neow","Relic Sorter","StSLib","The Blue Laboratory","Transform Curses"],"gold_per_floor":[113,113,127,77,77,77,97,112,166,166,192,210,235,245,245,350,350,361,381,381,381,381],"floor_reached":21,"playtime":725,"items_purged":["Strike_R"],"score":335,"play_id":"f08189ff-4f0a-4a91-8155-99cdc852aee4","local_time":"20201216195149","is_ascension_mode":true,"campfire_choices":[{"floor":6,"key":"RECALL"},{"data":"Hemokinesis","floor":10,"key":"SMITH"},{"data":"Rampage","floor":15,"key":"SMITH"}],"circlet_count":0,"master_deck":["Strike_R","Strike_R","Strike_R","Defend_R","Defend_R","Defend_R","Defend_R","Bash","Hemokinesis+1","Rampage+1","Reaper","Bludgeon+1"],"relics":["Burning Blood","Pantograph","Blood Vial","Runic Cube","Unceasing Top","Nunchaku"],"acts_visited":["Exordium","TheCity"],"potions_floor_usage":[13,13,14,16],"damage_taken":[{"damage":6,"enemies":"2 Louse","floor":1,"turns":4},{"damage":1,"enemies":"Cultist","floor":3,"turns":3},{"damage":7,"enemies":"Small Slimes","floor":7,"turns":4},{"damage":13,"enemies":"Exordium Wildlife","floor":8,"turns":5},{"damage":34,"enemies":"Gremlin Nob","floor":11,"turns":4},{"damage":8,"enemies":"Gremlin Gang","floor":12,"turns":4},{"damage":39,"enemies":"Lagavulin","floor":13,"turns":4},{"damage":3,"enemies":"2 Fungi Beasts","floor":14,"turns":4},{"damage":30,"enemies":"The Guardian","floor":16,"turns":9},{"damage":41,"enemies":"3 Byrds","floor":18,"turns":7},{"damage":52,"enemies":"2 Thieves","floor":19,"turns":4},{"damage":23,"enemies":"Centurion and Healer","floor":21,"turns":2}],"seed_played":"1808244457374295587","potions_obtained":[{"floor":7,"key":"Swift Potion"},{"floor":8,"key":"blueLaboratory:CorrosionFlask"},{"floor":11,"key":"blueLaboratory:FruitPunch"},{"floor":13,"key":"HeartOfIron"}],"is_trial":false,"path_per_floor":["M","?","M","?","$","R","M","M","T","R","E","M","E","M","R","B",null,"M","M","?","M"],"character_chosen":"IRONCLAD","items_purchased":["Pantograph"],"campfire_rested":0,"item_purchase_floors":[0],"current_hp_per_floor":[69,69,74,74,74,74,73,66,66,66,40,40,11,16,16,19,82,48,12,12,0,0],"gold":381,"neow_bonus":"","is_daily":false,"chose_seed":false,"campfire_upgraded":2,"win_rate":0.0,"timestamp":1608144709,"path_taken":["M","?","?","?","$","R","M","M","T","R","E","M","E","M","R","BOSS","M","M","?","?"],"items_purchased_type":["Relic"],"build_version":"2020-12-13","purchased_purges":1,"victory":false,"max_hp_per_floor":[80,80,80,80,80,80,80,80,80,80,80,80,82,82,82,82,82,82,82,82,82,82],"card_choices":[{"not_picked":["True Grit","Anger","Sword Boomerang"],"picked":"SKIP","floor":1},{"not_picked":["Shrug It Off","Evolve","True Grit"],"picked":"SKIP","floor":3},{"not_picked":["Cleave","Pommel Strike"],"picked":"Hemokinesis","floor":7},{"not_picked":["Warcry","Perfected Strike","Whirlwind"],"picked":"SKIP","floor":8},{"not_picked":["Thunderclap","Cleave"],"picked":"Rampage","floor":11},{"not_picked":["Feel No Pain","Clash","Battle Trance"],"picked":"SKIP","floor":12},{"not_picked":["Thunderclap","Entrench","Headbutt"],"picked":"SKIP","floor":13},{"not_picked":["Clash","Wild Strike","Rage"],"picked":"SKIP","floor":14},{"not_picked":["Juggernaut","Limit Break"],"picked":"Reaper","floor":16},{"not_picked":["Havoc+1","Clash+1","Armaments"],"picked":"SKIP","floor":18},{"not_picked":["Anger","Shrug It Off","Heavy Blade"],"picked":"SKIP","floor":19}],"player_experience":715892,"relics_obtained":[{"floor":9,"key":"Blood Vial"},{"floor":11,"key":"Nunchaku"},{"floor":13,"key":"Unceasing Top"}],"event_choices":[{"damage_healed":0,"gold_gain":0,"player_choice":"Ignored","damage_taken":0,"max_hp_gain":0,"max_hp_loss":0,"event_name":"Transmorgrifier","floor":2,"gold_loss":0},{"cards_removed":["Strike_R"],"damage_healed":0,"gold_gain":0,"player_choice":"Card Removal","damage_taken":0,"max_hp_gain":0,"max_hp_loss":0,"event_name":"The Cleric","floor":4,"gold_loss":50},{"cards_removed":["Reaper"],"damage_healed":0,"gold_gain":0,"player_choice":"Take \u0026 Give","damage_taken":0,"max_hp_gain":0,"max_hp_loss":0,"event_name":"betterNote:BetterNote","floor":20,"gold_loss":0,"cards_obtained":["Bludgeon"]}],"is_beta":false,"boss_relics":[{"not_picked":["Tiny House","SlaversCollar"],"picked":"Runic Cube"}],"items_purged_floors":[0],"is_endless":false,"potions_floor_spawned":[7,8,11,13],"killed_by":"Centurion and Healer","ascension_level":3}}