{"host":"njb27ds59h4j3ikk","time":1608081781,"event":{"mods":["AchievementEnabler","BaseMod","Better Altar","Better Match","Better Note","Better Sensory Stone","Better Skull","Better Third Choice","BetterRewards","Downfall","Hermit","Hubris","Minty Spire (QoL Compilation)","Permanent Neow","Quarter Circle Forward PUNCH!","Quick Restart","Rare Cards Sparkle","Replay The Spire","Shop Mod","StSLib","Trackpad","Transform Curses"],"gold_per_floor":[99,115,144,144,144,169,169,180,213,213,232,104,117,133,153,255,255,255,280,280,310,310,329,352,344,194,224,41,152,252,22,49,146,146,196,219,219,248,248,248,323,353,353,396,407,422,128,155,180,180],"floor_reached":51,"playtime":3042,"items_purged":["hexamod:Strike"],"score":1080,"play_id":"0d12339c-8cf5-4c84-9fdd-37400e704a5b","local_time":"20201215202301","is_ascension_mode":true,"campfire_choices":[{"data":"hexamod:Float","floor":1.0,"key":"SMITH"},{"data":"Immolate","floor":5.0,"key":"SMITH"},{"data":"hexamod:SpectralSpark","floor":10.0,"key":"SMITH"},{"data":"hexamod:SuperheatedStrike","floor":18.0,"key":"SMITH"},{"floor":22.0,"key":"RECALL"},{"data":"hexamod:GhostLash","floor":26.0,"key":"SMITH"},{"data":"hexamod:HeatMetal","floor":37.0,"key":"SMITH"},{"data":"hexamod:Incineration","floor":39.0,"key":"SMITH"},{"data":"hexamod:BurningTouch","floor":43.0,"key":"SMITH"}],"circlet_count":0,"master_deck":["hexamod:Strike","hexamod:Strike","hexamod:Strike","hexamod:Defend","hexamod:Defend","hexamod:Defend","hexamod:Defend","hexamod:Sear","hexamod:Float+1","hexamod:SpectralSpark+1","hexamod:SpectersWail","Immolate+1","hexamod:Hexaguard","Beam Cell","hexamod:BurningTouch+1","Quick Slash","hexamod:BurningTouch","Sweeping Beam","hexamod:GhostOfSpirePast","Outmaneuver","hexamod:Toasty","Deep Breath+1","expansioncontent:QuickStudy+1","hexamod:GhostLash+1","hexamod:ShieldOfDarkness+1","hexamod:Rewind+1","hexamod:FirstSeal","hexamod:SuperheatedStrike+1","Flame Barrier+1","hexamod:StepThrough","hexamod:InspiringFlames+1","hexamod:SoulSteal+1","hexamod:SearingWound+1","hexamod:SpectralAdrenaline+1","sneckomod:Unknown1Cost+1","hexamod:AdvancingGuard+1","hexamod:EtherealExpedition+1","hexamod:SecondSeal","hexamod:RainOfEmbers+1","hexamod:FifthSeal","hexamod:SpectralSpark+1","Replay:Sssssssssshield+1","hexamod:BacktrackSmack+1","hexamod:DynamicBlow","hexamod:GhostflameInferno+1","hexamod:EtherealExpedition+1","hexamod:HauntingEcho","hexamod:HeatMetal+1","hexamod:VolcanoVisage","hexamod:FifthSeal","hexamod:Incineration+1","hexamod:FourthSeal","hexamod:GhostShield+1","hexamod:HeatMetal+1","hexamod:ThirdSeal","hexamod:CatchUp+1","hexamod:ExtraCrispy+1","hexamod:GhostLash+1","hexamod:NightmareGuise+1","hexamod:ThermalTransfer","hexamod:Firestarter+1"],"relics":["hexamod:SpiritBrand","Akabeko","hubris:FunFungus","Mummified Hand","qcfpunch:School_Backpack","Replay:Ringing Soul","BargainBundle","Toxic Egg 2","hubris:BottledRain","trackpad:Coffee","Art of War","Blue Candle","downfall:HeartBlessingRed","downfall:HeartBlessingBlue","Darkstone Periapt","trackpad:BiPhaseBiplane","hubris:Spice","Garlic","hexamod:IceCube","Regal Pillow","Replay:Bottled Flurry","qcfpunch:Broken_Tusk","CaptainsWheel","Ice Cream"],"acts_visited":["Exordium","TheCity","TheBeyond"],"potions_floor_usage":[50,50,50],"damage_taken":[{"damage":0.0,"enemies":"Cultist","floor":2.0,"turns":3.0},{"damage":20.0,"enemies":"Lagavulin","floor":3.0,"turns":5.0},{"damage":0.0,"enemies":"3 Sentries","floor":6.0,"turns":3.0},{"damage":2.0,"enemies":"Small Slimes","floor":8.0,"turns":2.0},{"damage":2.0,"enemies":"Gremlin Nob","floor":9.0,"turns":3.0},{"damage":5.0,"enemies":"Jaw Worm","floor":11.0,"turns":2.0},{"damage":0.0,"enemies":"downfall:FleeingMerchant","floor":12.0,"turns":4.0},{"damage":0.0,"enemies":"2 Fungi Beasts","floor":13.0,"turns":3.0},{"damage":0.0,"enemies":"Large Slime","floor":14.0,"turns":3.0},{"damage":0.0,"enemies":"Lots of Slimes","floor":15.0,"turns":1.0},{"damage":18.0,"enemies":"downfall:Ironclad","floor":16.0,"turns":6.0},{"damage":7.0,"enemies":"Book of Stabbing","floor":19.0,"turns":4.0},{"damage":29.0,"enemies":"Gremlin Leader","floor":21.0,"turns":6.0},{"damage":14.0,"enemies":"Spheric Guardian","floor":23.0,"turns":4.0},{"damage":28.0,"enemies":"Slavers","floor":27.0,"turns":3.0},{"damage":9.0,"enemies":"downfall:FleeingMerchant","floor":28.0,"turns":4.0},{"damage":14.0,"enemies":"downfall:FleeingMerchant","floor":29.0,"turns":3.0},{"damage":9.0,"enemies":"downfall:Silent","floor":30.0,"turns":5.0},{"damage":0.0,"enemies":"3 Byrds","floor":32.0,"turns":3.0},{"damage":14.0,"enemies":"downfall:Watcher","floor":33.0,"turns":6.0},{"damage":0.0,"enemies":"3 Darklings","floor":36.0,"turns":5.0},{"damage":15.0,"enemies":"Nemesis","floor":38.0,"turns":6.0},{"damage":0.0,"enemies":"Reptomancer","floor":42.0,"turns":4.0},{"damage":3,"enemies":"Nemesis","floor":44,"turns":7},{"damage":8,"enemies":"3 Shapes","floor":45,"turns":2},{"damage":22,"enemies":"Sphere and 2 Shapes","floor":46,"turns":4},{"damage":8,"enemies":"Transient","floor":48,"turns":5},{"damage":0,"enemies":"3 Darklings","floor":49,"turns":5},{"damage":0,"enemies":"downfall:Defect","floor":50,"turns":4}],"seed_played":"2049798067161866058","potions_obtained":[{"floor":2.0,"key":"Swift Potion"},{"floor":3.0,"key":"LifebloodPotion"},{"floor":15.0,"key":"hexamod:EctoCoolerPotion"},{"floor":16.0,"key":"DuplicationPotion"},{"floor":19.0,"key":"Elixir"},{"floor":32.0,"key":"SteroidPotion"},{"floor":33.0,"key":"Energy Potion"},{"floor":38.0,"key":"BlessingOfTheForge"},{"floor":40.0,"key":"Fruit Juice"},{"floor":40.0,"key":"DistilledChaos"}],"is_trial":false,"path_per_floor":["R","M","E","?","R","E","T","M","E","R","M","$","M","M","M","B",null,"R","E","?","E","R","M","T","?","R","E","$","$","?","$","M","B",null,"R","M","R","E","R","?","T","E","R","E","M","M","$","M","M","B",null],"character_chosen":"THE_SPIRIT","items_purchased":["BargainBundle","Toxic Egg 2","Deep Breath+1","expansioncontent:QuickStudy+1","Fire Potion","CultistPotion","PowerPotion","hubris:BottledRain","hexamod:GhostLash","hexamod:ShieldOfDarkness+1","hexamod:Rewind+1","hexamod:FirstSeal","hexamod:SuperheatedStrike","hexamod:SpectralSpark+1","Replay:Sssssssssshield+1","trackpad:BiPhaseBiplane","hexamod:DynamicBlow","hexamod:EtherealExpedition+1","EntropicBrew","hexamod:HauntingEcho","Ice Cream"],"campfire_rested":0,"item_purchase_floors":[12,12,12,12,12,12,12,12,12,12,12,12,12,28,28,29,29,31,31,31,47],"current_hp_per_floor":[70,70,50,50,50,50,50,48,49,49,47,50,60,63,66,59,91,91,94,97,72,72,70,70,73,83,58,52,41,50,53,63,67,145,145,148,148,138,138,143,143,146,146,149,144,139,139,137,149,152],"gold":180,"neow_bonus":"RANDOM_COMMON_RELIC","is_daily":false,"chose_seed":false,"campfire_upgraded":8,"win_rate":0.0,"timestamp":1608081781,"path_taken":["R","?","E","?","R","E","T","M","E","R","M","$","?","M","M","BOSS","R","E","?","E","R","M","T","?","R","E","$","$","?","$","M","BOSS","R","M","R","E","R","?","T","E","R","E","M","M","$","?","M","BOSS"],"items_purchased_type":["Relic","Relic","Card","Card","Potion","Potion","Potion","Relic","Card","Card","Card","Card","Card","Card","Card","Relic","Card","Card","Potion","Card","Relic"],"build_version":"2020-12-13","purchased_purges":1,"victory":true,"max_hp_per_floor":[70,70,70,70,70,70,70,70,73,73,76,79,82,85,88,91,91,91,94,97,100,100,103,103,106,116,119,122,125,136,139,142,145,145,145,148,148,151,151,156,156,159,159,162,165,168,168,171,174,174],"card_choices":[{"not_picked":["hexamod:AdvancingGuard","hexamod:GhostLash"],"picked":"hexamod:SpectralSpark","floor":2.0},{"not_picked":["hexamod:NightmareGuise","hexamod:SpectralAdrenaline"],"picked":"hexamod:SpectersWail","floor":3.0},{"not_picked":["hexamod:Rewind","hexamod:ShieldOfDarkness"],"picked":"hexamod:Hexaguard","floor":6.0},{"not_picked":["Coolheaded","Panic Button+1"],"picked":"Beam Cell","floor":8.0},{"not_picked":["hexamod:GhostShield","hexamod:ChargedBarrage"],"picked":"hexamod:BurningTouch","floor":8.0},{"not_picked":["Catalyst+1","Crippling Poison"],"picked":"Quick Slash","floor":9.0},{"not_picked":["hexamod:FastForward","hexamod:UnlimitedPower"],"picked":"hexamod:BurningTouch","floor":9.0},{"not_picked":["Go for the Eyes","Heatsinks"],"picked":"Sweeping Beam","floor":11.0},{"not_picked":["hexamod:SuperheatedStrike","hexamod:SkipABeat"],"picked":"hexamod:GhostOfSpirePast","floor":11.0},{"not_picked":["hubris:SlightOfHand","Prepared+1"],"picked":"Outmaneuver","floor":12.0},{"not_picked":["hexamod:GhostflameBarrier","hexamod:InspiringFlames"],"picked":"hexamod:Toasty","floor":12.0},{"not_picked":["Battle Trance+1","Havoc+1"],"picked":"Flame Barrier+1","floor":13.0},{"not_picked":["hexamod:PhantomCloak","hexamod:Hexaguard+1"],"picked":"hexamod:StepThrough","floor":13.0},{"not_picked":["hexamod:EtherealExpedition+1","hexamod:Firestarter"],"picked":"hexamod:InspiringFlames+1","floor":14.0},{"not_picked":["hexamod:RainOfEmbers","hexamod:GhostOfSpirePresent"],"picked":"hexamod:SoulSteal+1","floor":15.0},{"not_picked":["hexamod:ApocalypticArmor","hexamod:VolcanoVisage"],"picked":"hexamod:SearingWound+1","floor":16.0},{"not_picked":["hexamod:Hexaguard+1","hexamod:ShieldOfDarkness+1"],"picked":"hexamod:SpectralAdrenaline+1","floor":19.0},{"not_picked":["hexamod:SwordOfDarkness","hexamod:InspiringFlames+1"],"picked":"hexamod:AdvancingGuard+1","floor":21.0},{"not_picked":["hexamod:AdvancingGuard+1","hexamod:GhostOfSpirePast"],"picked":"hexamod:EtherealExpedition+1","floor":23.0},{"not_picked":["hexamod:TimeWarp","hexamod:ShieldOfDarkness+1"],"picked":"hexamod:RainOfEmbers+1","floor":27.0},{"not_picked":["hexamod:SecondSeal","hexamod:Haunt+1"],"picked":"hexamod:FifthSeal","floor":28.0},{"not_picked":["hexamod:NightmareStrike","hexamod:SpectralAdrenaline+1"],"picked":"hexamod:BacktrackSmack+1","floor":29.0},{"not_picked":["hexamod:BacktrackSmack","hexamod:CatchUp+1"],"picked":"hexamod:GhostflameInferno+1","floor":30.0},{"not_picked":["hexamod:Haunt+1","hexamod:GhostLash"],"picked":"hexamod:HeatMetal","floor":32.0},{"not_picked":["hexamod:GhostflameInferno+1","hexamod:FifthSeal"],"picked":"hexamod:VolcanoVisage","floor":33.0},{"not_picked":["hexamod:FirstSeal","hexamod:SecondSeal"],"picked":"hexamod:FifthSeal","floor":36.0},{"not_picked":["hexamod:GhostOfSpirePresent+1","hexamod:StepThrough+1"],"picked":"hexamod:Incineration","floor":36.0},{"not_picked":["hexamod:FirstSeal","hexamod:FifthSeal"],"picked":"hexamod:FourthSeal","floor":38.0},{"not_picked":["hexamod:SuperheatedStrike","hexamod:RainOfEmbers"],"picked":"hexamod:GhostShield+1","floor":38.0},{"not_picked":["hexamod:Rewind+1","hexamod:BacktrackSmack+1"],"picked":"hexamod:HeatMetal+1","floor":42.0},{"not_picked":["hexamod:FirstSeal","hexamod:FourthSeal"],"picked":"hexamod:ThirdSeal","floor":44},{"not_picked":["hexamod:StepThrough","hexamod:Rewind+1"],"picked":"hexamod:CatchUp+1","floor":44},{"not_picked":["hexamod:SecondSeal","hexamod:FirstSeal","hexamod:FifthSeal"],"picked":"SKIP","floor":44},{"not_picked":["hexamod:FirstSeal","hexamod:NecessarySacrifice+1"],"picked":"hexamod:ExtraCrispy+1","floor":45},{"not_picked":["hexamod:FourthSeal","hexamod:ThirdSeal","hexamod:FifthSeal"],"picked":"SKIP","floor":45},{"not_picked":["hexamod:SpectralAdrenaline+1","hexamod:Incineration"],"picked":"hexamod:GhostLash+1","floor":46},{"not_picked":["hexamod:SwordOfDarkness","hexamod:FastForward+1"],"picked":"hexamod:NightmareGuise+1","floor":48},{"not_picked":["hexamod:SuperheatedStrike+1","hexamod:BacktrackSmack+1"],"picked":"hexamod:ThermalTransfer","floor":48},{"not_picked":["hexamod:FourthSeal","hexamod:FifthSeal","hexamod:FirstSeal"],"picked":"SKIP","floor":48},{"not_picked":["hexamod:FastForward+1","hexamod:SpectersWail+1"],"picked":"hexamod:Firestarter+1","floor":49},{"not_picked":["hexamod:FirstSeal","hexamod:SecondSeal","hexamod:FourthSeal"],"picked":"SKIP","floor":49},{"not_picked":["hexamod:ThirdSeal","hexamod:FirstSeal","hexamod:SecondSeal"],"picked":"SKIP","floor":49},{"not_picked":["hexamod:FirstSeal","hexamod:NightmareGuise+1","hexamod:AdvancingGuard+1"],"picked":"SKIP","floor":49}],"player_experience":1196036,"relics_obtained":[{"floor":3.0,"key":"hubris:FunFungus"},{"floor":6.0,"key":"Mummified Hand"},{"floor":7.0,"key":"qcfpunch:School_Backpack"},{"floor":9.0,"key":"Replay:Ringing Soul"},{"floor":19.0,"key":"Art of War"},{"floor":21.0,"key":"Blue Candle"},{"floor":27.0,"key":"Darkstone Periapt"},{"floor":30.0,"key":"hubris:Spice"},{"floor":30.0,"key":"Garlic"},{"floor":38.0,"key":"Regal Pillow"},{"floor":41.0,"key":"Replay:Bottled Flurry"},{"floor":42.0,"key":"qcfpunch:Broken_Tusk"},{"floor":44,"key":"CaptainsWheel"}],"event_choices":[{"cards_removed":["hexamod:SpectralSpark"],"damage_healed":0.0,"max_hp_gain":0.0,"max_hp_loss":0.0,"gold_gain":0.0,"event_name":"betterNote:BetterNote","player_choice":"Take \u0026 Give","floor":4.0,"gold_loss":0.0,"damage_taken":0.0,"cards_obtained":["Immolate"]},{"damage_healed":0.0,"max_hp_gain":0.0,"max_hp_loss":0.0,"gold_gain":0.0,"event_name":"The Library","player_choice":"Read","floor":20.0,"gold_loss":0.0,"damage_taken":0.0,"cards_obtained":["sneckomod:Unknown1Cost"]},{"damage_healed":0.0,"max_hp_gain":0.0,"max_hp_loss":0.0,"gold_gain":0.0,"event_name":"Lab","player_choice":"Got Potions","floor":40.0,"gold_loss":0.0,"damage_taken":0.0}],"is_beta":false,"boss_relics":[{"not_picked":["trackpad:StolenKidneys","Pandora\u0027s Box"],"picked":"trackpad:Coffee"},{"not_picked":["Coffee Dripper","ChewingGum"],"picked":"hexamod:IceCube"}],"items_purged_floors":[12],"is_endless":false,"potions_floor_spawned":[2,3,13,15,16,19,21,32,33,38,42],"ascension_level":1}}