{"host":"l1ihaotq1cxp1b6b","time":1608113896,"event":{"mods":["AchievementEnabler","BaseMod","Colored Map","Custom Start","DeckTracker","Minty Spire (QoL Compilation)","StSLib","SuperFastMode","everything is the same but u backflip on backflip"],"gold_per_floor":[15,15,33,49,66,66,96,116,416,434,434,445,445,464,464,568,568,587,587,587,599,19,19,19],"floor_reached":23,"playtime":440,"items_purged":["Strike_P"],"score":270,"play_id":"4aaebb67-507f-4e91-a4db-4377781156a9","local_time":"20201216191816","is_ascension_mode":false,"campfire_choices":[{"data":"ConjureBlade","floor":6.0,"key":"SMITH"},{"floor":11,"key":"REST"},{"data":"Eruption","floor":13,"key":"SMITH"},{"floor":15,"key":"REST"}],"circlet_count":0,"master_deck":["Strike_P","Strike_P","Defend_P","Defend_P","Defend_P","Eruption+1","Vigilance","ConjureBlade+1","MentalFortress","Meditate","Swivel","Indignation","MentalFortress","Vault","FlurryOfBlows+1","InnerPeace","DeusExMachina","Wallop","CutThroughFate"],"relics":["PureWater","Peace Pipe","Old Coin","Empty Cage","Nilry\u0027s Codex","Shuriken"],"acts_visited":["Exordium","TheCity"],"potions_floor_usage":[7,10,12,12,14,16,16,23],"damage_taken":[{"damage":0.0,"enemies":"Jaw Worm","floor":1.0,"turns":3.0},{"damage":6.0,"enemies":"Cultist","floor":3.0,"turns":4.0},{"damage":3.0,"enemies":"Small Slimes","floor":4.0,"turns":3.0},{"damage":34.0,"enemies":"Exordium Wildlife","floor":5.0,"turns":5.0},{"damage":0,"enemies":"Lagavulin","floor":7,"turns":3},{"damage":15,"enemies":"2 Fungi Beasts","floor":8,"turns":3},{"damage":0,"enemies":"3 Louse","floor":10,"turns":2},{"damage":16,"enemies":"Exordium Wildlife","floor":12,"turns":4},{"damage":10,"enemies":"2 Fungi Beasts","floor":14,"turns":4},{"damage":0,"enemies":"Slime Boss","floor":16,"turns":3},{"damage":47,"enemies":"3 Byrds","floor":18,"turns":9},{"damage":2,"enemies":"Chosen","floor":21,"turns":4},{"damage":76,"enemies":"Slavers","floor":23,"turns":3}],"seed_played":"-2635936742029192861","potions_obtained":[{"floor":2.0,"key":"Strength Potion"},{"floor":2.0,"key":"Explosive Potion"},{"floor":2.0,"key":"BlessingOfTheForge"},{"floor":8,"key":"Ambrosia"},{"floor":10,"key":"Regen Potion"},{"floor":12,"key":"BottledMiracle"},{"floor":14,"key":"Regen Potion"},{"floor":21,"key":"EssenceOfSteel"}],"is_trial":false,"path_per_floor":["M","?","M","M","M","R","E","M","T","M","R","M","R","M","R","B",null,"M","?","?","M","$","E"],"character_chosen":"WATCHER","items_purchased":["DeusExMachina","Shuriken","Wallop","CutThroughFate"],"campfire_rested":2,"item_purchase_floors":[22,22,22,22],"current_hp_per_floor":[72,72,66,63,29,29,29,14,14,14,35,31,31,21,42,51,72,25,9,9,7,7,0,0],"gold":19,"neow_bonus":"THREE_RARE_CARDS","is_daily":false,"chose_seed":false,"campfire_upgraded":2,"win_rate":0.0,"timestamp":1608113896,"path_taken":["M","?","?","M","M","R","E","M","T","M","R","M","R","M","R","BOSS","M","?","?","M","$","E"],"items_purchased_type":["Card","Relic","Card","Card"],"build_version":"2020-12-13","purchased_purges":1,"victory":false,"max_hp_per_floor":[72,72,72,72,72,72,72,72,72,72,72,72,72,72,72,72,72,72,72,72,72,72,72,72],"card_choices":[{"not_picked":["SpiritShield","MasterReality"],"picked":"ConjureBlade","floor":0.0},{"not_picked":["Consecrate","CrushJoints"],"picked":"MentalFortress","floor":1.0},{"not_picked":["Prostrate","BowlingBash"],"picked":"Meditate","floor":3.0},{"not_picked":["EmptyBody","Halt"],"picked":"Swivel","floor":4.0},{"not_picked":["ClearTheMind","FollowUp"],"picked":"Indignation","floor":5.0},{"not_picked":["PathToVictory","Pray","Consecrate"],"picked":"SKIP","floor":7},{"not_picked":["WreathOfFlame","TalkToTheHand"],"picked":"MentalFortress","floor":8},{"not_picked":["WindmillStrike","Fasting2","EmptyFist"],"picked":"SKIP","floor":10},{"not_picked":["ThirdEye","Meditate","Collect"],"picked":"SKIP","floor":12},{"not_picked":["EmptyBody","Prostrate","SignatureMove"],"picked":"SKIP","floor":14},{"not_picked":["Ragnarok","MasterReality"],"picked":"Vault","floor":16},{"not_picked":["Worship","CrushJoints"],"picked":"FlurryOfBlows+1","floor":18},{"not_picked":["SashWhip","PathToVictory"],"picked":"InnerPeace","floor":21}],"player_experience":528286,"relics_obtained":[{"floor":7,"key":"Peace Pipe"},{"floor":9,"key":"Old Coin"},{"floor":19,"key":"Nilry\u0027s Codex"}],"event_choices":[{"damage_healed":0.0,"max_hp_gain":0.0,"max_hp_loss":0.0,"gold_gain":0.0,"event_name":"Lab","player_choice":"Got Potions","floor":2.0,"gold_loss":0.0,"damage_taken":0.0},{"damage_healed":0,"gold_gain":0,"player_choice":"Obtained Book","damage_taken":16,"max_hp_gain":0,"max_hp_loss":0,"event_name":"Cursed Tome","floor":19,"gold_loss":0},{"damage_healed":0,"gold_gain":0,"player_choice":"Ignored","damage_taken":0,"max_hp_gain":0,"max_hp_loss":0,"event_name":"Vampires","floor":20,"gold_loss":0}],"is_beta":false,"boss_relics":[{"not_picked":["Snecko Eye","Black Star"],"picked":"Empty Cage"}],"items_purged_floors":[22],"is_endless":false,"potions_floor_spawned":[8,10,12,14,21],"killed_by":"Slavers","ascension_level":0}}