{"host":"omov159tyjzan9wn","time":1608120290,"event":{"mods":["2.2 Compatiblity","AchievementEnabler","Aspiration","BaseMod","Better Note","BetterRewards","Colored Powertips","Downfall","Friendly Minions","Googly Eyes","Hermit","Highlight Path","Hubris","KinomotoSakuraMod(????)","Kiyohime????","Koishi","Lobotomy","Mad Scientist","Marisa????????","Minty Spire (QoL Compilation)","Prisma Mod","Quick Restart","Remilia??????","Replay The Spire","Shop Mod","StSLib","The Administrix","The Animator","The Bug Knight","The Cursed","The Hierophant","The IronCluck","The Mystic","The Servant 0.9.4","Yohane!","everything is the same but u backflip on backflip"],"gold_per_floor":[0,15,33,59,59,59,59,209,243,255,26,41,41,141,159,254,254,254,284,45,73,93,93,93,104,104,116,134,409,409,63,77,181,181,181,209,220,238,263,282,309,309,309,309,327,340,340,340,340,369,397,397,397,479,495,495,495,495,507,517,33,43,140,140,140],"floor_reached":64,"playtime":7776,"items_purged":["Slimebound:Icky","Regret","Guardian:Aged"],"score":1041,"play_id":"541114cb-6064-42f9-8e0f-0a3f1aa9aa73","local_time":"20201216120450","is_ascension_mode":false,"campfire_choices":[{"data":"Guardian:TwinSlam","floor":1.0,"key":"SMITH"},{"data":"Guardian:Clone","floor":5.0,"key":"SMITH"},{"data":"Guardian:Incinerate","floor":10.0,"key":"SMITH"},{"data":"Guardian:BaubleBeam","floor":26.0,"key":"SMITH"},{"data":"Guardian:StasisField","floor":35.0,"key":"SMITH"},{"data":"Guardian:ShieldSpikes","floor":48.0,"key":"SMITH"},{"data":"Guardian:StasisField","floor":52.0,"key":"SMITH"},{"data":"Guardian:Planning","floor":56.0,"key":"SMITH"},{"data":"Guardian:CurlUp","floor":57.0,"key":"SMITH"}],"circlet_count":0,"master_deck":["Guardian:Strike_Guardian","Guardian:Strike_Guardian","Guardian:Strike_Guardian","Guardian:Defend_Guardian","Guardian:Defend_Guardian+1","Guardian:Defend_Guardian+1","Guardian:CurlUp+1","Guardian:TwinSlam+1","Guardian:Clone+1","Guardian:VentSteam+1","Guardian:Incinerate+1","Guardian:Planning+1","Guardian:BaubleBeam+1","Guardian:RevengeProtocol","Guardian:RevengeProtocol","Guardian:TemporalShield","ReplayTheSpireMod:Brewmster+1","Guardian:Planning+1","Guardian:ShieldSpikes+1","Guardian:FloatingOrbs+1","Guardian:ArmoredProtocol+1","Guardian:ChargeUp","Guardian:StasisField+1","Guardian:TimeCapacitor+1","Guardian:ShieldCharger+1","Guardian:DonusPower+1","Guardian:Harden+1","Guardian:Gem_Purple","Guardian:Gem_Lightblue","Guardian:TemporalShield+1","Necronomicurse","Guardian:ShieldCharger","Guardian:StasisField+1","Guardian:Gem_Green","Guardian:Gem_Synthetic","Guardian:PrismaticBeam+1","Guardian:Clone","Guardian:Gem_Orange","Guardian:Planning+1","Guardian:ExploitGems"],"relics":["Guardian:ModeShifter","hubris:MysteriousPyramids","Eternal Feather","MawBank","Guardian:PickAxe","hubris:RunicObelisk","Nunchaku","Ice Cream","Frozen Egg 2","War Paint","aspiration:PoetsPen_weak","hubris:ToyBattleship","Ancient Tea Set","hubris:SlimyHat","FossilizedHelix","Guardian:StasisEgg","Slimebound:TarBlob","Guardian:GemstoneGun","Mango","Calipers","Potion Belt","hubris:BottledHeart","Necronomicon","Unceasing Top","Prayer Wheel","The Courier","hubris:Spice","WingedGreaves","Ornamental Fan","hubris:Towel","Replay:Ringing Soul","aspiration:Nostalgia","KiyohimeMod:FireDragon","Replay:Multitool","Lantern"],"acts_visited":["Exordium","TheCity","TheBeyond","TheCity"],"potions_floor_usage":[],"damage_taken":[{"damage":0.0,"enemies":"2 Louse","floor":2.0,"turns":3.0},{"damage":0.0,"enemies":"Jaw Worm","floor":3.0,"turns":3.0},{"damage":24.0,"enemies":"3 Sentries","floor":4.0,"turns":9.0},{"damage":7.0,"enemies":"Replay:BlueRogue","floor":9.0,"turns":6.0},{"damage":0.0,"enemies":"downfall:FleeingMerchant","floor":11.0,"turns":4.0},{"damage":0.0,"enemies":"Small Slimes","floor":12.0,"turns":2.0},{"damage":6.0,"enemies":"Blue Slaver","floor":15.0,"turns":4.0},{"damage":17.0,"enemies":"downfall:Ironclad","floor":16.0,"turns":6.0},{"damage":6.0,"enemies":"Book of Stabbing","floor":19.0,"turns":4.0},{"damage":0.0,"enemies":"downfall:FleeingMerchant","floor":20.0,"turns":4.0},{"damage":19.0,"enemies":"Replay:Snechameleon","floor":21.0,"turns":7.0},{"damage":4.0,"enemies":"Shell Parasite","floor":22.0,"turns":4.0},{"damage":15.0,"enemies":"Sentry and Sphere","floor":25.0,"turns":7.0},{"damage":6.0,"enemies":"Cultist and Chosen","floor":27.0,"turns":4.0},{"damage":8.0,"enemies":"Snake Plant","floor":28.0,"turns":3.0},{"damage":2.0,"enemies":"downfall:FleeingMerchant","floor":31.0,"turns":4.0},{"damage":2.0,"enemies":"Centurion and Healer","floor":32.0,"turns":4.0},{"damage":17.0,"enemies":"downfall:Silent","floor":33.0,"turns":7.0},{"damage":23.0,"enemies":"Nemesis","floor":36.0,"turns":7.0},{"damage":2.0,"enemies":"3 Shapes","floor":37.0,"turns":6.0},{"damage":0.0,"enemies":"3 Darklings","floor":38.0,"turns":5.0},{"damage":6.0,"enemies":"Reptomancer","floor":39.0,"turns":7.0},{"damage":0.0,"enemies":"Spire Growth","floor":40.0,"turns":5.0},{"damage":0.0,"enemies":"Transient","floor":45.0,"turns":5.0},{"damage":0.0,"enemies":"4 Shapes","floor":46.0,"turns":6.0},{"damage":0.0,"enemies":"HollowMod:Nosk","floor":50.0,"turns":5.0},{"damage":0.0,"enemies":"Gremlin Leader","floor":51.0,"turns":4.0},{"damage":0.0,"enemies":"Spheric Guardian","floor":55.0,"turns":3.0},{"damage":0.0,"enemies":"Shell Parasite","floor":59.0,"turns":4.0},{"damage":0.0,"enemies":"3 Cultists","floor":60.0,"turns":5.0},{"damage":0.0,"enemies":"downfall:FleeingMerchant","floor":61.0,"turns":2.0},{"damage":0.0,"enemies":"Centurion and Healer","floor":62.0,"turns":3.0},{"damage":0.0,"enemies":"downfall:Defect","floor":63.0,"turns":6.0}],"seed_played":"6393563565759236788","potions_obtained":[{"floor":4.0,"key":"SkillPotion"},{"floor":9.0,"key":"Milkshake"},{"floor":15.0,"key":"SkillPotion"},{"floor":19.0,"key":"LiquidBronze"},{"floor":22.0,"key":"Guardian:DefensiveModePotion"},{"floor":27.0,"key":"LiquidMemories"},{"floor":28.0,"key":"Strength Potion"},{"floor":33.0,"key":"Fire Potion"},{"floor":36.0,"key":"Adrenaline Potion"},{"floor":45.0,"key":"Swift Potion"},{"floor":55.0,"key":"Fruit Juice"},{"floor":60.0,"key":"Strength Potion"}],"is_trial":false,"path_per_floor":["R","M","M","E","R","?","T","?","E","R","$","M","?","?","M","B",null,"R","E","$","E","M","?","T","M","R","M","M","?","?","$","M","B",null,"R","E","M","M","E","M","T","R","T","R","M","M","?","R","?","E","E","R","?","T","M","R","R","?","M","M","$","M","B",null],"character_chosen":"GUARDIAN","items_purchased":["Guardian:PickAxe","ReplayTheSpireMod:Brewmster","Guardian:Gem_Cyan","War Paint","Guardian:ChargeUp","aspiration:Nostalgia","Replay:Multitool","hubris:Spice","Lantern"],"campfire_rested":0,"item_purchase_floors":[11,20,20,31,31,61,61,61,61],"current_hp_per_floor":[96,96,96,72,72,72,72,72,65,71,71,71,76,76,70,53,101,101,95,95,76,72,64,64,49,61,55,47,47,47,45,43,26,101,101,78,76,76,70,70,70,85,85,100,100,100,115,115,1,1,1,1,1,1,1,1,1,1,1,1,1,1,1,1,1],"gold":140,"neow_bonus":"TWENTY_PERCENT_HP_BONUS","is_daily":false,"chose_seed":false,"campfire_upgraded":9,"win_rate":0.0,"timestamp":1608120290,"path_taken":["R","M","M","E","R","?","T","?","E","R","$","M","?","?","M","BOSS","R","E","$","E","M","?","T","M","R","M","M","?","?","?","M","BOSS","R","E","M","M","E","?","T","R","?","R","M","?","?","R","?","E","E","R","?","T","M","R","R","?","M","?","$","M","BOSS"],"items_purchased_type":["Relic","Card","Card","Relic","Card","Relic","Relic","Relic","Card"],"build_version":"2020-12-13","purchased_purges":3,"victory":false,"max_hp_per_floor":[96,96,96,96,96,96,96,96,96,96,96,96,101,101,101,101,101,101,101,101,101,101,101,101,101,101,101,101,101,101,101,101,101,101,101,101,101,101,101,101,101,101,101,101,101,101,115,115,1,1,1,1,1,1,1,1,1,1,1,1,1,1,1,1,1],"card_choices":[{"not_picked":["Guardian:Suspension","Guardian:RollAttack"],"picked":"Guardian:Clone","floor":2.0},{"not_picked":["Guardian:DecasProtection","Guardian:Emergency"],"picked":"Guardian:Gem_Red","floor":3.0},{"not_picked":["Guardian:VentSteam","Guardian:Preprogram"],"picked":"Guardian:Gem_Cyan","floor":4.0},{"not_picked":["Guardian:RollAttack","Guardian:ChargeCore"],"picked":"Guardian:Incinerate","floor":9.0},{"not_picked":["Guardian:PolyBeam","Guardian:TemporalStrike"],"picked":"Guardian:Planning","floor":11.0},{"not_picked":["Guardian:RefractedBeam","Guardian:ArmoredProtocol"],"picked":"Guardian:Gem_Green","floor":12.0},{"not_picked":["Guardian:Planning","Guardian:Gem_Purple"],"picked":"Guardian:BaubleBeam","floor":15.0},{"not_picked":["Guardian:ExploitGems","Guardian:ConstructionForm"],"picked":"Guardian:RevengeProtocol","floor":16.0},{"not_picked":["Guardian:Emergency","Guardian:PiercingHide"],"picked":"Guardian:RevengeProtocol","floor":19.0},{"not_picked":["Guardian:Gem_Red","Guardian:Gem_Green"],"picked":"Guardian:TemporalShield","floor":20.0},{"not_picked":["Guardian:Incinerate","Guardian:TimeCapacitor"],"picked":"Guardian:Gem_Cyan","floor":21.0},{"not_picked":["Guardian:RollAttack","Guardian:ChargeCore+1"],"picked":"Guardian:Planning+1","floor":22.0},{"not_picked":["Guardian:Reroute","Guardian:RollAttack+1"],"picked":"Guardian:Gem_Synthetic","floor":25.0},{"not_picked":["Guardian:SentryBeam","Guardian:DecasProtection"],"picked":"Guardian:ShieldSpikes","floor":27.0},{"not_picked":["Guardian:Gem_Red","Guardian:TemporalStrike+1"],"picked":"Guardian:FloatingOrbs+1","floor":28.0},{"not_picked":["Guardian:Recover","Guardian:ShieldSpikes"],"picked":"Guardian:ArmoredProtocol+1","floor":31.0},{"not_picked":["Guardian:Preprogram","Guardian:DecasProtection"],"picked":"Guardian:Gem_Cyan","floor":32.0},{"not_picked":["Guardian:FastForward","Guardian:SphericShield"],"picked":"Guardian:StasisField","floor":33.0},{"not_picked":["Guardian:DecasProtection","Guardian:Gem_Red"],"picked":"Guardian:Gem_White","floor":36.0},{"not_picked":["Guardian:Reroute","Guardian:TemporalShield"],"picked":"Guardian:TimeCapacitor+1","floor":37.0},{"not_picked":["Guardian:PrismaticBeam","Guardian:Reroute"],"picked":"Guardian:ShieldCharger+1","floor":38.0},{"not_picked":["Guardian:ConstructionForm+1","Guardian:TimeBomb+1"],"picked":"Guardian:DonusPower+1","floor":39.0},{"not_picked":["Guardian:Gem_Red","Guardian:PiercingHide+1"],"picked":"Guardian:Harden+1","floor":40.0},{"not_picked":["Guardian:Gem_Cyan","Guardian:Gem_Red"],"picked":"Guardian:Gem_Lightblue","floor":45.0},{"not_picked":["Guardian:ShieldSpikes","Guardian:SentryBeam"],"picked":"Guardian:TemporalShield+1","floor":46.0},{"not_picked":["Guardian:Recover+1","Guardian:ChargeCore"],"picked":"Guardian:ShieldCharger","floor":50.0},{"not_picked":["Guardian:VentSteam","Guardian:Reroute"],"picked":"Guardian:StasisField","floor":51.0},{"not_picked":["Guardian:Planning","Guardian:Emergency+1"],"picked":"Guardian:Gem_Green","floor":55.0},{"not_picked":["Guardian:Gem_Fragmented","Guardian:Planning+1"],"picked":"Guardian:Gem_Synthetic","floor":55.0},{"not_picked":["Guardian:Gem_Cyan","Guardian:RefractedBeam"],"picked":"Guardian:PrismaticBeam+1","floor":59.0},{"not_picked":["Guardian:RollAttack","Guardian:CrystalBeam"],"picked":"Guardian:Clone","floor":59.0},{"not_picked":["Guardian:VentSteam+1","Guardian:Gem_Green"],"picked":"Guardian:Gem_Orange","floor":60.0},{"not_picked":["Guardian:ShieldSpikes","Guardian:TemporalShield+1","Guardian:MultiBeam"],"picked":"SKIP","floor":60.0},{"not_picked":["Guardian:DonusPower","Guardian:VentSteam"],"picked":"Guardian:Planning+1","floor":61.0},{"not_picked":["Guardian:Harden","Guardian:Planning+1","Guardian:CrystalBeam"],"picked":"SKIP","floor":62.0},{"not_picked":["Guardian:PolyBeam","Guardian:PrimingBeam+1","Guardian:TemporalShield+1"],"picked":"SKIP","floor":62.0},{"not_picked":["Guardian:StasisField","Guardian:ConstructionForm+1"],"picked":"Guardian:ExploitGems","floor":63.0}],"player_experience":67056,"relics_obtained":[{"floor":4.0,"key":"hubris:MysteriousPyramids"},{"floor":7.0,"key":"Eternal Feather"},{"floor":9.0,"key":"MawBank"},{"floor":19.0,"key":"Nunchaku"},{"floor":21.0,"key":"Ice Cream"},{"floor":24.0,"key":"Frozen Egg 2"},{"floor":36.0,"key":"hubris:ToyBattleship"},{"floor":39.0,"key":"Ancient Tea Set"},{"floor":41.0,"key":"hubris:SlimyHat"},{"floor":43.0,"key":"FossilizedHelix"},{"floor":50.0,"key":"hubris:Spice"},{"floor":51.0,"key":"Ornamental Fan"},{"floor":54.0,"key":"Replay:Ringing Soul"}],"event_choices":[{"damage_healed":0.0,"max_hp_gain":5.0,"max_hp_loss":0.0,"gold_gain":0.0,"event_name":"Big Fish","player_choice":"Donut","floor":13.0,"gold_loss":0.0,"damage_taken":0.0},{"cards_removed":["Regret"],"damage_healed":0.0,"max_hp_gain":0.0,"max_hp_loss":0.0,"gold_gain":0.0,"event_name":"betterNote:BetterNote","player_choice":"Give","floor":30.0,"gold_loss":0.0,"damage_taken":0.0,"cards_obtained":["Slimebound:SamplingLick"]}],"is_beta":false,"boss_relics":[{"not_picked":["Replay:Drink Me","aspiration:SecretTechniqueScroll"],"picked":"hubris:RunicObelisk"},{"not_picked":["aspiration:MarisaSkillbook","hubris:Stopwatch"],"picked":"aspiration:PoetsPen_weak"}],"items_purged_floors":[11,31,61],"is_endless":false,"potions_floor_spawned":[4,9,15,16,19,22,25,27,28,33,36,45,46,55,60],"ascension_level":0}}