{"host":"zv85muor2723jdwz","time":1608121866,"event":{"mods":["BaseMod","Marisa（F雨　魔理沙）","Minty Spire (QoL Compilation)","The Servant 0.9.4","【东方二次创作】八云紫mod"],"gold_per_floor":[114,126,126,77,88,88,105,180,233,233,183,195,230,247,247,343,343,353,353,353,278,293,293,304,304,304,324,339,74,89,101,101,101,101],"floor_reached":33,"playtime":1787,"items_purged":[],"score":251,"play_id":"0a5011e2-5f73-408e-9b9f-e22f704d1931","local_time":"20201216203106","is_ascension_mode":false,"campfire_choices":[{"data":"UpSweep","floor":6,"key":"SMITH"},{"floor":10,"key":"REST"},{"data":"MasterSpark","floor":15,"key":"SMITH"},{"floor":23,"key":"REST"},{"data":"MachineGunSpark","floor":25,"key":"SMITH"},{"floor":32,"key":"REST"}],"circlet_count":0,"master_deck":["Strike_MRS+1","Strike_MRS+1","Strike_MRS+1","Defend_MRS+1","Defend_MRS+1","Defend_MRS+1","MasterSpark+1","UpSweep+1","DC","PowerUp+1","PowerUp+1","MysteriousBeam","CasketOfStar","TreasureHunter","MachineGunSpark+1","6A","RefractionSpark","PulseMagic","MilkyWay+1","PowerUp","Bandage Up","StarDustReverie","AsteroidBelt"],"relics":["MiniHakkero","NeowsBlessing","Bag of Preparation","Happy Flower","RampagingMagicTools","Letter Opener","Bottled Lightning","War Paint"],"acts_visited":["Exordium","TheCity"],"potions_floor_usage":[16,27,33,33],"damage_taken":[{"damage":0,"enemies":"Jaw Worm","floor":1,"turns":1},{"damage":0,"enemies":"Small Slimes","floor":2,"turns":1},{"damage":0,"enemies":"Cultist","floor":5,"turns":1},{"damage":5,"enemies":"Looter","floor":7,"turns":3},{"damage":1,"enemies":"Exordium Thugs","floor":12,"turns":3},{"damage":14,"enemies":"Gremlin Nob","floor":13,"turns":3},{"damage":3,"enemies":"2 Fungi Beasts","floor":14,"turns":3},{"damage":40,"enemies":"The Guardian","floor":16,"turns":6},{"damage":15,"enemies":"Shell Parasite","floor":18,"turns":3},{"damage":14,"enemies":"2 Thieves","floor":22,"turns":3},{"damage":12,"enemies":"Centurion and Healer","floor":24,"turns":6},{"damage":21,"enemies":"Snake Plant","floor":27,"turns":3},{"damage":20,"enemies":"Shelled Parasite and Fungi","floor":28,"turns":4},{"damage":12,"enemies":"Centurion and Healer","floor":30,"turns":3},{"damage":4,"enemies":"Cultist and Chosen","floor":31,"turns":4},{"damage":41,"enemies":"Automaton","floor":33,"turns":4}],"seed_played":"7756063386398808635","potions_obtained":[{"floor":7,"key":"Strength Potion"},{"floor":13,"key":"Ancient Potion"},{"floor":14,"key":"SpeedPotion"},{"floor":18,"key":"Regen Potion"},{"floor":27,"key":"Explosive Potion"},{"floor":30,"key":"GamblersBrew"}],"is_trial":false,"path_per_floor":["M","M","?","$","M","R","M","?","T","R","?","M","E","M","R","B",null,"M","?","?","?","M","R","M","R","T","M","M","$","M","M","R","B"],"character_chosen":"MARISA","items_purchased":["Acceleration","PowerUp","Bandage Up","War Paint"],"campfire_rested":3,"item_purchase_floors":[4,29,29,29],"current_hp_per_floor":[75,75,68,68,68,68,63,52,52,74,74,73,59,56,56,16,75,60,60,60,60,46,68,56,56,56,40,20,20,12,12,34,0,0],"gold":101,"neow_bonus":"THREE_ENEMY_KILL","is_daily":false,"chose_seed":false,"campfire_upgraded":3,"win_rate":0.0,"timestamp":1608121866,"path_taken":["M","M","?","$","M","R","M","?","T","R","?","M","E","M","R","BOSS","M","?","?","?","M","R","M","R","T","M","M","$","M","M","R","BOSS"],"items_purchased_type":["Card","Card","Card","Relic"],"build_version":"2020-12-13","purchased_purges":0,"victory":false,"max_hp_per_floor":[75,75,75,75,75,75,75,75,75,75,75,75,75,75,75,75,75,75,75,75,75,75,75,75,75,75,75,75,75,75,75,75,75,75],"card_choices":[{"not_picked":["AsteroidBelt","ShootTheMoon"],"picked":"DC","floor":1},{"not_picked":["UnstableBomb","MilkyWay"],"picked":"PowerUp","floor":2},{"not_picked":["OrrerysSun","Robbery","GasGiant"],"picked":"SKIP","floor":5},{"not_picked":["LuminesStrike","GrandCross"],"picked":"PowerUp","floor":7},{"not_picked":["LuminesStrike","EnergyFlow"],"picked":"MysteriousBeam","floor":12},{"not_picked":["DragonMeteor","SuperNova"],"picked":"CasketOfStar","floor":13},{"not_picked":["OpenUniverse","NonDirectionalLaser","Acceleration"],"picked":"SKIP","floor":14},{"not_picked":["SuperNova","CasketOfStar"],"picked":"TreasureHunter","floor":16},{"not_picked":["ShootingEcho","MilkyWay"],"picked":"MachineGunSpark","floor":18},{"not_picked":["OneTimeOff","EnergyFlow"],"picked":"6A","floor":22},{"not_picked":["PropBag","BlazeAway"],"picked":"RefractionSpark","floor":24},{"not_picked":["MilkyWay","StarlightTyphoon"],"picked":"PulseMagic","floor":27},{"not_picked":["MagicAbsorber","NonDirectionalLaser"],"picked":"MilkyWay+1","floor":28},{"not_picked":["WitchLeyline","OpenUniverse+1"],"picked":"StarDustReverie","floor":30},{"not_picked":["LuminesStrike","6A"],"picked":"AsteroidBelt","floor":31}],"player_experience":10060,"relics_obtained":[{"floor":9,"key":"Bag of Preparation"},{"floor":13,"key":"Happy Flower"},{"floor":26,"key":"Bottled Lightning"}],"event_choices":[{"cards_removed":["Strike_MRS"],"damage_healed":0,"gold_gain":0,"player_choice":"Card Removal","damage_taken":7,"max_hp_gain":0,"max_hp_loss":0,"event_name":"Golden Wing","floor":3,"gold_loss":0},{"damage_healed":0,"gold_gain":75,"player_choice":"Gather Gold","damage_taken":11,"max_hp_gain":0,"max_hp_loss":0,"event_name":"World of Goop","floor":8,"gold_loss":0},{"cards_removed":["Defend_MRS"],"damage_healed":0,"gold_gain":0,"player_choice":"Card Removal","damage_taken":0,"max_hp_gain":0,"max_hp_loss":0,"event_name":"The Cleric","floor":11,"gold_loss":50},{"damage_healed":0,"gold_gain":0,"player_choice":"Simplicity","damage_taken":0,"max_hp_gain":0,"max_hp_loss":0,"event_name":"Back to Basics","floor":19,"gold_loss":0,"cards_upgraded":["Strike_MRS","Strike_MRS","Strike_MRS","Defend_MRS","Defend_MRS","Defend_MRS"]},{"damage_healed":0,"gold_gain":0,"player_choice":"Opened","damage_taken":0,"relics_obtained":["Letter Opener"],"max_hp_gain":0,"max_hp_loss":0,"event_name":"The Mausoleum","floor":20,"gold_loss":0},{"cards_removed":["Acceleration"],"damage_healed":0,"gold_gain":0,"player_choice":"Gave Gold","damage_taken":0,"max_hp_gain":0,"max_hp_loss":0,"event_name":"Beggar","floor":21,"gold_loss":75}],"is_beta":false,"boss_relics":[{"not_picked":["Ectoplasm","Sozu"],"picked":"RampagingMagicTools"}],"items_purged_floors":[],"is_endless":false,"potions_floor_spawned":[7,13,14,18,27,30],"killed_by":"Automaton","ascension_level":0}}