{"host":"jc4h38xtrb09g8pb","time":1608115932,"event":{"mods":["AchievementEnabler","BaseMod","Colored Map","Minty Spire (QoL Compilation)","Permanent Neow","SuperFastMode"],"gold_per_floor":[12,12,23,38,58,87,87,116,116,116,135,163,176,176,176,274,274,288,70,85,0,19,19,29,29,83,83,83],"floor_reached":27,"playtime":1085,"items_purged":["Strike_G"],"score":416,"play_id":"1dc1f119-eb42-4945-9751-857208eac32c","local_time":"20201216195212","is_ascension_mode":true,"campfire_choices":[{"floor":7.0,"key":"REST"},{"floor":10.0,"key":"REST"},{"data":"Accuracy","floor":15.0,"key":"SMITH"},{"data":"Concentrate","floor":23,"key":"SMITH"}],"circlet_count":0,"master_deck":["Defend_G","Defend_G","Defend_G","Defend_G","Defend_G","Survivor","Neutralize","Glass Knife","Wraith Form v2","Blade Dance","Blade Dance","Cloak And Dagger","Dagger Throw","Die Die Die","Concentrate+1","Accuracy+1","Backflip","Grand Finale","Acrobatics","Prepared"],"relics":["Ring of the Snake","Dream Catcher","Darkstone Periapt","Meat on the Bone","MealTicket","Busted Crown","TheAbacus","Art of War","Tiny Chest"],"acts_visited":["Exordium","TheCity"],"potions_floor_usage":[24,24,25,25],"damage_taken":[{"damage":0.0,"enemies":"Small Slimes","floor":1.0,"turns":4.0},{"damage":0.0,"enemies":"Jaw Worm","floor":3.0,"turns":4.0},{"damage":0.0,"enemies":"2 Louse","floor":4.0,"turns":2.0},{"damage":3.0,"enemies":"2 Fungi Beasts","floor":5.0,"turns":4.0},{"damage":39.0,"enemies":"3 Sentries","floor":6.0,"turns":9.0},{"damage":39.0,"enemies":"Lagavulin","floor":8.0,"turns":7.0},{"damage":0.0,"enemies":"3 Louse","floor":11.0,"turns":2.0},{"damage":7.0,"enemies":"3 Sentries","floor":12.0,"turns":5.0},{"damage":0.0,"enemies":"Gremlin Gang","floor":13.0,"turns":3.0},{"damage":0.0,"enemies":"Slime Boss","floor":16.0,"turns":5.0},{"damage":15,"enemies":"3 Byrds","floor":18,"turns":5},{"damage":4,"enemies":"Shell Parasite","floor":20,"turns":4},{"damage":17,"enemies":"Shelled Parasite and Fungi","floor":22,"turns":5},{"damage":2,"enemies":"Snecko","floor":24,"turns":5},{"damage":0,"enemies":"Centurion and Healer","floor":25,"turns":1},{"damage":0,"enemies":"Book of Stabbing","floor":27,"turns":1}],"seed_played":"-8463732701618023495","potions_obtained":[{"floor":3.0,"key":"SmokeBomb"},{"floor":5.0,"key":"Swift Potion"},{"floor":8.0,"key":"LiquidBronze"},{"floor":11.0,"key":"LiquidMemories"},{"floor":12.0,"key":"Strength Potion"},{"floor":13.0,"key":"EntropicBrew"},{"floor":20,"key":"Block Potion"},{"floor":22,"key":"SpeedPotion"},{"floor":24,"key":"ColorlessPotion"}],"is_trial":false,"path_per_floor":["M","?","M","M","M","E","R","E","T","R","M","E","M","?","R","B",null,"M","$","M","?","M","R","M","M","T","E"],"character_chosen":"THE_SILENT","items_purchased":["TheAbacus"],"campfire_rested":2,"item_purchase_floors":[19],"current_hp_per_floor":[63,63,63,63,60,21,42,3,3,24,36,41,41,34,34,46,64,49,64,60,60,43,43,41,41,41,41,41],"gold":83,"neow_bonus":"TRANSFORM_TWO_CARDS","is_daily":false,"chose_seed":false,"campfire_upgraded":2,"win_rate":0.0,"timestamp":1608115932,"path_taken":["M","?","M","M","M","E","R","E","T","R","M","E","M","?","R","BOSS","M","$","M","?","M","R","M","M","T","E"],"items_purchased_type":["Relic"],"build_version":"2020-12-13","purchased_purges":1,"victory":false,"max_hp_per_floor":[70,70,70,70,70,70,70,70,70,70,70,70,70,70,70,70,70,70,70,70,70,70,70,70,70,70,70,70],"card_choices":[{"not_picked":["Cloak And Dagger","Flechettes"],"picked":"Blade Dance","floor":1.0},{"not_picked":["Masterful Stab","Deflect"],"picked":"Blade Dance","floor":3.0},{"not_picked":["Blade Dance","Crippling Poison"],"picked":"Cloak And Dagger","floor":4.0},{"not_picked":["All Out Attack","Bane"],"picked":"Dagger Throw","floor":5.0},{"not_picked":["Dodge and Roll","Masterful Stab","Blade Dance"],"picked":"SKIP","floor":6.0},{"not_picked":["Terror","Bane"],"picked":"Die Die Die","floor":7.0},{"not_picked":["Dagger Throw","Flying Knee"],"picked":"Concentrate","floor":8.0},{"not_picked":["Deflect","Catalyst"],"picked":"Accuracy","floor":11.0},{"not_picked":["Flechettes","Sucker Punch","Backflip"],"picked":"SKIP","floor":12.0},{"not_picked":["Distraction","Concentrate"],"picked":"Backflip","floor":13.0},{"not_picked":["Doppelganger","Adrenaline"],"picked":"Grand Finale","floor":16.0},{"not_picked":["Poisoned Stab+1"],"picked":"SKIP","floor":18},{"not_picked":[],"picked":"Acrobatics","floor":20},{"not_picked":["Setup+1"],"picked":"SKIP","floor":22},{"not_picked":[],"picked":"Prepared","floor":24}],"player_experience":694131,"relics_obtained":[{"floor":6.0,"key":"Dream Catcher"},{"floor":8.0,"key":"Darkstone Periapt"},{"floor":9.0,"key":"Meat on the Bone"},{"floor":12.0,"key":"MealTicket"},{"floor":26,"key":"Tiny Chest"}],"event_choices":[{"cards_removed":["Strike_G"],"damage_healed":0.0,"max_hp_gain":0.0,"max_hp_loss":0.0,"gold_gain":0.0,"event_name":"Living Wall","player_choice":"Forget","floor":2.0,"gold_loss":0.0,"damage_taken":0.0},{"cards_removed":["Strike_G"],"damage_healed":0.0,"max_hp_gain":0.0,"max_hp_loss":0.0,"gold_gain":0.0,"event_name":"Golden Wing","player_choice":"Card Removal","floor":14.0,"gold_loss":0.0,"damage_taken":7.0},{"damage_healed":0,"gold_gain":0,"player_choice":"Obtained Relic","damage_taken":0,"relics_obtained":["Art of War"],"max_hp_gain":0,"max_hp_loss":0,"event_name":"Addict","floor":21,"gold_loss":85}],"is_beta":false,"boss_relics":[{"not_picked":["Astrolabe","Ring of the Serpent"],"picked":"Busted Crown"}],"items_purged_floors":[19],"is_endless":false,"potions_floor_spawned":[3,5,8,11,12,13,20,22,24],"killed_by":"Book of Stabbing","ascension_level":9}}