{"host":"bh6quz2fwdrf21ml","time":1608082015,"event":{"mods":["BaseMod","Better Note","Better Sensory Stone","Better Silent Start","Better Third Choice","BetterRewards","Colored Map","Colored Powertips","Emptier Cage","Friendly Minions","Hermit","Magitek Elite","Minty Spire (QoL Compilation)","Permanent Neow","Relic Filter","Replay The Spire","Robot Space Explorer","Shade Mod","Spicy Shops","StSLib","SuperFastMode"],"gold_per_floor":[119,134,12,112,122,122,150,150,201,201,49,65,65,83,112,112,207,207,221,221,239,239,32,57,7,7,58,70,70,20,20,32,32,130,130,146,146,89,108,119,119,169,169,169,169,194,213,17,40,40,40],"floor_reached":52,"playtime":3459,"items_purged":["RobotSpaceExplorer:Strike","RobotSpaceExplorer:Strike","RobotSpaceExplorer:Defend","ReplayTheSpireMod:Splinters","Parasite"],"score":980,"play_id":"d1205067-6e45-4a35-9143-0acf20cfacf3","local_time":"20201215192655","is_ascension_mode":false,"campfire_choices":[{"data":"RobotSpaceExplorer:Calculate","floor":6.0,"key":"SMITH"},{"data":"RobotSpaceExplorer:FrostMissile","floor":8.0,"key":"SMITH"},{"data":"Pain","floor":13.0,"key":"PURGE"},{"data":"RobotSpaceExplorer:Defend","floor":16.0,"key":"PURGE"},{"floor":26,"key":"REST"},{"data":"RobotSpaceExplorer:Autoloader","floor":29,"key":"SMITH"},{"floor":33,"key":"REST"},{"data":"RobotSpaceExplorer:Strike","floor":41,"key":"PURGE"},{"data":"Hallucinations","floor":45,"key":"PURGE"},{"floor":50,"key":"REST"}],"circlet_count":0,"master_deck":["RobotSpaceExplorer:Strike+1","RobotSpaceExplorer:Defend","RobotSpaceExplorer:Defend+1","RobotSpaceExplorer:Scan","RobotSpaceExplorer:MiniLasers+1","RobotSpaceExplorer:DualCore","RobotSpaceExplorer:ScrapMissile","RobotSpaceExplorer:Counterblock+1","RobotSpaceExplorer:FreezingShield+1","RobotSpaceExplorer:Calculate+1","RobotSpaceExplorer:FrostMissile+1","RobotSpaceExplorer:FreezeRay","RobotSpaceExplorer:Smokescreen","RobotSpaceExplorer:MetalStrike","RobotSpaceExplorer:FreezingShield","RobotSpaceExplorer:Autoloader+1","RobotSpaceExplorer:Ammunition+1","RobotSpaceExplorer:PlasmaMissile+1","RobotSpaceExplorer:Blaster","RobotSpaceExplorer:Probe+1","Replay:Bootleg Shield Generator","RobotSpaceExplorer:StarLightning+1"],"relics":["RobotSpaceExplorer:RoboCore","RobotSpaceExplorer:ClockworkSextant","TungstenRod","RobotSpaceExplorer:SlideRule","Smiling Mask","Peace Pipe","Unceasing Top","Gem_Box","TheAbacus","Replay:Rubber Ducky","RobotSpaceExplorer:FoglandsKnife","RobotSpaceExplorer:BottledGravity","RobotSpaceExplorer:SearchSpecs","ReplayTheSpireMod:CursedCoin","Whetstone","ReplayFunnel","War Paint","Ring of Greed","Golden Idol","Tiny Chest","Eternal Feather","Medical Kit"],"acts_visited":["Exordium","TheCity","TheBeyond"],"potions_floor_usage":[51,51],"damage_taken":[{"damage":3.0,"enemies":"Cultist","floor":1.0,"turns":5.0},{"damage":0.0,"enemies":"Jaw Worm","floor":2.0,"turns":5.0},{"damage":0.0,"enemies":"2 Louse","floor":5.0,"turns":4.0},{"damage":24.0,"enemies":"Gremlin Nob","floor":7.0,"turns":6.0},{"damage":5.0,"enemies":"Large Slime","floor":12.0,"turns":5.0},{"damage":0.0,"enemies":"3 Louse","floor":14.0,"turns":3.0},{"damage":0.0,"enemies":"Lagavulin","floor":15.0,"turns":6.0},{"damage":6.0,"enemies":"The Guardian","floor":17.0,"turns":14.0},{"damage":0.0,"enemies":"Shell Parasite","floor":19.0,"turns":6.0},{"damage":0.0,"enemies":"Spheric Guardian","floor":21.0,"turns":6.0},{"damage":31,"enemies":"Gremlin Leader","floor":24,"turns":12},{"damage":0,"enemies":"Shelled Parasite and Fungi","floor":28,"turns":6},{"damage":8,"enemies":"Centurion and Healer","floor":32,"turns":5},{"damage":0,"enemies":"Champ","floor":34,"turns":10},{"damage":13,"enemies":"3 Shapes","floor":36,"turns":4},{"damage":0,"enemies":"Orb Walker","floor":39,"turns":3},{"damage":0,"enemies":"Jaw Worm Horde","floor":40,"turns":5},{"damage":25,"enemies":"Writhing Mass","floor":46,"turns":6},{"damage":0,"enemies":"Spire Growth","floor":47,"turns":4},{"damage":0,"enemies":"4 Shapes","floor":49,"turns":5},{"damage":0,"enemies":"Donu and Deca","floor":51,"turns":7}],"seed_played":"-6080787135672788093","potions_obtained":[{"floor":2.0,"key":"RobotSpaceExplorer:LiquidFusion"},{"floor":12.0,"key":"Swift Potion"},{"floor":14.0,"key":"Regen Potion"},{"floor":15.0,"key":"Dexterity Potion"},{"floor":24,"key":"Reflective Coating"},{"floor":28,"key":"SteroidPotion"},{"floor":39,"key":"Elixir"},{"floor":46,"key":"DistilledChaos"}],"is_trial":false,"path_per_floor":["M","M","$","?","M","R","E","R","T","?","$","M","R","M","E","R","B",null,"M","?","M","?","$","E","$","R","T","M","R","$","?","M","R","B",null,"M","?","$","M","M","R","?","?","T","R","M","M","$","M","R","B",null],"character_chosen":"RobotSpaceExplorer","items_purchased":["RobotSpaceExplorer:ClockworkSextant","TungstenRod","RobotSpaceExplorer:SlideRule","RobotSpaceExplorer:DualCore","RobotSpaceExplorer:FreezingShield+1","RobotSpaceExplorer:FreezeRay","RobotSpaceExplorer:Smokescreen","TheAbacus","ReplayTheSpireMod:CursedCoin","Whetstone","Medical Kit"],"campfire_rested":3,"item_purchase_floors":[0,0,0,0,3,11,11,23,38,38,48],"current_hp_per_floor":[72,72,72,72,72,72,48,48,48,73,73,68,68,68,68,68,71,75,75,75,75,75,75,44,44,66,66,66,66,66,66,58,75,75,75,62,62,62,62,62,62,62,62,62,74,49,49,49,49,72,72],"gold":40,"neow_bonus":"","is_daily":false,"chose_seed":false,"campfire_upgraded":3,"win_rate":0.0,"timestamp":1608082015,"path_taken":["M","M","$","?","?","R","E","R","T","?","?","M","R","M","E","R","BOSS","M","?","M","?","$","E","$","R","T","M","R","$","?","M","R","BOSS","M","?","$","?","M","R","?","?","T","R","?","M","$","M","R","BOSS"],"items_purchased_type":["Relic","Relic","Relic","Card","Card","Card","Card","Relic","Relic","Relic","Relic"],"build_version":"2020-12-13","purchased_purges":5,"victory":true,"max_hp_per_floor":[75,75,75,75,75,75,75,75,75,75,75,75,75,75,75,75,75,75,75,75,75,75,75,75,75,75,75,75,75,75,75,75,75,75,75,75,75,75,75,75,75,75,75,75,75,75,75,72,72,72,72],"card_choices":[{"not_picked":["RobotSpaceExplorer:JunkDive","RobotSpaceExplorer:GlueSpray"],"picked":"RobotSpaceExplorer:ScrapMissile","floor":1.0},{"not_picked":["RobotSpaceExplorer:SwiftStep","RobotSpaceExplorer:Probe"],"picked":"RobotSpaceExplorer:Counterblock","floor":2.0},{"not_picked":["RobotSpaceExplorer:Jetpack","RobotSpaceExplorer:StarLightning"],"picked":"RobotSpaceExplorer:Calculate","floor":5.0},{"not_picked":["RobotSpaceExplorer:LuckyStrike","RobotSpaceExplorer:Fix"],"picked":"RobotSpaceExplorer:FrostMissile","floor":7.0},{"not_picked":["RobotSpaceExplorer:ToxicBomb","RobotSpaceExplorer:FrostMissile","RobotSpaceExplorer:ImprovisedAttack"],"picked":"SKIP","floor":12.0},{"not_picked":["RobotSpaceExplorer:Probe","RobotSpaceExplorer:Fix"],"picked":"RobotSpaceExplorer:MetalStrike","floor":14.0},{"not_picked":["RobotSpaceExplorer:LaserBurst","RobotSpaceExplorer:Pulsar"],"picked":"RobotSpaceExplorer:FreezingShield","floor":15.0},{"not_picked":["RobotSpaceExplorer:Comet","RobotSpaceExplorer:DroneSwarm"],"picked":"RobotSpaceExplorer:Autoloader","floor":17.0},{"not_picked":["RobotSpaceExplorer:Counterblock+1","RobotSpaceExplorer:Blitz","RobotSpaceExplorer:ScrapMissile"],"picked":"SKIP","floor":19.0},{"not_picked":["RobotSpaceExplorer:RigExplosive","RobotSpaceExplorer:JunkDive","RobotSpaceExplorer:LuckyStrike"],"picked":"SKIP","floor":21.0},{"not_picked":["RobotSpaceExplorer:SurgingStrike","RobotSpaceExplorer:Counterblock"],"picked":"RobotSpaceExplorer:Ammunition+1","floor":24},{"not_picked":["RobotSpaceExplorer:Probe","RobotSpaceExplorer:ExhaustFan"],"picked":"RobotSpaceExplorer:PlasmaMissile+1","floor":28},{"not_picked":["RobotSpaceExplorer:GlueSpray","RobotSpaceExplorer:SlimeMissile","RobotSpaceExplorer:StarDust"],"picked":"SKIP","floor":32},{"not_picked":["RobotSpaceExplorer:Autoloader","RobotSpaceExplorer:TrailblazerForm"],"picked":"RobotSpaceExplorer:Blaster","floor":34},{"not_picked":["RobotSpaceExplorer:SurgingStrike+1","RobotSpaceExplorer:RigExplosive"],"picked":"RobotSpaceExplorer:Probe+1","floor":36},{"not_picked":["RobotSpaceExplorer:SurgingStrike","RobotSpaceExplorer:Pulsar+1","RobotSpaceExplorer:PowerGlove+1"],"picked":"SKIP","floor":39},{"not_picked":["RobotSpaceExplorer:SurgingShield","RobotSpaceExplorer:Ammunition","RobotSpaceExplorer:ScrapMissile"],"picked":"SKIP","floor":40},{"not_picked":["Impatience","Survey Options"],"picked":"Replay:Bootleg Shield Generator","floor":43},{"not_picked":["RobotSpaceExplorer:StunGrenade","RobotSpaceExplorer:PowerCollector+1"],"picked":"RobotSpaceExplorer:StarLightning+1","floor":46},{"not_picked":["RobotSpaceExplorer:SurgingStrike","RobotSpaceExplorer:PowerCollector","RobotSpaceExplorer:Probe+1"],"picked":"SKIP","floor":47},{"not_picked":["RobotSpaceExplorer:SurgingShield+1","RobotSpaceExplorer:Counterblock","RobotSpaceExplorer:LaserBurst+1"],"picked":"SKIP","floor":49}],"player_experience":865601,"relics_obtained":[{"floor":7.0,"key":"Smiling Mask"},{"floor":9.0,"key":"Peace Pipe"},{"floor":15.0,"key":"Unceasing Top"},{"floor":24,"key":"Replay:Rubber Ducky"},{"floor":27,"key":"RobotSpaceExplorer:FoglandsKnife"},{"floor":40,"key":"ReplayFunnel"},{"floor":40,"key":"War Paint"},{"floor":42,"key":"Ring of Greed"},{"floor":42,"key":"Golden Idol"},{"floor":42,"key":"Tiny Chest"},{"floor":44,"key":"Eternal Feather"}],"event_choices":[{"damage_healed":0.0,"max_hp_gain":0.0,"max_hp_loss":0.0,"gold_gain":100.0,"event_name":"Golden Shrine","player_choice":"Pray","floor":4.0,"gold_loss":0.0,"damage_taken":0.0},{"damage_healed":25.0,"max_hp_gain":0.0,"max_hp_loss":0.0,"gold_gain":0.0,"event_name":"Big Fish","player_choice":"Banana","floor":10.0,"gold_loss":0.0,"damage_taken":0.0},{"damage_healed":0.0,"max_hp_gain":0.0,"max_hp_loss":0.0,"gold_gain":0.0,"event_name":"betterNote:BetterNote","player_choice":"Ignored","floor":20.0,"gold_loss":0.0,"damage_taken":0.0,"cards_obtained":["Shade:Defend_Shade"]},{"damage_healed":0.0,"max_hp_gain":0.0,"max_hp_loss":0.0,"gold_gain":0.0,"event_name":"Cursed Tome","player_choice":"Ignored","floor":22.0,"gold_loss":0.0,"damage_taken":0.0},{"damage_healed":0,"gold_gain":0,"player_choice":"1 cards matched","damage_taken":0,"max_hp_gain":0,"max_hp_loss":0,"event_name":"Match and Keep!","floor":37,"gold_loss":0,"cards_obtained":["RobotSpaceExplorer:LuckyFind"]},{"damage_healed":0,"gold_gain":3,"player_choice":"1","damage_taken":0,"max_hp_gain":0,"max_hp_loss":0,"event_name":"betterStone:BetterStone","floor":43,"gold_loss":0}],"is_beta":false,"boss_relics":[{"not_picked":["Cursed Key","Empty Cage"],"picked":"Gem_Box"},{"not_picked":["Tiny House","Astrolabe"],"picked":"RobotSpaceExplorer:SearchSpecs"}],"items_purged_floors":[23,25,30,38,48],"is_endless":false,"potions_floor_spawned":[2,12,14,15,24,28,39,40,46],"ascension_level":0}}