{"host":"mn5ze3eyhx81nlo2","time":1608118132,"event":{"mods":["BaseMod","Block Reminder","Challenge The Spire","Downfall","Hermit","Hubris","Infinite Spire","Minty Spire (QoL Compilation)","Quick Restart","Replay The Spire","Shade Mod","StSLib","The Cursed","The Druid","The Hierophant","The Runesmith","Unceasing Turn Reminder"],"gold_per_floor":[99,127,127,127,127,127,127,157,167,202,202,202,214,47,64,162,162,162,172,172,172,172,203,203,218,230,260,260,260,103,118,128,233,233,233,233,233,263,263,277,302,318,318,352,368,381,381,391,406,406,406],"floor_reached":50,"playtime":2886,"items_purged":["Voices"],"score":741,"play_id":"8ca88178-be13-4e4b-84f4-f4d0e303bf07","local_time":"20201216112852","is_ascension_mode":true,"campfire_choices":[{"data":"champ:Taunt","floor":1.0,"key":"SMITH"},{"floor":3.0,"key":"RECALL"},{"data":"champ:Execute","floor":5.0,"key":"SMITH"},{"data":"champ:IronFortress","floor":21.0,"key":"SMITH"},{"data":"champ:IronFortress","floor":35.0,"key":"SMITH"},{"data":"champ:DefensiveStyle","floor":37.0,"key":"SMITH"},{"data":"champ:StanceDance","floor":39.0,"key":"SMITH"},{"data":"champ:FanOfKnives","floor":43.0,"key":"SMITH"}],"circlet_count":0,"master_deck":["champ:Strike","champ:Strike","champ:Strike","champ:Strike","champ:Defend","champ:Defend","champ:Defend","champ:Defend","champ:Execute+1","champ:Taunt+1","champ:Backstep","champ:GutPunch","champ:CalledShot+1","champ:IronFortress+1","champ:IronFortress+1","champ:FlashCut","champ:FanOfKnives+1","CurseOfTheBell","champ:StanceDance+1","champ:Riposte","champ:DefensiveStyle+1"],"relics":["champ:ChampionCrown","downfall:HeartsMalice","Snack Pack","ReplayTheSpireMod:Ring of Collecting","Ring of Fury","ReplayTheSpireMod:Ring of Challenge","Garlic","Calipers","Centennial Puzzle","infinitespire:BottledMercury","Ring of Fangs","hubris:Icosahedron","Calling Bell","hubris:TenFootPole","Mummified Hand","hubris:MedicalManual","infinitespire:Lychee Nut","ReplayTheSpireMod:Ring of Addiction","hubris:EmptyBottle","Chameleon Ring","infinitespire:CheckeredPen","MutagenicStrength","SacredBark","Frozen Egg 2","Ring of Hypnosis","Gremlin Food","Regal Pillow"],"acts_visited":["Exordium","TheCity","TheBeyond"],"potions_floor_usage":[46,46,48,49,50,50,50],"damage_taken":[{"damage":0.0,"enemies":"Gremlin Nob","floor":2.0,"turns":1.0},{"damage":0.0,"enemies":"Jaw Worm","floor":6.0,"turns":1.0},{"damage":0.0,"enemies":"3 Sentries","floor":8.0,"turns":1.0},{"damage":0.0,"enemies":"Small Slimes","floor":9.0,"turns":1.0},{"damage":38.0,"enemies":"Lagavulin","floor":10.0,"turns":9.0},{"damage":0.0,"enemies":"2 Louse","floor":13.0,"turns":2.0},{"damage":10.0,"enemies":"downfall:FleeingMerchant","floor":14.0,"turns":4.0},{"damage":2.0,"enemies":"Blue Slaver","floor":15.0,"turns":5.0},{"damage":20.0,"enemies":"downfall:Silent","floor":16.0,"turns":11.0},{"damage":10.0,"enemies":"Chosen","floor":19.0,"turns":5.0},{"damage":12.0,"enemies":"Book of Stabbing","floor":23.0,"turns":7.0},{"damage":8.0,"enemies":"Snake Plant","floor":25.0,"turns":5.0},{"damage":11.0,"enemies":"Snecko","floor":26.0,"turns":5.0},{"damage":29.0,"enemies":"Gremlin Leader","floor":27.0,"turns":9.0},{"damage":8.0,"enemies":"downfall:FleeingMerchant","floor":30.0,"turns":4.0},{"damage":6.0,"enemies":"Centurion and Healer","floor":31.0,"turns":7.0},{"damage":18.0,"enemies":"Snake Plant","floor":32.0,"turns":5.0},{"damage":23.0,"enemies":"downfall:Watcher","floor":33.0,"turns":7.0},{"damage":13.0,"enemies":"Giant Head","floor":38.0,"turns":7.0},{"damage":32.0,"enemies":"3 Darklings","floor":40.0,"turns":5.0},{"damage":0.0,"enemies":"Orb Walker","floor":42.0,"turns":4.0},{"damage":17.0,"enemies":"R_Hoarder","floor":44.0,"turns":7.0},{"damage":15.0,"enemies":"Maw","floor":45.0,"turns":9.0},{"damage":29,"enemies":"Transient","floor":46,"turns":5},{"damage":3,"enemies":"Jaw Worm Horde","floor":48,"turns":4},{"damage":27,"enemies":"Spire Growth","floor":49,"turns":4},{"damage":75,"enemies":"downfall:Defect","floor":50,"turns":10}],"seed_played":"6878330887116798964","potions_obtained":[{"floor":8.0,"key":"Explosive Potion"},{"floor":10.0,"key":"LifebloodPotion"},{"floor":15.0,"key":"Adrenaline Potion"},{"floor":16.0,"key":"PowerPotion"},{"floor":19.0,"key":"AttackPotion"},{"floor":24.0,"key":"sneckomod:MuddlingPotion"},{"floor":24.0,"key":"ColorlessPotion"},{"floor":24.0,"key":"champ:UltimateStancePotion"},{"floor":31.0,"key":"Elixir"},{"floor":32.0,"key":"Explosive Potion"},{"floor":33.0,"key":"Elixir"},{"floor":40.0,"key":"Swift Potion"},{"floor":42.0,"key":"Dexterity Potion"},{"floor":45.0,"key":"SneckoOil"},{"floor":46,"key":"PowerPotion"},{"floor":47,"key":"Adrenaline Potion"},{"floor":48,"key":"EssenceOfSteel"}],"is_trial":false,"path_per_floor":["R","E","R","?","R","M","T","E","M","E","T","?","M","$","M","B",null,"R","M","?","R","?","E","T","M","M","E","?","?","$","M","M","B",null,"R","?","R","E","R","M","T","M","R","E","M","M","?","M","M","B"],"character_chosen":"THE_CHAMP","items_purchased":["champ:IronFortress","champ:FlashCut","champ:DefensiveStyle"],"campfire_rested":0,"item_purchase_floors":[14,14,30],"current_hp_per_floor":[90,90,90,90,90,90,90,90,90,70,70,70,77,79,82,83,90,84,81,81,81,81,71,71,71,68,71,71,71,71,71,64,67,71,71,71,69,69,69,54,54,67,67,67,66,51,51,61,54,0,0],"gold":406,"neow_bonus":"THREE_ENEMY_KILL","is_daily":false,"chose_seed":false,"campfire_upgraded":7,"win_rate":0.0,"timestamp":1608118132,"path_taken":["R","E","R","?","R","M","T","E","M","E","?","?","M","$","M","BOSS","R","M","?","R","?","E","T","M","M","E","?","?","?","M","M","BOSS","R","?","R","E","R","M","T","M","R","E","?","?","?","?","M","BOSS"],"items_purchased_type":["Card","Card","Card"],"build_version":"2020-12-13","purchased_purges":1,"victory":false,"max_hp_per_floor":[90,90,90,90,90,90,90,90,90,90,90,90,90,90,90,90,90,95,95,95,95,95,71,71,71,71,71,71,71,71,71,71,71,71,71,71,69,69,69,69,69,67,67,67,67,67,67,67,67,67,67],"card_choices":[{"not_picked":["champ:GladiatorsShout","champ:MurderStrike","champ:SkillfulDodge"],"picked":"SKIP","floor":2.0},{"not_picked":["champ:ShieldWall","champ:ArenaPreparation"],"picked":"champ:Backstep","floor":6.0},{"not_picked":["champ:IronFortress","champ:Encircle"],"picked":"champ:GutPunch","floor":8.0},{"not_picked":["champ:CrookedStrike","champ:SkillfulDodge","champ:Backstep"],"picked":"SKIP","floor":9.0},{"not_picked":["champ:Backstep","champ:HeavySlash","champ:FightOn"],"picked":"SKIP","floor":10.0},{"not_picked":["champ:FocusedDefense","champ:CrookedStrike"],"picked":"champ:CalledShot","floor":13.0},{"not_picked":["champ:Backstep","champ:LastStand","champ:DeathBlow"],"picked":"SKIP","floor":14.0},{"not_picked":["champ:Haymaker","champ:RageSigil"],"picked":"champ:FanOfKnives","floor":15.0},{"not_picked":["champ:EnragedBash","champ:DefensiveShout","champ:ArenaPreparation"],"picked":"SKIP","floor":19.0},{"not_picked":["champ:VampiricStrike","champ:FocusedGladiator","champ:EnragedBash+1"],"picked":"SKIP","floor":23.0},{"not_picked":["champ:RisingSlash","champ:FanOfKnives"],"picked":"champ:StanceDance","floor":25.0},{"not_picked":["champ:Balance","champ:AdrenalArmor+1","champ:ArenaPreparation+1"],"picked":"SKIP","floor":26.0},{"not_picked":["champ:HeartStrike+1","champ:Haymaker"],"picked":"champ:Riposte","floor":27.0},{"not_picked":["champ:ShieldSigil+1","champ:Control","champ:Haymaker+1"],"picked":"SKIP","floor":30.0},{"not_picked":["champ:BerserkersShout+1","champ:CrookedStrike","champ:GladiatorsShout+1"],"picked":"SKIP","floor":31.0},{"not_picked":["champ:Circumvent+1","champ:RageSigil","champ:DefensiveStyle"],"picked":"SKIP","floor":32.0},{"not_picked":["champ:FocusedBerserking","champ:ShieldSigil+1","champ:Circumvent+1"],"picked":"SKIP","floor":38.0},{"not_picked":["champ:Haymaker","champ:DefensiveShout+1","champ:EnragedBash+1"],"picked":"SKIP","floor":40.0},{"not_picked":["champ:PerfectedStrike","champ:FocusedDefense+1","champ:DefensiveShout+1"],"picked":"SKIP","floor":42.0},{"not_picked":["champ:EnchantCrown","champ:EndlessRage+1","champ:Balance+1"],"picked":"SKIP","floor":44.0},{"not_picked":["champ:SwordSigil","champ:FlashCut+1","champ:BerserkersShout+1"],"picked":"SKIP","floor":45.0},{"not_picked":["champ:BladeFlurry","champ:Backstep+1","champ:FightOn"],"picked":"SKIP","floor":46},{"not_picked":["champ:FlashCut","champ:AdrenalArmor","champ:Aggression"],"picked":"SKIP","floor":48},{"not_picked":["champ:FocusedDefense+1","champ:ShieldSigil","champ:CrookedStrike+1"],"picked":"SKIP","floor":49}],"player_experience":890957,"relics_obtained":[{"floor":2.0,"key":"Snack Pack"},{"floor":4.0,"key":"ReplayTheSpireMod:Ring of Collecting"},{"floor":4.0,"key":"Ring of Fury"},{"floor":7.0,"key":"ReplayTheSpireMod:Ring of Challenge"},{"floor":7.0,"key":"Garlic"},{"floor":8.0,"key":"Calipers"},{"floor":10.0,"key":"Centennial Puzzle"},{"floor":11.0,"key":"infinitespire:BottledMercury"},{"floor":11.0,"key":"Ring of Fangs"},{"floor":17.0,"key":"hubris:TenFootPole"},{"floor":17.0,"key":"Mummified Hand"},{"floor":17.0,"key":"hubris:MedicalManual"},{"floor":23.0,"key":"infinitespire:Lychee Nut"},{"floor":24.0,"key":"ReplayTheSpireMod:Ring of Addiction"},{"floor":24.0,"key":"hubris:EmptyBottle"},{"floor":24.0,"key":"Chameleon Ring"},{"floor":27.0,"key":"infinitespire:CheckeredPen"},{"floor":38.0,"key":"Frozen Egg 2"},{"floor":41.0,"key":"Ring of Hypnosis"},{"floor":41.0,"key":"Gremlin Food"},{"floor":44.0,"key":"Regal Pillow"}],"event_choices":[{"damage_healed":0.0,"max_hp_gain":0.0,"max_hp_loss":0.0,"gold_gain":0.0,"event_name":"Ghosts","player_choice":"Ignored","floor":20.0,"gold_loss":0.0,"damage_taken":0.0},{"damage_healed":0.0,"max_hp_gain":0.0,"max_hp_loss":0.0,"gold_gain":0.0,"event_name":"Drug Dealer","player_choice":"Inject Mutagens","floor":28.0,"gold_loss":0.0,"damage_taken":0.0,"relics_obtained":["MutagenicStrength"]},{"damage_healed":0.0,"max_hp_gain":0.0,"max_hp_loss":0.0,"gold_gain":0.0,"event_name":"Duplicator","player_choice":"Ignored","floor":36.0,"gold_loss":0.0,"damage_taken":0.0},{"damage_healed":0,"gold_gain":0,"player_choice":"Got Potions","damage_taken":0,"max_hp_gain":0,"max_hp_loss":0,"event_name":"Lab","floor":47,"gold_loss":0}],"is_beta":false,"boss_relics":[{"not_picked":["Replay:Ancient Bell","Tiny House"],"picked":"Calling Bell"},{"not_picked":["hubris:Backtick","Kintsugi"],"picked":"SacredBark"}],"items_purged_floors":[30],"is_endless":false,"potions_floor_spawned":[8,10,15,16,19,27,31,32,33,40,42,45,46,48],"killed_by":"downfall:Defect","ascension_level":1}}