{"host":"otf1z5955ddlv5pq","time":1608104408,"event":{"mods":["BaseMod","Beaked The Cultist","Better Altar","Better Match","Better Note","Better Sensory Stone","Better Skull","Better Third Choice","Colored Map","Colored Powertips","Downfall","Minty Spire (QoL Compilation)","Rare Cards Sparkle","Replay The Spire","StSLib"],"gold_per_floor":[114,137,16,16,26,26,57,57,84,94,108,108,128,128,128,228,228,246,246,264,282,182,182,211,248,271,275,275],"floor_reached":27,"playtime":2337,"items_purged":["Defend_G","Strike_G"],"score":291,"play_id":"bbe858b3-b228-4e68-b714-b0dd2afe31f2","local_time":"20201215234008","is_ascension_mode":true,"campfire_choices":[{"data":"Dodge and Roll","floor":6,"key":"SMITH"},{"data":"Neutralize","floor":8,"key":"SMITH"},{"floor":15,"key":"REST"},{"data":"Replay:Bag of Tricks","floor":23,"key":"SMITH"}],"circlet_count":0,"master_deck":["Strike_G","Strike_G+1","Strike_G+1","Strike_G","Defend_G","Defend_G+1","Defend_G","Defend_G","Survivor+1","Neutralize+1","Dodge and Roll+1","Cloak And Dagger+1","Blade Dance","Accuracy","Blade Dance","Replay:Bag of Tricks+1","Cloak And Dagger","Escape Plan","Fluid Movement"],"relics":["Ring of the Snake","Replay:Mystery Machine","Omamori","Blood Vial","Replay:Bandana","Vajra"],"acts_visited":["Exordium","TheCity"],"potions_floor_usage":[16,24,27],"damage_taken":[{"damage":6,"enemies":"Cultist","floor":1,"turns":5},{"damage":0,"enemies":"Jaw Worm","floor":5,"turns":3},{"damage":12,"enemies":"Replay:BlueRogue","floor":7,"turns":13},{"damage":0,"enemies":"Small Slimes","floor":10,"turns":4},{"damage":0,"enemies":"Red Slaver","floor":11,"turns":3},{"damage":0,"enemies":"Looter","floor":13,"turns":3},{"damage":5,"enemies":"Hexaghost","floor":16,"turns":11},{"damage":0,"enemies":"3 Byrds","floor":18,"turns":5},{"damage":1,"enemies":"Shell Parasite","floor":20,"turns":6},{"damage":3,"enemies":"Centurion and Healer","floor":21,"turns":6},{"damage":31,"enemies":"Slavers","floor":24,"turns":8},{"damage":8,"enemies":"Cultist and Chosen","floor":25,"turns":6},{"damage":36,"enemies":"Replay:Snechameleon","floor":27,"turns":6}],"seed_played":"-7655324581854052385","potions_obtained":[{"floor":5,"key":"Doom Potion"},{"floor":10,"key":"Block Potion"},{"floor":21,"key":"SneckoOil"},{"floor":25,"key":"Strength Potion"}],"is_trial":false,"path_per_floor":["M","T","$","?","M","R","E","R","T","M","M","?","M","?","R","B",null,"M","?","M","M","$","R","E","M","T","E"],"character_chosen":"THE_SILENT","items_purchased":["Cloak And Dagger"],"campfire_rested":1,"item_purchase_floors":[3],"current_hp_per_floor":[64,64,64,64,64,64,52,52,52,54,56,56,58,44,65,62,68,70,70,69,67,67,67,38,32,32,0,0],"gold":275,"neow_bonus":"UPGRADE_CARD","is_daily":false,"chose_seed":false,"campfire_upgraded":3,"win_rate":0.0,"timestamp":1608104408,"path_taken":["M","?","$","?","M","R","E","R","T","M","M","?","?","?","R","BOSS","M","?","M","M","$","R","E","M","T","E"],"items_purchased_type":["Card"],"build_version":"2020-12-13","purchased_purges":2,"victory":false,"max_hp_per_floor":[70,70,70,70,70,70,70,70,70,70,70,70,70,70,70,70,70,70,70,70,70,70,70,70,70,70,70,70],"card_choices":[{"not_picked":["Skewer","Dagger Spray"],"picked":"Dodge and Roll","floor":1},{"not_picked":["Dodge and Roll","Flying Knee"],"picked":"Blade Dance","floor":5},{"not_picked":["Catalyst","Tactician"],"picked":"Accuracy","floor":7},{"not_picked":["Flying Knee","Backflip","ReplayTheSpireMod:The Works"],"picked":"SKIP","floor":10},{"not_picked":["ReplayTheSpireMod:Exploit Weakness","Dagger Spray","ReplayTheSpireMod:Tripwire"],"picked":"SKIP","floor":11},{"not_picked":["Bane","Replay:Poison Smokescreen"],"picked":"Blade Dance","floor":13},{"not_picked":["Malaise","Phantasmal Killer"],"picked":"Replay:Bag of Tricks","floor":16},{"not_picked":["Outmaneuver","Expertise","Prepared"],"picked":"SKIP","floor":18},{"not_picked":["PiercingWail+1","Acrobatics+1","Expertise"],"picked":"SKIP","floor":20},{"not_picked":["Blur","Quick Slash+1","Concentrate"],"picked":"SKIP","floor":21},{"not_picked":["Dodge and Roll","Cloak And Dagger"],"picked":"Escape Plan","floor":24},{"not_picked":["Dodge and Roll","Deadly Poison+1"],"picked":"Fluid Movement","floor":25}],"player_experience":914573,"relics_obtained":[{"floor":2,"key":"Replay:Mystery Machine"},{"floor":7,"key":"Omamori"},{"floor":9,"key":"Blood Vial"},{"floor":24,"key":"Replay:Bandana"},{"floor":26,"key":"Vajra"}],"event_choices":[{"damage_healed":0,"gold_gain":0,"player_choice":"Forge","damage_taken":0,"max_hp_gain":0,"max_hp_loss":0,"event_name":"Accursed Blacksmith","floor":12,"gold_loss":0,"cards_upgraded":["Cloak And Dagger"]},{"damage_healed":58,"gold_gain":0,"player_choice":"Upgrade","damage_taken":14,"max_hp_gain":0,"max_hp_loss":70,"event_name":"betterThird:BetterShining","floor":14,"gold_loss":0,"cards_upgraded":["Strike_G","Strike_G"]},{"damage_healed":0,"gold_gain":0,"player_choice":"Read","damage_taken":0,"max_hp_gain":0,"max_hp_loss":0,"event_name":"The Library","floor":19,"gold_loss":0,"cards_obtained":["Cloak And Dagger"]}],"is_beta":false,"boss_relics":[{"not_picked":["Snecko Scales","ReplayTheSpireMod:DimensionalGlitch","Ectoplasm"]}],"items_purged_floors":[3,22],"is_endless":false,"potions_floor_spawned":[5,10,21,25],"killed_by":"Replay:Snechameleon","ascension_level":5}}