{"host":"6xsbn6ynqlzwllfm","time":1608089772,"event":{"mods":["2.2 Compatiblity","BaseMod","Bestiary","Colored Map","Colored Powertips","Downfall","Googly Eyes","Highlight Path","Minty Spire (QoL Compilation)","Relic Stats","Slay the Relics Exporter","StSLib"],"gold_per_floor":[12,12,33,48,48,48,88,103,103,103,139,159,183,207,207,335,335,353,28,28,28,47,47,66,82,82,82,82],"floor_reached":27,"playtime":1368,"items_purged":[],"score":329,"play_id":"6d1b51a5-2802-439d-b688-dcb55f8533df","local_time":"20201215223612","is_ascension_mode":true,"campfire_choices":[{"data":"Guardian:TwinSlam","floor":6,"key":"SMITH"},{"data":"Guardian:VentSteam","floor":10,"key":"SMITH"},{"data":"Guardian:PolyBeam","floor":15,"key":"SMITH"},{"data":"Guardian:ShieldSpikes","floor":23,"key":"SMITH"}],"circlet_count":0,"master_deck":["Guardian:Strike_Guardian","Guardian:Strike_Guardian","Guardian:Strike_Guardian","Guardian:Defend_Guardian","Guardian:Defend_Guardian","Guardian:Defend_Guardian","Guardian:Defend_Guardian","Guardian:CurlUp","Guardian:TwinSlam+1","Guardian:GemFire","Guardian:Preprogram","Guardian:EvasiveProtocol+1","Guardian:VentSteam+1","Guardian:PolyBeam+1","Guardian:TimeCapacitor+1","Guardian:ShieldCharger","Guardian:StasisEngine+1","Guardian:Recover","Guardian:ShieldSpikes+1","Guardian:Gem_White","Guardian:Gem_Green"],"relics":["Guardian:ModeShifter","Golden Idol","Frozen Egg 2","Mummified Hand","Mercury Hourglass","Guardian:StasisSlotReductionRelic","Letter Opener","Torii"],"acts_visited":["Exordium","TheCity"],"potions_floor_usage":[7,16,25,27],"damage_taken":[{"damage":1,"enemies":"2 Louse","floor":1,"turns":3},{"damage":1,"enemies":"Small Slimes","floor":3,"turns":4},{"damage":4,"enemies":"Cultist","floor":4,"turns":5},{"damage":23,"enemies":"Gremlin Nob","floor":7,"turns":4},{"damage":0,"enemies":"Red Slaver","floor":8,"turns":3},{"damage":10,"enemies":"Lagavulin","floor":11,"turns":7},{"damage":1,"enemies":"Looter","floor":12,"turns":2},{"damage":0,"enemies":"Large Slime","floor":13,"turns":4},{"damage":11,"enemies":"Lots of Slimes","floor":14,"turns":2},{"damage":34,"enemies":"Slime Boss","floor":16,"turns":9},{"damage":13,"enemies":"3 Byrds","floor":18,"turns":3},{"damage":0,"enemies":"Chosen","floor":22,"turns":3},{"damage":10,"enemies":"Centurion and Healer","floor":24,"turns":6},{"damage":0,"enemies":"Sentry and Sphere","floor":25,"turns":3},{"damage":55,"enemies":"Gremlin Leader","floor":27,"turns":7}],"seed_played":"2091351509755322414","potions_obtained":[{"floor":3,"key":"FearPotion"},{"floor":11,"key":"sneckomod:MuddlingPotion"},{"floor":14,"key":"hexamod:EctoCoolerPotion"},{"floor":16,"key":"DuplicationPotion"},{"floor":18,"key":"Swift Potion"}],"is_trial":false,"path_per_floor":["M","?","M","M","?","R","E","M","T","R","E","M","M","M","R","B",null,"M","$","?","?","M","R","M","M","T","E"],"character_chosen":"GUARDIAN","items_purchased":["Letter Opener","Guardian:Gem_Purple"],"campfire_rested":0,"item_purchase_floors":[19,19],"current_hp_per_floor":[87,87,86,82,82,82,59,59,59,59,49,48,48,37,37,3,68,55,55,55,55,55,55,45,45,45,0,0],"gold":82,"neow_bonus":"TWENTY_PERCENT_HP_BONUS","is_daily":false,"chose_seed":false,"campfire_upgraded":4,"win_rate":0.0,"timestamp":1608089772,"path_taken":["M","?","M","M","?","R","E","M","T","R","E","M","?","M","R","BOSS","M","$","?","?","M","R","?","M","T","E"],"items_purchased_type":["Relic","Card"],"build_version":"2020-12-13","purchased_purges":0,"victory":false,"max_hp_per_floor":[96,89,89,89,89,89,89,89,89,89,89,89,89,89,89,89,89,89,89,89,89,89,89,89,89,89,89,89],"relic_stats":{"Torii":0,"counters":[15,65],"Golden Idol":80,"Mummified Hand":[19],"Letter Opener":[90],"obtain_stats":[{"Guardian:StasisSlotReductionRelic":17,"Torii":26,"Golden Idol":2,"Mummified Hand":9,"Guardian:ModeShifter":0,"Letter Opener":19,"Frozen Egg 2":7,"Mercury Hourglass":11},{"Guardian:StasisSlotReductionRelic":10,"Torii":14,"Golden Idol":1,"Mummified Hand":5,"Guardian:ModeShifter":0,"Letter Opener":11,"Frozen Egg 2":4,"Mercury Hourglass":6},{"Guardian:StasisSlotReductionRelic":43,"Torii":58,"Golden Idol":3,"Mummified Hand":19,"Guardian:ModeShifter":0,"Letter Opener":46,"Frozen Egg 2":16,"Mercury Hourglass":26}],"Mercury Hourglass":[197]},"card_choices":[{"not_picked":["Guardian:ShieldCharger","Guardian:TemporalShield"],"picked":"Guardian:Gem_Red","floor":1},{"not_picked":["Guardian:Gem_Lightblue","Guardian:CrystalBeam"],"picked":"Guardian:GemFire","floor":3},{"not_picked":["Guardian:GuardianWhirl","Guardian:VentSteam"],"picked":"Guardian:Preprogram","floor":4},{"not_picked":["Guardian:PiercingHide","Guardian:DecasProtection"],"picked":"Guardian:EvasiveProtocol+1","floor":7},{"not_picked":["Guardian:Preprogram","Guardian:PiercingHide"],"picked":"Guardian:VentSteam","floor":8},{"not_picked":["Guardian:TemporalStrike","Guardian:Gem_Green"],"picked":"Guardian:PolyBeam","floor":11},{"not_picked":["Guardian:ShieldCharger","Guardian:TemporalShield"],"picked":"Guardian:TimeCapacitor+1","floor":12},{"not_picked":["Guardian:TemporalShield","Guardian:RollAttack"],"picked":"Guardian:ShieldCharger","floor":13},{"not_picked":["Guardian:Gem_Lightblue","Guardian:Suspension"],"picked":"Guardian:Gem_Red","floor":14},{"not_picked":["Guardian:HyperBeam_Guardian","Guardian:Gem_Orange"],"picked":"Guardian:StasisEngine+1","floor":16},{"not_picked":["Guardian:Suspension+1","Guardian:PrismaticBeam+1"],"picked":"Guardian:Recover","floor":18},{"not_picked":["Guardian:TemporalStrike","Guardian:WalkerClaw"],"picked":"Guardian:ShieldSpikes","floor":22},{"not_picked":["Guardian:ChargeUp","Guardian:Gem_Lightblue"],"picked":"Guardian:Gem_White","floor":24},{"not_picked":["Guardian:TemporalShield","Guardian:PrismaticBarrier"],"picked":"Guardian:Gem_Green","floor":25}],"player_experience":1190929,"relics_obtained":[{"floor":7,"key":"Frozen Egg 2"},{"floor":9,"key":"Mummified Hand"},{"floor":11,"key":"Mercury Hourglass"},{"floor":26,"key":"Torii"}],"event_choices":[{"damage_healed":0,"gold_gain":0,"player_choice":"Lose Max HP","damage_taken":0,"relics_obtained":["Golden Idol"],"max_hp_gain":0,"max_hp_loss":7,"event_name":"Golden Idol","floor":2,"gold_loss":0},{"cards_removed":["Guardian:Strike_Guardian"],"damage_healed":0,"gold_gain":0,"player_choice":"Offered Basic","damage_taken":0,"max_hp_gain":0,"max_hp_loss":0,"event_name":"Bonfire Elementals","floor":5,"gold_loss":0},{"damage_healed":0,"gold_gain":0,"player_choice":"1 cards matched","damage_taken":0,"max_hp_gain":0,"max_hp_loss":0,"event_name":"Match and Keep!","floor":21,"gold_loss":0,"cards_obtained":["Guardian:Gem_Red"]}],"is_beta":false,"boss_relics":[{"not_picked":["Black Star","Philosopher\u0027s Stone"],"picked":"Guardian:StasisSlotReductionRelic"}],"items_purged_floors":[],"is_endless":false,"potions_floor_spawned":[3,11,14,16,18,24],"killed_by":"Gremlin Leader","ascension_level":9}}