{"host":"56r0xio184xezcbq","time":1608152240,"event":{"mods":["2.2 Compatiblity","BaseMod","Bestiary","Better Third Choice","Colored Powertips","Conspire","Downfall","GifTheSpireLib","Minty Spire (QoL Compilation)","Relic Stats","Replay The Spire","Shop Mod","Spicy Shops","StSLib","The Blue Laboratory","Thieving Mod"],"gold_per_floor":[369,26,39,39,49,49,61,93,93,108,33,47,59,59,59,159,159,173,186,93,93,104,104,124,124,175,175,195,17,17,36,36,141,141,157,173,173,173],"floor_reached":37,"playtime":1653,"items_purged":["Strike_R+1"],"score":425,"play_id":"f2ecde46-c576-4394-8b9a-290d7b8c0ed9","local_time":"20201216145720","is_ascension_mode":false,"campfire_choices":[{"data":"Bash","floor":6,"key":"SMITH"},{"floor":15,"key":"REST"},{"floor":23,"key":"REST"},{"floor":25,"key":"REST"},{"floor":30,"key":"REST"},{"floor":32,"key":"REST"}],"circlet_count":0,"master_deck":["Strike_R+1","Strike_R+1","Strike_R+1","Strike_R+1","Defend_R+1","Defend_R+1","Defend_R+1","Defend_R+1","Bash+1","Fire Breathing+1","Flame Barrier+1","Flex","Armaments+1","Run Through","conspire:HitWhereItHurts","Fiend Fire","Heavy Blade","Slimebound:Icky","Replay:SS_forest_2","True Grit","Writhe","Replay:SS_forest_2+1","Shrug It Off+1","Limit Break","ReplayTheSpireMod:Muscle Training+1","Sword Boomerang+1"],"relics":["Burning Blood","Replay:Bottled Flurry","Pet Ghost","Mummified Hand","conspire:Flyswatter","conspire:SpecialSausage","ReplayTheSpireMod:CursedCoin","MerchantsRug","Gremlin Food","Dream Catcher","SacredBark"],"acts_visited":["Exordium","TheCity","TheBeyond"],"potions_floor_usage":[8,12,12,16,28,33,35,35],"damage_taken":[{"damage":4,"enemies":"conspire:RoseBush","floor":1,"turns":3},{"damage":9,"enemies":"Cultist","floor":3,"turns":4},{"damage":1,"enemies":"Jaw Worm","floor":5,"turns":4},{"damage":19,"enemies":"Exordium Thugs","floor":7,"turns":5},{"damage":32,"enemies":"Lagavulin","floor":8,"turns":7},{"damage":7,"enemies":"2 Fungi Beasts","floor":10,"turns":3},{"damage":13,"enemies":"Exordium Wildlife","floor":12,"turns":4},{"damage":7,"enemies":"3 Louse","floor":13,"turns":3},{"damage":39,"enemies":"Fading Forest","floor":16,"turns":11},{"damage":0,"enemies":"Spheric Guardian","floor":18,"turns":2},{"damage":38,"enemies":"3 Byrds","floor":19,"turns":7},{"damage":19,"enemies":"Shelled Parasite and Fungi","floor":22,"turns":4},{"damage":11,"enemies":"Cultist and Chosen","floor":24,"turns":6},{"damage":25,"enemies":"Snake Plant","floor":28,"turns":5},{"damage":4,"enemies":"Snecko","floor":31,"turns":4},{"damage":46,"enemies":"Collector","floor":33,"turns":13},{"damage":22,"enemies":"3 Darklings","floor":35,"turns":6},{"damage":22,"enemies":"Orb Walker","floor":36,"turns":5},{"damage":85,"enemies":"Transient","floor":37,"turns":5}],"seed_played":"-3071246680464701619","potions_obtained":[{"floor":1,"key":"blueLaboratory:NullPotion"},{"floor":3,"key":"Swift Potion"},{"floor":4,"key":"CultistPotion"},{"floor":4,"key":"Adrenaline Potion"},{"floor":10,"key":"AttackPotion"},{"floor":16,"key":"blueLaboratory:LouseDecoction"},{"floor":19,"key":"blueLaboratory:LouseDecoction"},{"floor":24,"key":"CultistPotion"},{"floor":28,"key":"blueLaboratory:BottleOfVodka"}],"is_trial":false,"path_per_floor":["M","$","M","?","M","R","M","E","T","M","$","M","M","T","R","B",null,"M","M","$","?","M","R","M","R","T","?","M","$","R","M","R","B",null,"M","M","M"],"character_chosen":"IRONCLAD","items_purchased":["Replay:Bottled Flurry","Flame Barrier+1","Guide Book","ReplayTheSpireMod:CursedCoin","MerchantsRug","Replay:SS_forest_2","True Grit","Replay:SS_forest_2","Dream Catcher"],"campfire_rested":5,"item_purchase_floors":[2,2,2,20,20,20,20,29,29],"current_hp_per_floor":[72,72,69,69,72,72,59,33,33,32,32,25,24,24,45,32,72,72,40,40,40,27,48,43,64,64,64,45,45,66,68,72,32,72,56,40,0,0],"gold":173,"neow_bonus":"TWO_FIFTY_GOLD","is_daily":false,"chose_seed":false,"campfire_upgraded":1,"win_rate":0.0,"timestamp":1608152240,"path_taken":["M","$","M","?","M","R","M","E","T","?","$","M","M","?","R","BOSS","M","M","$","?","M","R","M","R","T","?","M","?","R","M","R","BOSS","M","M","M"],"items_purchased_type":["Relic","Card","Relic","Relic","Relic","Card","Card","Card","Relic"],"build_version":"2020-12-13","purchased_purges":1,"victory":false,"max_hp_per_floor":[72,72,72,72,72,72,72,72,72,72,72,72,72,72,72,72,72,72,72,72,72,72,72,72,72,72,72,72,72,72,72,72,72,72,72,72,72,72],"relic_stats":{"Dream Catcher":2,"counters":[19,101],"Mummified Hand":[27],"obtain_stats":[{"Gremlin Food":26,"MerchantsRug":20,"ReplayTheSpireMod:CursedCoin":20,"Guide Book":2,"SacredBark":34,"conspire:SpecialSausage":17,"Burning Blood":0,"Pet Ghost":8,"Pondfish Scales":21,"Dream Catcher":29,"Mummified Hand":9,"Replay:Bottled Flurry":2,"conspire:Flyswatter":14},{"Gremlin Food":13,"MerchantsRug":11,"ReplayTheSpireMod:CursedCoin":11,"Guide Book":1,"SacredBark":16,"conspire:SpecialSausage":9,"Burning Blood":0,"Pet Ghost":5,"Pondfish Scales":11,"Dream Catcher":14,"Mummified Hand":5,"Replay:Bottled Flurry":1,"conspire:Flyswatter":8},{"Gremlin Food":63,"MerchantsRug":53,"ReplayTheSpireMod:CursedCoin":53,"Guide Book":3,"SacredBark":85,"conspire:SpecialSausage":44,"Burning Blood":0,"Pet Ghost":23,"Pondfish Scales":53,"Dream Catcher":68,"Mummified Hand":23,"Replay:Bottled Flurry":3,"conspire:Flyswatter":33}],"Burning Blood":98},"card_choices":[{"not_picked":["Inflame","Feel No Pain"],"picked":"Fire Breathing","floor":1},{"not_picked":["Rupture","Seeing Red"],"picked":"Flex","floor":3},{"not_picked":["Uppercut","True Grit"],"picked":"Armaments","floor":5},{"not_picked":["Pummel","Perfected Strike","Burning Pact"],"picked":"SKIP","floor":7},{"not_picked":["Dark Embrace","Flex"],"picked":"Run Through","floor":8},{"not_picked":["ReplayTheSpireMod:Strike From Hell","Sword Boomerang"],"picked":"conspire:HitWhereItHurts","floor":10},{"not_picked":["Flex","True Grit","Warcry"],"picked":"SKIP","floor":12},{"not_picked":["Headbutt","Heavy Blade","Flex"],"picked":"SKIP","floor":13},{"not_picked":["Double Tap","Demonic Infusion"],"picked":"Fiend Fire","floor":16},{"not_picked":["Warcry+1","ReplayReversal"],"picked":"Heavy Blade","floor":18},{"not_picked":["Warcry","Pummel","Anger"],"picked":"SKIP","floor":19},{"not_picked":["Entrench","Iron Wave","Heavy Blade"],"picked":"SKIP","floor":22},{"not_picked":["Heavy Blade+1","conspire:Purge","ReplayReversal"],"picked":"SKIP","floor":24},{"not_picked":["ReplayReversal","Pommel Strike","Flex"],"picked":"SKIP","floor":28},{"not_picked":["Clothesline","Run Through+1"],"picked":"Shrug It Off+1","floor":30},{"not_picked":["Carnage","ReplayTheSpireMod:Strike From Hell+1","Clash"],"picked":"SKIP","floor":31},{"not_picked":["Replay:Many Hands","Eclipse"],"picked":"Limit Break","floor":33},{"not_picked":["Pommel Strike","Twin Strike+1"],"picked":"ReplayTheSpireMod:Muscle Training+1","floor":35},{"not_picked":["Cleave","Body Slam+1"],"picked":"Sword Boomerang+1","floor":36}],"player_experience":18351,"relics_obtained":[{"floor":8,"key":"Pet Ghost"},{"floor":9,"key":"Mummified Hand"},{"floor":14,"key":"conspire:Flyswatter"},{"floor":26,"key":"Gremlin Food"}],"event_choices":[{"damage_healed":0,"gold_gain":0,"player_choice":"Got Potions","damage_taken":0,"max_hp_gain":0,"max_hp_loss":0,"event_name":"Lab","floor":4,"gold_loss":0},{"damage_healed":0,"gold_gain":0,"player_choice":"Opened","damage_taken":0,"relics_obtained":["Pondfish Scales"],"max_hp_gain":0,"max_hp_loss":0,"event_name":"The Mausoleum","floor":21,"gold_loss":0,"cards_obtained":["Writhe"]},{"damage_healed":0,"gold_gain":0,"player_choice":"Simplicity","damage_taken":0,"max_hp_gain":0,"max_hp_loss":8,"event_name":"betterThird:BetterWriting","floor":27,"gold_loss":0}],"is_beta":false,"boss_relics":[{"not_picked":["Ectoplasm","Runic Dome"],"picked":"conspire:SpecialSausage"},{"not_picked":["Ooze Armor","Replay:Drink Me"],"picked":"SacredBark"}],"items_purged_floors":[11],"is_endless":false,"potions_floor_spawned":[1,3,10,16,19,24,28],"killed_by":"Transient","ascension_level":0}}