{"host":"zjpedncu52gty2eg","time":1608106058,"event":{"mods":["AchievementEnabler","BaseMod","Colored Powertips","Minty Spire (QoL Compilation)","Quick Restart","StSLib"],"gold_per_floor":[113,113,133,23,38,38,66,66,66,66,99,113,131,131,131,131,131],"floor_reached":16,"playtime":666,"items_purged":["Defend_R"],"score":152,"play_id":"f23ad9ae-d956-4980-a6a6-c9a4ad14bd6f","local_time":"20201216010738","is_ascension_mode":true,"campfire_choices":[{"data":"Seeing Red","floor":6,"key":"SMITH"},{"floor":8,"key":"REST"},{"data":"Intimidate","floor":10,"key":"SMITH"},{"floor":15,"key":"REST"}],"circlet_count":0,"master_deck":["Strike_R","Strike_R","Strike_R","Strike_R","Strike_R","Defend_R","Defend_R","Bash","Seeing Red+1","Intimidate+1","Brutality","Heavy Blade"],"relics":["Burning Blood","Blue Candle","Darkstone Periapt","StoneCalendar","PreservedInsect"],"acts_visited":["Exordium"],"potions_floor_usage":[7,13,16],"damage_taken":[{"damage":7,"enemies":"Jaw Worm","floor":1,"turns":3},{"damage":1,"enemies":"Cultist","floor":3,"turns":3},{"damage":10,"enemies":"Small Slimes","floor":5,"turns":3},{"damage":32,"enemies":"Gremlin Nob","floor":7,"turns":4},{"damage":30,"enemies":"3 Sentries","floor":11,"turns":9},{"damage":36,"enemies":"Gremlin Gang","floor":12,"turns":5},{"damage":15,"enemies":"Exordium Thugs","floor":13,"turns":4},{"damage":46,"enemies":"The Guardian","floor":16,"turns":5}],"seed_played":"313930862209994132","potions_obtained":[{"floor":1,"key":"SteroidPotion"},{"floor":3,"key":"HeartOfIron"},{"floor":13,"key":"FearPotion"}],"is_trial":false,"path_per_floor":["M","?","M","$","M","R","E","R","T","R","E","M","M","T","R","B"],"character_chosen":"IRONCLAD","items_purchased":["Intimidate"],"campfire_rested":2,"item_purchase_floors":[4],"current_hp_per_floor":[71,71,76,76,72,72,46,74,74,74,50,20,11,11,39,0,0],"gold":131,"neow_bonus":"TWENTY_PERCENT_HP_BONUS","is_daily":false,"chose_seed":false,"campfire_upgraded":2,"win_rate":0.0,"timestamp":1608106058,"path_taken":["M","?","?","$","M","R","E","R","T","R","E","M","?","?","R","BOSS"],"items_purchased_type":["Card"],"build_version":"2020-12-13","purchased_purges":1,"victory":false,"max_hp_per_floor":[96,96,96,96,96,96,96,96,96,96,96,96,96,96,96,96,96],"card_choices":[{"not_picked":["Searing Blow","Shrug It Off","Thunderclap"],"picked":"SKIP","floor":1},{"not_picked":["Iron Wave","Body Slam"],"picked":"Seeing Red","floor":3},{"not_picked":["Fire Breathing","Thunderclap","Sword Boomerang"],"picked":"SKIP","floor":5},{"not_picked":["Sword Boomerang","Carnage","Warcry"],"picked":"SKIP","floor":7},{"not_picked":["Sword Boomerang","Cleave"],"picked":"Brutality","floor":11},{"not_picked":["Anger","Warcry"],"picked":"Heavy Blade","floor":12},{"not_picked":["Wild Strike","Evolve","Sword Boomerang"],"picked":"SKIP","floor":13}],"player_experience":159760,"relics_obtained":[{"floor":7,"key":"Blue Candle"},{"floor":9,"key":"Darkstone Periapt"},{"floor":11,"key":"StoneCalendar"},{"floor":14,"key":"PreservedInsect"}],"event_choices":[{"cards_removed":["Defend_R"],"damage_healed":0,"gold_gain":0,"player_choice":"Offered Basic","damage_taken":0,"max_hp_gain":0,"max_hp_loss":0,"event_name":"Bonfire Elementals","floor":2,"gold_loss":0}],"is_beta":false,"boss_relics":[],"items_purged_floors":[4],"is_endless":false,"potions_floor_spawned":[1,3,13],"killed_by":"The Guardian","ascension_level":3}}