{"host":"ifd7sfhtlbe34qll","time":1608152529,"event":{"mods":["2.2 Compatiblity","BaseMod","Block Reminder","Colored Map","Downfall","Highlight Path","Minty Spire (QoL Compilation)","Potion Indicator Mod","Quick Restart","Random Character Button","Relic Stats","StSLib"],"gold_per_floor":[0,14,14,44,56,90,90,117,137,62,80,98,43,54,64,167,167,92,105,105,116,116,129,129,161,161,195,209,209,36,136,154,256,256,256,155,170,95,130,210,278,278,330,362,380,119,131,131,149,149,149,178,31,31,31],"floor_reached":56,"playtime":4103,"items_purged":["Slimebound:Tackle"],"score":1671,"play_id":"172a539b-198d-4817-85f1-d28df9864bde","local_time":"20201216150209","is_ascension_mode":true,"campfire_choices":[{"data":"Slimebound:Split","floor":1.0,"key":"SMITH"},{"data":"Slimebound:LeadByExample","floor":10.0,"key":"SMITH"},{"data":"Slimebound:CorrosiveSpit","floor":18.0,"key":"SMITH"},{"data":"Slimebound:Equalize","floor":20.0,"key":"SMITH"},{"data":"Slimebound:SplitSpecialist","floor":22.0,"key":"SMITH"},{"data":"Slimebound:SlimeBarrage","floor":26.0,"key":"SMITH"},{"floor":35.0,"key":"RECALL"},{"data":"Slimebound:WasteNot","floor":38.0,"key":"SMITH"},{"data":"Slimebound:MinionMaster","floor":42.0,"key":"SMITH"},{"data":"Slimebound:SplitSpecialist","floor":54,"key":"SMITH"}],"circlet_count":0,"master_deck":["Slimebound:Defend_Slimebound","Slimebound:Defend_Slimebound","Slimebound:Defend_Slimebound","Slimebound:Defend_Slimebound","Slimebound:Split+1","Slimebound:CorrosiveSpit+1","Slimebound:SplitLeeching","Slimebound:WasteNot+1","Slimebound:SlimeBarrage+1","Slimebound:Equalize+1","Slimebound:LeechingTouch+1","Slimebound:LeadByExample+1","Slimebound:ItLooksTasty","Slimebound:SlimeBarrage+1","Slimebound:ItLooksTasty+1","Slimebound:LeadByExample+1","Slimebound:SplitSpecialist+1","Slimebound:LevelUp","Slimebound:SlimeBrawl","Slimebound:OozeBath","Slimebound:SplitMire","Slimebound:SlimeBrawl","Slimebound:GrowthPunch+1","Slimebound:Dissolve","Slimebound:RejuvenatingLick+1","Slimebound:LevelUp+1","Slimebound:SplitSpecialist+1","Slimebound:Recollect","Slimebound:GrowthPunch","J.A.X.","Slimebound:Replication+1","Slimebound:SlimeBrawl","Slimebound:WasteNot+1","Slimebound:SamplingLick+1","Slimebound:MinionMaster+1","Slimebound:ProtectTheBoss+1","Slimebound:LevelUp+1","Slimebound:MinionMaster+1","expansioncontent:DashGenerateEvil+1","Slimebound:LeechingTouch+1","Slimebound:AcidTongue"],"relics":["Slimebound:AbsorbEndCombat","Pear","Tiny Chest","Mummified Hand","downfall:HeartBlessingBlue","Coffee Dripper","downfall:HeartBlessingGreen","Matryoshka","champ:DuelingGlove","The Courier","champ:Barbells","MutagenicStrength","SlaversCollar","Bird Faced Urn","Art of War","downfall:HeartBlessingRed","Whetstone","Happy Flower","InkBottle","Vajra","StrikeDummy","Shovel","Molten Egg 2","DollysMirror","Lizard Tail","Bottled Lightning","Membership Card"],"acts_visited":["Exordium","TheCity","TheBeyond","TheEnding"],"potions_floor_usage":[55],"damage_taken":[{"damage":12.0,"enemies":"2 Louse","floor":2.0,"turns":2.0},{"damage":39.0,"enemies":"Lagavulin","floor":4.0,"turns":7.0},{"damage":13.0,"enemies":"Cultist","floor":5.0,"turns":3.0},{"damage":40.0,"enemies":"3 Sentries","floor":6.0,"turns":7.0},{"damage":45.0,"enemies":"Lagavulin","floor":8.0,"turns":9.0},{"damage":19.0,"enemies":"Jaw Worm","floor":9.0,"turns":4.0},{"damage":19.0,"enemies":"Blue Slaver","floor":11.0,"turns":4.0},{"damage":16.0,"enemies":"Exordium Wildlife","floor":12.0,"turns":3.0},{"damage":20.0,"enemies":"downfall:FleeingMerchant","floor":13.0,"turns":4.0},{"damage":12.0,"enemies":"Large Slime","floor":14.0,"turns":4.0},{"damage":57.0,"enemies":"Gremlin Gang","floor":15.0,"turns":5.0},{"damage":46.0,"enemies":"downfall:Silent","floor":16.0,"turns":5.0},{"damage":28.0,"enemies":"Chosen","floor":19.0,"turns":4.0},{"damage":28.0,"enemies":"3 Byrds","floor":21.0,"turns":4.0},{"damage":41.0,"enemies":"3 Cultists","floor":23.0,"turns":5.0},{"damage":44.0,"enemies":"Gremlin Leader","floor":25.0,"turns":4.0},{"damage":32.0,"enemies":"Book of Stabbing","floor":27.0,"turns":4.0},{"damage":12.0,"enemies":"Centurion and Healer","floor":28.0,"turns":5.0},{"damage":24.0,"enemies":"downfall:FleeingMerchant","floor":30.0,"turns":4.0},{"damage":23.0,"enemies":"downfall:Augmenter","floor":31.0,"turns":3.0},{"damage":63.0,"enemies":"Shelled Parasite and Fungi","floor":32.0,"turns":5.0},{"damage":23.0,"enemies":"downfall:Ironclad","floor":33.0,"turns":3.0},{"damage":20.0,"enemies":"downfall:FleeingMerchant","floor":36.0,"turns":4.0},{"damage":75.0,"enemies":"Giant Head","floor":37.0,"turns":7.0},{"damage":26.0,"enemies":"Reptomancer","floor":39.0,"turns":4.0},{"damage":36.0,"enemies":"2 Orb Walkers","floor":43.0,"turns":4.0},{"damage":32,"enemies":"Nemesis","floor":44,"turns":3},{"damage":19,"enemies":"Orb Walker","floor":45,"turns":4},{"damage":15,"enemies":"3 Darklings","floor":47,"turns":3},{"damage":55,"enemies":"Sphere and 2 Shapes","floor":49,"turns":4},{"damage":43,"enemies":"downfall:Defect","floor":50,"turns":6},{"damage":80,"enemies":"downfall:CharBossMerchant","floor":52,"turns":6},{"damage":31,"enemies":"downfall:NeowBoss","floor":55,"turns":13}],"seed_played":"213655937480765429","potions_obtained":[{"floor":5.0,"key":"FairyPotion"},{"floor":6.0,"key":"BlessingOfTheForge"},{"floor":8.0,"key":"SteroidPotion"},{"floor":9.0,"key":"LiquidMemories"},{"floor":15.0,"key":"Weak Potion"},{"floor":19.0,"key":"Dexterity Potion"},{"floor":21.0,"key":"Explosive Potion"},{"floor":23.0,"key":"BlessingOfTheForge"},{"floor":33.0,"key":"SneckoOil"},{"floor":39.0,"key":"hexamod:EctoCoolerPotion"},{"floor":49,"key":"hexamod:EctoCoolerPotion"}],"is_trial":false,"path_per_floor":["R","M","?","E","M","E","T","E","M","R","M","M","$","M","M","B",null,"R","M","R","M","R","M","T","E","R","E","M","?","$","?","M","B",null,"R","$","E","R","E","T","T","R","?","E","M","$","M","T","M","B",null,"E","$","R","B",null],"character_chosen":"SLIMEBOUND","items_purchased":["Slimebound:SplitSpecialist","Slimebound:SplitSpecialist","champ:Barbells","Bird Faced Urn","Art of War","DollysMirror","expansioncontent:DashGenerateEvil+1","Membership Card","Slimebound:AcidTongue"],"campfire_rested":0,"item_purchase_floors":[13,30,30,36,36,46,46,53,53],"current_hp_per_floor":[72,70,70,69,70,50,50,39,44,54,57,67,77,92,45,33,77,77,73,73,69,69,62,62,40,40,46,64,64,88,87,55,82,90,90,92,52,52,70,70,70,70,78,92,92,92,92,92,65,72,87,69,69,69,92],"gold":31,"neow_bonus":"TWENTY_PERCENT_HP_BONUS","is_daily":false,"chose_seed":false,"campfire_upgraded":9,"win_rate":0.0,"timestamp":1608152529,"path_taken":["R","M","?","E","M","E","T","E","M","R","M","?","$","M","M","BOSS","R","M","R","M","R","M","T","E","R","E","M","?","$","?","M","BOSS","R","$","E","R","E","?","T","R","?","E","M","?","?","?","M","BOSS","E","$","R","BOSS"],"items_purchased_type":["Card","Card","Relic","Relic","Relic","Relic","Card","Relic","Card"],"build_version":"2020-12-13","purchased_purges":1,"victory":true,"max_hp_per_floor":[72,72,72,82,82,82,82,82,82,92,92,92,92,92,92,92,92,92,92,92,92,92,92,92,92,92,92,92,92,92,92,92,92,92,92,92,92,92,92,92,92,92,92,92,92,92,92,92,92,92,92,92,92,92,92],"relic_stats":{"Lizard Tail":0,"Shovel":0,"Happy Flower":[14],"counters":[33,151],"Mummified Hand":[127],"Bird Faced Urn":[85],"Tiny Chest":2,"Art of War":[7],"Whetstone":["Slimebound:ItLooksTasty","Slimebound:LeechingTouch"],"obtain_stats":[{"champ:DuelingGlove":25,"Vajra":41,"downfall:HeartBlessingGreen":18,"Whetstone":39,"Lizard Tail":48,"Matryoshka":24,"Shovel":43,"Mummified Hand":8,"downfall:HeartBlessingBlue":10,"DollysMirror":46,"Tiny Chest":6,"InkBottle":40,"champ:Barbells":30,"Pear":4,"downfall:HeartBlessingRed":38,"Happy Flower":40,"The Courier":27,"SlaversCollar":34,"MutagenicStrength":31,"Bird Faced Urn":36,"Molten Egg 2":44,"Slimebound:AbsorbEndCombat":0,"Coffee Dripper":17,"Art of War":36,"Bottled Lightning":52,"Membership Card":53,"StrikeDummy":41},{"champ:DuelingGlove":16,"Vajra":25,"downfall:HeartBlessingGreen":12,"Whetstone":25,"Lizard Tail":29,"Matryoshka":15,"Shovel":26,"Mummified Hand":5,"downfall:HeartBlessingBlue":6,"DollysMirror":28,"Tiny Chest":4,"InkBottle":25,"champ:Barbells":19,"Pear":2,"downfall:HeartBlessingRed":24,"Happy Flower":25,"The Courier":17,"SlaversCollar":22,"MutagenicStrength":20,"Bird Faced Urn":23,"Molten Egg 2":27,"Slimebound:AbsorbEndCombat":0,"Coffee Dripper":12,"Art of War":23,"Bottled Lightning":32,"Membership Card":32,"StrikeDummy":25},{"champ:DuelingGlove":70,"Vajra":108,"downfall:HeartBlessingGreen":54,"Whetstone":108,"Lizard Tail":122,"Matryoshka":66,"Shovel":112,"Mummified Hand":26,"downfall:HeartBlessingBlue":30,"DollysMirror":119,"Tiny Chest":18,"InkBottle":108,"champ:Barbells":83,"Pear":9,"downfall:HeartBlessingRed":104,"Happy Flower":108,"The Courier":74,"SlaversCollar":94,"MutagenicStrength":86,"Bird Faced Urn":98,"Molten Egg 2":115,"Slimebound:AbsorbEndCombat":0,"Coffee Dripper":54,"Art of War":98,"Bottled Lightning":138,"Membership Card":138,"StrikeDummy":108}],"InkBottle":[28]},"card_choices":[{"not_picked":["Slimebound:SlimeSpikes","Slimebound:FinishingTackle"],"picked":"Slimebound:SplitLeeching","floor":2.0},{"not_picked":["Slimebound:SlimeSpikes","Slimebound:FinishingTackle"],"picked":"Slimebound:SlimeBarrage","floor":4.0},{"not_picked":["Slimebound:MegaLick","Slimebound:SplitMire"],"picked":"Slimebound:Equalize","floor":5.0},{"not_picked":["Slimebound:ComboTackle","Slimebound:GoopSpray"],"picked":"Slimebound:LeechingTouch","floor":6.0},{"not_picked":["Slimebound:ViciousTackle","Slimebound:RollThrough"],"picked":"Slimebound:LeadByExample","floor":8.0},{"not_picked":["Slimebound:SplitBruiser","Slimebound:ProtectTheBoss"],"picked":"Slimebound:ItLooksTasty","floor":9.0},{"not_picked":["Slimebound:FinishingTackle","Slimebound:SplitLeeching"],"picked":"Slimebound:SlimeBarrage","floor":11.0},{"not_picked":["Slimebound:FinishingTackle","Slimebound:ComboTackle"],"picked":"Slimebound:ItLooksTasty","floor":12.0},{"not_picked":["Slimebound:DouseInSlime","Slimebound:ComboTackle"],"picked":"Slimebound:LeadByExample","floor":13.0},{"not_picked":["Slimebound:HauntingLick","Slimebound:Schlurp"],"picked":"Slimebound:LevelUp","floor":14.0},{"not_picked":["Slimebound:SplitAcid","Slimebound:ViciousTackle"],"picked":"Slimebound:SlimeBrawl","floor":15.0},{"not_picked":["Slimebound:PrepareCrush","Slimebound:CheckThePlaybook"],"picked":"Slimebound:OozeBath","floor":16.0},{"not_picked":["Slimebound:SplitBruiser+1","Slimebound:SplitLeeching"],"picked":"Slimebound:SplitMire","floor":19.0},{"not_picked":["Slimebound:SplitAcid+1","Slimebound:Schlurp"],"picked":"Slimebound:SlimeBrawl","floor":21.0},{"not_picked":["Slimebound:PressTheAttack","Slimebound:FinishingTackle","Slimebound:SplitMire"],"picked":"SKIP","floor":23.0},{"not_picked":["Slimebound:SplitLeeching","Slimebound:SplitBruiser"],"picked":"Slimebound:GrowthPunch+1","floor":25.0},{"not_picked":["Slimebound:SlimeSpikes","Slimebound:GrowthPunch+1"],"picked":"Slimebound:Dissolve","floor":27.0},{"not_picked":["Slimebound:ViciousTackle","Slimebound:SlimeSpikes"],"picked":"Slimebound:RejuvenatingLick+1","floor":28.0},{"not_picked":["Slimebound:GrowthPunch","Slimebound:BestDefense"],"picked":"Slimebound:LevelUp+1","floor":30.0},{"not_picked":[],"picked":"J.A.X.","floor":31.0},{"not_picked":["Slimebound:GrowthPunch","Slimebound:SamplingLick"],"picked":"Slimebound:Replication","floor":31.0},{"not_picked":["Slimebound:Prepare","Slimebound:SlimeBarrage"],"picked":"Slimebound:SlimeBrawl","floor":32.0},{"not_picked":["Slimebound:CheckThePlaybook","Slimebound:PrepareCrush"],"picked":"Slimebound:WasteNot","floor":33.0},{"not_picked":["Slimebound:SplitBruiser","Slimebound:SplitSpecialist"],"picked":"Slimebound:SamplingLick+1","floor":37.0},{"not_picked":["Slimebound:Dissolve+1","Slimebound:GrowthPunch"],"picked":"Slimebound:MinionMaster","floor":39.0},{"not_picked":["Slimebound:RollThrough","Slimebound:Recollect+1"],"picked":"Slimebound:ProtectTheBoss+1","floor":43.0},{"not_picked":["Slimebound:LeadByExample","Slimebound:SlimeSpikes"],"picked":"Slimebound:LevelUp+1","floor":44},{"not_picked":["Slimebound:RollThrough+1","Slimebound:LeadByExample+1","Slimebound:PressTheAttack+1"],"picked":"SKIP","floor":45},{"not_picked":["Slimebound:Repurpose","Slimebound:SamplingLick","Slimebound:RollThrough+1"],"picked":"SKIP","floor":47},{"not_picked":["Slimebound:SplitBruiser+1","Slimebound:Schlurp+1","Slimebound:GrowthPunch+1"],"picked":"SKIP","floor":49},{"not_picked":["Slimebound:ComboTackle+1","Slimebound:SlimeSpikes+1"],"picked":"Slimebound:LeechingTouch+1","floor":52}],"player_experience":1578282,"relics_obtained":[{"floor":4.0,"key":"Pear"},{"floor":6.0,"key":"Tiny Chest"},{"floor":8.0,"key":"Mummified Hand"},{"floor":24.0,"key":"Matryoshka"},{"floor":25.0,"key":"champ:DuelingGlove"},{"floor":27.0,"key":"The Courier"},{"floor":31.0,"key":"MutagenicStrength"},{"floor":39.0,"key":"Whetstone"},{"floor":40.0,"key":"Happy Flower"},{"floor":40.0,"key":"InkBottle"},{"floor":41.0,"key":"Vajra"},{"floor":41.0,"key":"StrikeDummy"},{"floor":43.0,"key":"Shovel"},{"floor":44,"key":"Molten Egg 2"},{"floor":48,"key":"Lizard Tail"},{"floor":52,"key":"Bottled Lightning"}],"event_choices":[{"damage_healed":0.0,"max_hp_gain":0.0,"max_hp_loss":0.0,"gold_gain":0.0,"cards_transformed":["Slimebound:Strike_Slimebound"],"event_name":"Transmorgrifier","player_choice":"Transformed","floor":3.0,"gold_loss":0.0,"damage_taken":0.0,"cards_obtained":["Slimebound:WasteNot"]},{"damage_healed":0.0,"max_hp_gain":0.0,"max_hp_loss":0.0,"gold_gain":0.0,"event_name":"Mysterious Sphere","player_choice":"Fight","floor":43.0,"gold_loss":0.0,"damage_taken":0.0}],"is_beta":false,"boss_relics":[{"not_picked":["Philosopher\u0027s Stone","Fusion Hammer"],"picked":"Coffee Dripper"},{"not_picked":["Astrolabe","Cursed Key"],"picked":"SlaversCollar"}],"items_purged_floors":[36],"is_endless":false,"potions_floor_spawned":[5,6,8,9,15,19,21,23,33,39,49],"ascension_level":5}}