{"host":"exexdi9os29xec1d","time":1608106214,"event":{"mods":["Act Like it!","BaseMod","Colored Map","Conspire","Decade(王小明)","Downfall","Gensokyo","Hero for Fun","HololiveMod","Hubris","Infinite Spire","KinomotoSakuraMod(木之本樱)","Koishi","LagranYue(拉格朗・月)","Marisa（F雨　魔理沙）","Minty Spire (QoL Compilation)","READ ME - Guardian Mod","Remilia（蕾米莉亚）","Replay The Spire","Shop Mod","StSLib","The Animator","The Bladedancer","The Bug Knight","The Cursed","The Disciple","The Hierophant","The Necromancer","The Servant 0.9.4","Youmu（魂魄妖梦）","[地精首领爬塔]The Maniac"],"gold_per_floor":[114,131,145,47,64,64,79,79,103,103,113,123,141,141,141,237,237,248,163,88,38,38,38,48,48,48,68,68,68,78,92,92,92,92],"floor_reached":33,"playtime":1322,"items_purged":["HollowMod:NailStrikeStart"],"score":241,"play_id":"88d8759e-2cd0-4301-b52c-062eba648b96","local_time":"20201216161014","is_ascension_mode":false,"campfire_choices":[{"data":"HollowMod:MantisMark","floor":6.0,"key":"SMITH"},{"data":"HollowMod:SiblingsSouls","floor":8.0,"key":"SMITH"},{"data":"HollowMod:VengefulVoid","floor":23.0,"key":"SMITH"},{"data":"HollowMod:VengefulVoid","floor":28.0,"key":"SMITH"},{"floor":32.0,"key":"REST"}],"circlet_count":0,"master_deck":["HollowMod:NailStrikeStart","HollowMod:NailStrikeStart","HollowMod:NailStrikeStart","HollowMod:QuickDashStart","HollowMod:QuickDashStart","HollowMod:QuickDashStart","HollowMod:FocusHealStart","HollowMod:PogoStrike","HollowMod:SiblingsSouls+1","HollowMod:MantisMark+1","HollowMod:CrystalDash","HollowMod:MantisMark+1","HollowMod:VengefulVoid+1","HollowMod:HeavyBlow","HollowMod:HeavyBlow","HollowMod:DescendingDark","HollowMod:WraithStrike","HollowMod:VengefulVoid+1","HollowMod:DescendingDark","HollowMod:SiblingsSouls"],"relics":["HollowMod:VesselMask","LagranYue:RandomDrawCardRelic","Dream Catcher","hubris:Towel","infinitespire:CheckeredPen","Sozu","LagranYue:WskJewelryRelic","StoneCalendar"],"acts_visited":["Exordium","TheCity"],"potions_floor_usage":[33],"damage_taken":[{"damage":0.0,"enemies":"Small Slimes","floor":1.0,"turns":4.0},{"damage":4.0,"enemies":"2 Louse","floor":2.0,"turns":3.0},{"damage":0.0,"enemies":"Cultist","floor":3.0,"turns":3.0},{"damage":0.0,"enemies":"Looter","floor":5.0,"turns":4.0},{"damage":4.0,"enemies":"Exordium Thugs","floor":7.0,"turns":4.0},{"damage":0.0,"enemies":"Exordium Wildlife","floor":11.0,"turns":2.0},{"damage":4.0,"enemies":"3 Louse","floor":12.0,"turns":2.0},{"damage":10.0,"enemies":"Red Slaver","floor":13.0,"turns":3.0},{"damage":46.0,"enemies":"The Guardian","floor":16.0,"turns":11.0},{"damage":3.0,"enemies":"Chosen","floor":18.0,"turns":3.0},{"damage":8.0,"enemies":"Shell Parasite","floor":24.0,"turns":3.0},{"damage":12.0,"enemies":"Chosen and Byrds","floor":27.0,"turns":3.0},{"damage":20.0,"enemies":"3 Cultists","floor":30.0,"turns":4.0},{"damage":0.0,"enemies":"Sentry and Sphere","floor":31.0,"turns":3.0},{"damage":60,"enemies":"conspire:MysteriousRune","floor":33,"turns":6}],"seed_played":"2629352526946443973","potions_obtained":[{"floor":2.0,"key":"Elixir"},{"floor":5.0,"key":"Regen Potion"},{"floor":7.0,"key":"SteroidPotion"},{"floor":16.0,"key":"BlessingOfTheForge"}],"is_trial":false,"path_per_floor":["M","M","M","$","M","R","M","R","T","?","M","M","M","?","R_BF","B",null,"M","?","?","$","?","R","M","$","T","M","R","?","M","M","R","B"],"character_chosen":"THE_BUGKNIGHT","items_purchased":["HollowMod:VengefulVoid","HollowMod:VengefulVoid"],"campfire_rested":1,"item_purchase_floors":[4,21],"current_hp_per_floor":[75,71,71,71,71,71,67,67,67,67,67,63,53,53,75,29,75,72,72,72,72,72,72,64,64,64,52,52,52,32,32,54,0,0],"gold":92,"neow_bonus":"THREE_CARDS","is_daily":false,"chose_seed":false,"campfire_upgraded":4,"win_rate":0.0,"timestamp":1608106214,"path_taken":["M","M","M","$","M","R","M","R","T","?","M","M","M","?","R_BF","BOSS","M","?","?","$","?","R","M","?","T","?","R","?","M","M","R","BOSS"],"items_purchased_type":["Card","Card"],"build_version":"2020-12-13","purchased_purges":1,"victory":false,"max_hp_per_floor":[75,75,75,75,75,75,75,75,75,75,75,75,75,75,75,75,75,75,75,75,75,75,75,75,75,75,75,75,75,75,75,75,75,75],"card_choices":[{"not_picked":["HollowMod:SiblingsShadow","HollowMod:FallenFury"],"picked":"HollowMod:SiblingsSouls","floor":0.0},{"not_picked":["HollowMod:MothsMistake","HollowMod:CycloneSlash"],"picked":"HollowMod:MantisMark","floor":1.0},{"not_picked":["HollowMod:DungDefenderAura","HollowMod:MonomonsArchive"],"picked":"HollowMod:CrystalDash","floor":2.0},{"not_picked":["HollowMod:CycloneSlash","HollowMod:InfectedCysts"],"picked":"HollowMod:MantisMark","floor":3.0},{"not_picked":["HollowMod:NewLittleFool","HollowMod:InfectedCysts"],"picked":"HollowMod:HeavyBlow","floor":5.0},{"not_picked":["HollowMod:SharpenedNail","HollowMod:RecoilStrike"],"picked":"HollowMod:HeavyBlow","floor":7.0},{"not_picked":["HollowMod:SoulSplash","HollowMod:DashSlash","HollowMod:NewJinnsSoul"],"picked":"SKIP","floor":11.0},{"not_picked":["HollowMod:InfectedAttack","HollowMod:SiblingsSouls"],"picked":"HollowMod:DescendingDark","floor":12.0},{"not_picked":["HollowMod:DoubleDash","HollowMod:LifebloodCore"],"picked":"HollowMod:WraithStrike","floor":13.0},{"not_picked":["HollowMod:NewJinnsSoul","HollowMod:InfectedAttack","HollowMod:HowlingWraiths"],"picked":"SKIP","floor":18.0},{"not_picked":["HollowMod:QuirrelsAssistance+1","HollowMod:VengefulSpirit+1"],"picked":"HollowMod:DescendingDark","floor":24.0},{"not_picked":["HollowMod:DashSlash","HollowMod:SoulStrike","HollowMod:SoulShaman+1"],"picked":"SKIP","floor":27.0},{"not_picked":["HollowMod:NewGlowingWomb+1","HollowMod:Grubsong"],"picked":"HollowMod:SiblingsSouls","floor":30.0},{"not_picked":["HollowMod:DashSlash","HollowMod:InfectedCysts","HollowMod:SharpenedShadows+1"],"picked":"SKIP","floor":31.0}],"player_experience":56365,"relics_obtained":[{"floor":9.0,"key":"Dream Catcher"},{"floor":26.0,"key":"StoneCalendar"}],"event_choices":[{"damage_healed":0.0,"max_hp_gain":0.0,"max_hp_loss":0.0,"gold_gain":0.0,"event_name":"WeMeetAgain","player_choice":"Gave Potion","floor":14.0,"gold_loss":0.0,"damage_taken":0.0,"relics_obtained":["infinitespire:CheckeredPen"]},{"damage_healed":0.0,"max_hp_gain":0.0,"max_hp_loss":0.0,"gold_gain":0.0,"event_name":"Addict","player_choice":"Obtained Relic","floor":19.0,"gold_loss":85.0,"damage_taken":0.0,"relics_obtained":["LagranYue:WskJewelryRelic"]},{"cards_removed":["HollowMod:QuickDashStart"],"damage_healed":0.0,"max_hp_gain":0.0,"max_hp_loss":0.0,"gold_gain":0.0,"event_name":"Beggar","player_choice":"Gave Gold","floor":20.0,"gold_loss":75.0,"damage_taken":0.0},{"damage_healed":0.0,"max_hp_gain":0.0,"max_hp_loss":0.0,"gold_gain":0.0,"event_name":"Lab","player_choice":"Got Potions","floor":29.0,"gold_loss":0.0,"damage_taken":0.0}],"is_beta":false,"boss_relics":[{"not_picked":["conspire:SlowCooker","HollowMod:KingsSoulRelic"],"picked":"Sozu"}],"items_purged_floors":[4],"is_endless":false,"potions_floor_spawned":[2,5,7,11,16,31],"killed_by":"conspire:MysteriousRune","ascension_level":0}}