{"host":"yn17ruofed46ymbq","time":1608126821,"event":{"mods":["AchievementEnabler","BaseMod","Colored Map","Colored Powertips","DeckTracker","Highlight Path","Keyboard Shortcuts","Minty Spire (QoL Compilation)","Permanent Neow","Quick Restart","Rare Cards Sparkle","Relic Stats","SuperFastMode"],"gold_per_floor":[111,111,123,37,63,63,97,97,123,198,217,217,237,237,237,237,237],"floor_reached":16,"playtime":341,"items_purged":[],"score":127,"play_id":"b6dd57de-4317-43a7-974c-7b7c32117187","local_time":"20201216225341","is_ascension_mode":true,"campfire_choices":[{"data":"Wild Strike","floor":6.0,"key":"SMITH"},{"data":"Second Wind","floor":8.0,"key":"SMITH"},{"data":"Double Tap","floor":12.0,"key":"SMITH"},{"data":"Battle Trance","floor":15.0,"key":"SMITH"}],"circlet_count":0,"master_deck":["Strike_R","Strike_R","Strike_R","Strike_R","Defend_R","Defend_R","Defend_R","Defend_R","Bash","Reaper","Combust","Feel No Pain","Second Wind+1","Wild Strike+1","Dropkick","Double Tap+1","Battle Trance+1","Parasite"],"relics":["Burning Blood","Centennial Puzzle","Matryoshka","Strawberry","Toy Ornithopter"],"acts_visited":["Exordium"],"potions_floor_usage":[],"damage_taken":[{"damage":11.0,"enemies":"Jaw Worm","floor":1.0,"turns":8.0},{"damage":2.0,"enemies":"Cultist","floor":3.0,"turns":3.0},{"damage":34.0,"enemies":"Lagavulin","floor":7.0,"turns":6.0},{"damage":9.0,"enemies":"2 Louse","floor":11.0,"turns":2.0},{"damage":18.0,"enemies":"Large Slime","floor":13.0,"turns":4.0},{"damage":0,"enemies":"The Guardian","floor":16,"turns":1}],"seed_played":"-8797255060407975948","potions_obtained":[{"floor":1.0,"key":"Fire Potion"},{"floor":3.0,"key":"Ancient Potion"}],"is_trial":false,"path_per_floor":["M","?","M","$","T","R","E","R","T","?","M","R","M","?","R","B"],"character_chosen":"IRONCLAD","items_purchased":["Second Wind","Wild Strike"],"campfire_rested":0,"item_purchase_floors":[4,4],"current_hp_per_floor":[71,71,75,75,75,75,50,50,57,46,47,47,43,64,64,64,64],"gold":237,"neow_bonus":"ONE_RANDOM_RARE_CARD","is_daily":false,"chose_seed":false,"campfire_upgraded":4,"win_rate":0.0,"timestamp":1608126821,"path_taken":["M","?","M","$","?","R","E","R","T","?","M","R","M","?","R","BOSS"],"items_purchased_type":["Card","Card"],"build_version":"2020-12-13","purchased_purges":0,"victory":false,"max_hp_per_floor":[80,80,80,80,80,80,80,80,87,87,87,87,87,87,87,87,87],"relic_stats":{"Centennial Puzzle":[9],"counters":[6,24],"obtain_stats":[{"Centennial Puzzle":5,"Matryoshka":7,"Strawberry":9,"Burning Blood":0,"Toy Ornithopter":9},{"Centennial Puzzle":2,"Matryoshka":3,"Strawberry":3,"Burning Blood":0,"Toy Ornithopter":3},{"Centennial Puzzle":11,"Matryoshka":17,"Strawberry":17,"Burning Blood":0,"Toy Ornithopter":17}],"Burning Blood":30,"Toy Ornithopter":0},"card_choices":[{"not_picked":["Seeing Red","Shrug It Off"],"picked":"Combust","floor":1.0},{"not_picked":["True Grit","Armaments"],"picked":"Feel No Pain","floor":3.0},{"not_picked":["Twin Strike","Clothesline"],"picked":"Dropkick","floor":7.0},{"not_picked":["Clash","Perfected Strike"],"picked":"Double Tap","floor":11.0},{"not_picked":["Clothesline","Thunderclap"],"picked":"Battle Trance","floor":13.0}],"player_experience":421093,"relics_obtained":[{"floor":5.0,"key":"Centennial Puzzle"},{"floor":7.0,"key":"Matryoshka"},{"floor":9.0,"key":"Strawberry"},{"floor":9.0,"key":"Toy Ornithopter"}],"event_choices":[{"cards_removed":["Strike_R"],"damage_healed":0.0,"max_hp_gain":0.0,"max_hp_loss":0.0,"gold_gain":0.0,"event_name":"Bonfire Elementals","player_choice":"Offered Basic","floor":2.0,"gold_loss":0.0,"damage_taken":0.0},{"damage_healed":0.0,"max_hp_gain":0.0,"max_hp_loss":0.0,"gold_gain":75.0,"event_name":"World of Goop","player_choice":"Gather Gold","floor":10.0,"gold_loss":0.0,"damage_taken":11.0},{"damage_healed":21.0,"max_hp_gain":0.0,"max_hp_loss":0.0,"gold_gain":0.0,"event_name":"Mushrooms","player_choice":"Healed and dodged fight","floor":14.0,"gold_loss":0.0,"damage_taken":0.0,"cards_obtained":["Parasite"]}],"is_beta":false,"boss_relics":[],"items_purged_floors":[],"is_endless":false,"potions_floor_spawned":[1,3],"killed_by":"The Guardian","ascension_level":6}}