{"host":"mcdusr64esz012l0","time":1608151142,"event":{"mods":["BaseMod","Minty Spire (QoL Compilation)","Relic Stats"],"gold_per_floor":[119,134,153,153,165,165,194,82,82,117,130,130,194,206,206,280,280,260,280,280,94,114,114,114,114,114],"floor_reached":25,"playtime":1261,"items_purged":["Strike_B","Strike_B"],"score":415,"play_id":"1be2381d-98e7-412a-9f2e-9b1a1fb2ae81","local_time":"20201216153902","is_ascension_mode":true,"campfire_choices":[{"floor":6,"key":"REST"},{"floor":12,"key":"REST"},{"floor":15,"key":"REST"},{"data":"Buffer","floor":23,"key":"SMITH"}],"circlet_count":0,"master_deck":["AscendersBane","Strike_B","Defend_B","Defend_B","Defend_B","Defend_B","Zap","Dualcast","Gash","Genetic Algorithm","Cold Snap","Coolheaded","Self Repair","Defragment","BootSequence","Doom and Gloom","Loop","Coolheaded","Conserve Battery","Multi-Cast","Buffer+1","Leap+1","Loop","Meteor Strike","Reinforced Body","Conserve Battery"],"relics":["Cracked Core","Vajra","Emotion Chip","Ice Cream","Prayer Wheel","Sundial","Runic Pyramid"],"acts_visited":["Exordium","TheCity"],"potions_floor_usage":[10,13,16],"damage_taken":[{"damage":0,"enemies":"Small Slimes","floor":1,"turns":2},{"damage":0,"enemies":"2 Louse","floor":2,"turns":2},{"damage":5,"enemies":"Cultist","floor":3,"turns":3},{"damage":21,"enemies":"Gremlin Gang","floor":5,"turns":5},{"damage":29,"enemies":"3 Sentries","floor":7,"turns":9},{"damage":16,"enemies":"Lagavulin","floor":10,"turns":6},{"damage":12,"enemies":"Large Slime","floor":11,"turns":9},{"damage":23,"enemies":"Gremlin Nob","floor":13,"turns":4},{"damage":0,"enemies":"Looter","floor":14,"turns":4},{"damage":48,"enemies":"Hexaghost","floor":16,"turns":11},{"damage":15,"enemies":"2 Thieves","floor":18,"turns":4},{"damage":17,"enemies":"3 Byrds","floor":19,"turns":5},{"damage":2,"enemies":"Snecko","floor":22,"turns":4},{"damage":28,"enemies":"Slavers","floor":25,"turns":3}],"seed_played":"2794561141691410199","potions_obtained":[{"floor":1,"key":"Swift Potion"},{"floor":10,"key":"DuplicationPotion"},{"floor":13,"key":"FearPotion"},{"floor":14,"key":"DuplicationPotion"},{"floor":16,"key":"GamblersBrew"}],"is_trial":false,"path_per_floor":["M","M","M","?","M","R","E","$","T","E","M","R","?","M","R","B",null,"M","M","?","$","M","R","?","E"],"character_chosen":"DEFECT","items_purchased":["Defragment","Meteor Strike"],"campfire_rested":3,"item_purchase_floors":[8,21],"current_hp_per_floor":[64,64,59,59,38,59,30,30,30,21,16,37,21,28,49,8,55,47,37,37,37,35,35,26,0,0],"gold":114,"neow_bonus":"RANDOM_COMMON_RELIC","is_daily":false,"chose_seed":false,"campfire_upgraded":1,"win_rate":0.0,"timestamp":1608151142,"path_taken":["M","M","M","?","M","R","E","$","T","E","M","R","?","M","R","BOSS","M","M","?","?","?","R","?","E"],"items_purchased_type":["Card","Card"],"build_version":"2020-12-13","purchased_purges":2,"victory":false,"max_hp_per_floor":[71,71,71,71,71,71,71,71,71,71,71,71,71,71,71,71,71,71,71,71,71,71,71,71,71,71],"relic_stats":{"Emotion Chip":[41,15,18,8,0],"counters":[14,71],"Sundial":[2],"Prayer Wheel":5,"obtain_stats":[{"Ice Cream":9,"Emotion Chip":7,"Sundial":13,"Vajra":0,"Prayer Wheel":10,"Cracked Core":0,"Runic Pyramid":17},{"Ice Cream":5,"Emotion Chip":5,"Sundial":8,"Vajra":0,"Prayer Wheel":6,"Cracked Core":0,"Runic Pyramid":10},{"Ice Cream":21,"Emotion Chip":21,"Sundial":40,"Vajra":0,"Prayer Wheel":27,"Cracked Core":0,"Runic Pyramid":55}]},"card_choices":[{"not_picked":["Leap","Compile Driver"],"picked":"Gash","floor":1},{"not_picked":["Capacitor","Double Energy"],"picked":"Genetic Algorithm","floor":2},{"not_picked":["Skim","Melter"],"picked":"Cold Snap","floor":3},{"not_picked":["Double Energy","Cold Snap"],"picked":"Coolheaded","floor":5},{"not_picked":["Coolheaded","Turbo"],"picked":"Self Repair","floor":7},{"not_picked":["Leap","Streamline"],"picked":"BootSequence","floor":10},{"not_picked":["Reinforced Body","Compile Driver"],"picked":"Doom and Gloom","floor":11},{"not_picked":["Heatsinks","Redo"],"picked":"Loop","floor":11},{"not_picked":["Gash","Darkness"],"picked":"Coolheaded","floor":13},{"not_picked":["Undo","Chill"],"picked":"Conserve Battery","floor":14},{"not_picked":["Gash","Compile Driver","Beam Cell"],"picked":"SKIP","floor":14},{"not_picked":["Machine Learning","Creative AI"],"picked":"Multi-Cast","floor":16},{"not_picked":["Fusion","Ball Lightning","BootSequence"],"picked":"SKIP","floor":18},{"not_picked":["Stack","Barrage","Redo"],"picked":"SKIP","floor":18},{"not_picked":["Leap","Ball Lightning"],"picked":"Buffer","floor":19},{"not_picked":["Redo","Barrage"],"picked":"Leap+1","floor":19},{"not_picked":["Darkness","Go for the Eyes"],"picked":"Reinforced Body","floor":22},{"not_picked":["Gash","Beam Cell"],"picked":"Conserve Battery","floor":22}],"player_experience":987971,"relics_obtained":[{"floor":7,"key":"Emotion Chip"},{"floor":9,"key":"Ice Cream"},{"floor":10,"key":"Prayer Wheel"},{"floor":13,"key":"Sundial"}],"event_choices":[{"cards_removed":["Strike_B"],"damage_healed":0,"gold_gain":0,"player_choice":"Forget","damage_taken":0,"max_hp_gain":0,"max_hp_loss":0,"event_name":"Living Wall","floor":4,"gold_loss":0},{"damage_healed":0,"gold_gain":0,"player_choice":"Searched \u00271\u0027 times","damage_taken":0,"max_hp_gain":0,"max_hp_loss":0,"event_name":"Dead Adventurer","floor":13,"gold_loss":0},{"damage_healed":0,"gold_gain":0,"player_choice":"Copied","damage_taken":0,"max_hp_gain":0,"max_hp_loss":0,"event_name":"Duplicator","floor":20,"gold_loss":0,"cards_obtained":["Loop"]},{"damage_healed":0,"gold_gain":0,"player_choice":"Stopped","damage_taken":9,"max_hp_gain":0,"max_hp_loss":0,"event_name":"Cursed Tome","floor":24,"gold_loss":0}],"is_beta":false,"boss_relics":[{"not_picked":["Pandora\u0027s Box","Fusion Hammer"],"picked":"Runic Pyramid"}],"items_purged_floors":[8,21],"is_endless":false,"potions_floor_spawned":[1,10,13,14,16],"killed_by":"Slavers","ascension_level":19}}