{"host":"njruw0b0uprlitpx","time":1608144266,"event":{"mods":["2.2 Compatiblity","BaseMod","Better Altar","Better Match","Better Note","Better Sensory Stone","Better Skull","Better Third Choice","BetterRewards","Block Reminder","Colored Map","Colored Powertips","Energized Spire","Jedi Mod","Keyboard Shortcuts","Minty Spire (QoL Compilation)","Quick Restart","Relic Stats","Replay The Spire","SacredBarkPlus","Spicy Shops","StSLib","SuperFastMode","The Necromancer","Wandering Minibosses"],"gold_per_floor":[114,114,132,143,154,154,39,67,117,147,177,5,57,74,74,174,174,189,243,243,258,40,69,69,86,112,112,27,27,61,75,75,176,176,187,32,32,32,0,0,26,26,51,51,51,68,11,11,11,11],"floor_reached":51,"playtime":4248,"items_purged":["Adaptation"],"score":1490,"play_id":"708f312e-2bdf-45f7-b1c2-3319a5098113","local_time":"20201216124426","is_ascension_mode":true,"campfire_choices":[{"floor":6,"key":"REST"},{"data":"ForeignInfluence","floor":15,"key":"SMITH"},{"floor":24,"key":"REST"},{"data":"Replay:LoomingThreat","floor":27,"key":"SMITH"},{"floor":32,"key":"REST"},{"data":"BattleHymn","floor":40,"key":"SMITH"},{"data":"Replay:AllIn","floor":42,"key":"SMITH"},{"data":"MasterReality","floor":44,"key":"SMITH"},{"floor":49,"key":"REST"}],"circlet_count":0,"master_deck":["AscendersBane","Eruption+1","Vigilance+1","TalkToTheHand+1","Replay:BasicMightCard+1","Protect+1","Worship+1","Wallop+1","HandOfGreed+1","Conclude+1","Replay:BluntJabs+1","Perseverance+1","Flash of Steel+1","SashWhip+1","Pot Of Greed+1","Pot Of Greed+1","ForeignInfluence+1","ReplayTheSpireMod:IOU","Pot Of Greed+1","Replay:LoomingThreat+1","LessonLearned+1","ThirdEye+1","ClearTheMind+1","BattleHymn+1","Brilliance+1","Replay:LoomingThreat+1","Wish+1","CarveReality+1","ForeignInfluence+1","Ragnarok+1","JustLucky+1","DevaForm+1","MasterReality+1","LikeWater+1","Pot Of Greed+1","Prostrate+1","Replay:ManipulateFuture+1","Wallop+1","EmptyFist+1","SpiritShield+1","SpiritShield+1","FlurryOfBlows+1","Replay:AllIn+1","Pot Of Greed+1","Perseverance+1","Tantrum+1","Wallop+1"],"relics":["PureWater","Turnip","Pen Nib","Gremlin Horn","Grinning Jar","Vajra","Replay:Wax Seal","Akabeko","Pandora\u0027s Box","Bronze Scales","PreservedInsect","Smiling Mask","MealTicket","WingedGreaves","Enchiridion","Nunchaku","energizedSpire:BlackCloud","Damaru","Red Mask","Art of War","Juzu Bracelet","Mark of the Bloom"],"acts_visited":["Exordium","TheCity","TheBeyond"],"potions_floor_usage":[0,13,16,16,25,33,41],"damage_taken":[{"damage":1,"enemies":"Small Slimes","floor":1,"turns":3},{"damage":0,"enemies":"Jaw Worm","floor":3,"turns":3},{"damage":0,"enemies":"Cultist","floor":4,"turns":4},{"damage":10,"enemies":"3 Louse","floor":5,"turns":3},{"damage":12,"enemies":"Gremlin Nob","floor":8,"turns":3},{"damage":0,"enemies":"Blue Slaver","floor":11,"turns":1},{"damage":2,"enemies":"3 Sentries","floor":13,"turns":3},{"damage":0,"enemies":"Lots of Slimes","floor":14,"turns":1},{"damage":43,"enemies":"The Guardian","floor":16,"turns":8},{"damage":6,"enemies":"Shell Parasite","floor":18,"turns":4},{"damage":14,"enemies":"Chosen","floor":21,"turns":4},{"damage":14,"enemies":"Book of Stabbing","floor":23,"turns":2},{"damage":0,"enemies":"Snecko","floor":25,"turns":4},{"damage":25,"enemies":"Slavers","floor":30,"turns":2},{"damage":7,"enemies":"Sentry and Sphere","floor":31,"turns":3},{"damage":39,"enemies":"Collector","floor":33,"turns":8},{"damage":6,"enemies":"Orb Walker","floor":35,"turns":3},{"damage":14,"enemies":"Nemesis","floor":41,"turns":5},{"damage":0,"enemies":"3 Darklings","floor":46,"turns":4},{"damage":43,"enemies":"Donu and Deca","floor":50,"turns":6}],"seed_played":"-2862959892071766781","potions_obtained":[{"floor":1,"key":"Explosive Potion"},{"floor":4,"key":"FearPotion"},{"floor":13,"key":"LiquidMemories"},{"floor":16,"key":"jedi:hoardpotion"},{"floor":21,"key":"StancePotion"},{"floor":25,"key":"jedi:hoardpotion"},{"floor":33,"key":"Fire Potion"}],"is_trial":false,"path_per_floor":["M","?","M","M","M","R","$","E","T","?","M","$","E","M","R","B",null,"M","T","?","M","$","E","R","M","T","R","?","?","E","M","R","B",null,"M","$","?","$","?","R","E","R","T","R","?","M","$","?","R","B",null],"character_chosen":"WATCHER","items_purchased":["TalkToTheHand","Replay:BasicMightCard","Fruit Juice","Pen Nib","Protect","Worship","Flash of Steel","Replay:Wax Seal","Replay:LoomingThreat","LessonLearned","ThirdEye","PreservedInsect","Damaru","Tantrum+1"],"campfire_rested":4,"item_purchase_floors":[0,0,0,0,0,0,7,12,12,12,12,22,36,47],"current_hp_per_floor":[69,69,69,69,59,77,77,65,65,65,65,65,63,63,63,20,63,57,57,57,61,61,47,70,70,70,70,70,54,29,22,45,20,63,57,72,72,77,77,77,63,63,63,63,63,63,63,63,63,20],"gold":11,"neow_bonus":"","is_daily":false,"chose_seed":false,"campfire_upgraded":5,"win_rate":0.0,"timestamp":1608144266,"path_taken":["M","?","?","M","M","R","$","E","T","?","M","?","E","?","R","BOSS","M","?","?","M","$","E","R","?","T","R","?","?","E","M","R","BOSS","M","$","?","?","?","R","E","R","T","R","?","M","$","?","R","BOSS"],"items_purchased_type":["Card","Card","Potion","Relic","Card","Card","Card","Relic","Card","Card","Card","Relic","Relic","Card"],"build_version":"2020-12-13","purchased_purges":1,"victory":true,"max_hp_per_floor":[77,77,77,77,77,77,77,77,77,77,77,77,77,77,77,77,77,77,77,77,77,77,77,77,77,77,77,77,77,77,77,77,77,77,77,77,77,77,77,77,77,77,77,77,77,77,77,77,77,77],"relic_stats":{"Mark of the Bloom":38,"Gremlin Horn":[10,10],"counters":[40,156],"Pen Nib":[14],"PreservedInsect":416,"Juzu Bracelet":0,"Smiling Mask":0,"Nunchaku":[7],"Bronze Scales":[101],"Pandora\u0027s Box":["CarveReality","ForeignInfluence","Ragnarok","JustLucky","DevaForm","Adaptation","MasterReality","LikeWater"],"MealTicket":20,"Turnip":[8],"Art of War":[0],"obtain_stats":[{"Ice Cream":38,"Divine Protection":45,"Mark of the Bloom":45,"Gremlin Horn":8,"jedi:zontanonomicon":29,"Vajra":10,"Enchiridion":29,"Bag of Preparation":39,"Juzu Bracelet":43,"Smiling Mask":23,"energizedSpire:BlackCloud":34,"Replay:Ringing Soul":16,"Nunchaku":30,"DollysMirror":23,"jedi:firstaidkit":27,"Pantograph":12,"Philosopher\u0027s Stone":19,"MealTicket":26,"Vampire_Amulet":0,"Fusion Hammer":36,"WingedGreaves":28,"Red Mask":33,"Replay:Bottled Eggs":8,"Replay:Wax Seal":12,"InkBottle":47,"Runic Pyramid":19,"Replay:Bottled Steam":19,"BargainBundle":39,"Happy Flower":39,"Counterbalance":2,"Replay:Grab Bag":19,"Damaru":36,"Eternal Feather":26,"PreservedInsect":19,"Pen Nib":0,"Akabeko":28,"Calling Bell":19,"Bronze Scales":19,"ChewingGum":19,"Pandora\u0027s Box":17,"Turnip":0,"ReplayTheSpireMod:TigerMarble":9,"Art of War":41,"Grinning Jar":9,"StrikeDummy":50,"FossilizedHelix":19},{"Ice Cream":15,"Divine Protection":16,"Mark of the Bloom":38,"Gremlin Horn":25,"jedi:zontanonomicon":11,"Vajra":25,"Enchiridion":33,"Bag of Preparation":15,"Juzu Bracelet":38,"Smiling Mask":32,"energizedSpire:BlackCloud":36,"Replay:Ringing Soul":4,"Nunchaku":34,"DollysMirror":8,"jedi:firstaidkit":11,"Pantograph":4,"Philosopher\u0027s Stone":5,"MealTicket":33,"Vampire_Amulet":0,"Fusion Hammer":13,"WingedGreaves":33,"Red Mask":12,"Replay:Bottled Eggs":3,"Replay:Wax Seal":26,"InkBottle":18,"Runic Pyramid":5,"Replay:Bottled Steam":5,"BargainBundle":15,"Happy Flower":15,"Counterbalance":1,"Replay:Grab Bag":5,"Damaru":37,"Eternal Feather":10,"PreservedInsect":5,"Pen Nib":20,"Akabeko":11,"Calling Bell":5,"Bronze Scales":30,"ChewingGum":5,"Pandora\u0027s Box":29,"Turnip":20,"ReplayTheSpireMod:TigerMarble":3,"Art of War":38,"Grinning Jar":25,"StrikeDummy":19,"FossilizedHelix":5},{"Ice Cream":61,"Divine Protection":65,"Mark of the Bloom":146,"Gremlin Horn":98,"jedi:zontanonomicon":45,"Vajra":98,"Enchiridion":125,"Bag of Preparation":61,"Juzu Bracelet":146,"Smiling Mask":121,"energizedSpire:BlackCloud":138,"Replay:Ringing Soul":13,"Nunchaku":127,"DollysMirror":32,"jedi:firstaidkit":45,"Pantograph":13,"Philosopher\u0027s Stone":19,"MealTicket":125,"Vampire_Amulet":0,"Fusion Hammer":54,"WingedGreaves":125,"Red Mask":48,"Replay:Bottled Eggs":11,"Replay:Wax Seal":99,"InkBottle":72,"Runic Pyramid":19,"Replay:Bottled Steam":19,"BargainBundle":61,"Happy Flower":61,"Counterbalance":3,"Replay:Grab Bag":19,"Damaru":141,"Eternal Feather":41,"PreservedInsect":19,"Pen Nib":82,"Akabeko":45,"Calling Bell":19,"Bronze Scales":115,"ChewingGum":19,"Pandora\u0027s Box":111,"Turnip":82,"ReplayTheSpireMod:TigerMarble":11,"Art of War":146,"Grinning Jar":98,"StrikeDummy":76,"FossilizedHelix":19}]},"card_choices":[{"not_picked":["Crescendo","Evaluate"],"picked":"Wallop","floor":1},{"not_picked":["Secret Technique","Good Instincts"],"picked":"HandOfGreed","floor":2},{"not_picked":["Evaluate","Prostrate"],"picked":"Conclude","floor":3},{"not_picked":["JustLucky","Evaluate"],"picked":"Replay:BluntJabs","floor":4},{"not_picked":["WreathOfFlame","MentalFortress"],"picked":"Perseverance","floor":5},{"not_picked":["JustLucky","Protect"],"picked":"SashWhip","floor":8},{"not_picked":["Nirvana","Replay:ManipulateFuture"],"picked":"ForeignInfluence","floor":11},{"not_picked":["FollowUp","Conclude"],"picked":"ClearTheMind","floor":13},{"not_picked":["Evaluate","CutThroughFate"],"picked":"BattleHymn","floor":14},{"not_picked":["ClearTheMind","Evaluate"],"picked":"Prostrate","floor":18},{"not_picked":["EmptyBody+1","Replay:DivineShield"],"picked":"Replay:ManipulateFuture","floor":21},{"not_picked":["Replay:BluntJabs","SignatureMove"],"picked":"Wallop","floor":23},{"not_picked":["Vengeance+1","Evaluate"],"picked":"EmptyFist","floor":25},{"not_picked":["CarveReality","Replay:AtTheReady","Nirvana"],"picked":"SKIP","floor":30},{"not_picked":["CutThroughFate","ClearTheMind"],"picked":"SpiritShield","floor":31},{"not_picked":["DeusExMachina","ConjureBlade"],"picked":"SpiritShield","floor":33},{"not_picked":["Protect","JustLucky"],"picked":"FlurryOfBlows+1","floor":35},{"not_picked":["ThirdEye","FollowUp"],"picked":"Replay:AllIn","floor":41},{"not_picked":["Replay:ManipulateFuture+1","PathToVictory"],"picked":"Perseverance+1","floor":46}],"player_experience":1043825,"relics_obtained":[{"floor":8,"key":"Gremlin Horn"},{"floor":9,"key":"Grinning Jar"},{"floor":13,"key":"Akabeko"},{"floor":19,"key":"Bronze Scales"},{"floor":23,"key":"Smiling Mask"},{"floor":26,"key":"MealTicket"},{"floor":29,"key":"Enchiridion"},{"floor":30,"key":"Nunchaku"},{"floor":41,"key":"Art of War"},{"floor":43,"key":"Juzu Bracelet"}],"event_choices":[{"damage_healed":0,"gold_gain":1,"player_choice":"1","damage_taken":0,"max_hp_gain":0,"max_hp_loss":0,"event_name":"betterStone:BetterStone","floor":2,"gold_loss":0},{"damage_healed":0,"gold_gain":30,"player_choice":"Searched \u00272\u0027 times","damage_taken":0,"relics_obtained":["Vajra"],"max_hp_gain":0,"max_hp_loss":0,"event_name":"Dead Adventurer","floor":10,"gold_loss":0},{"cards_removed":["Wish"],"damage_healed":0,"gold_gain":0,"player_choice":"Give","damage_taken":0,"max_hp_gain":0,"max_hp_loss":0,"event_name":"betterNote:BetterNote","floor":20,"gold_loss":0,"cards_obtained":["None"]},{"damage_healed":0,"gold_gain":0,"player_choice":"Obtained Relic","damage_taken":0,"relics_obtained":["WingedGreaves"],"max_hp_gain":0,"max_hp_loss":0,"event_name":"Addict","floor":28,"gold_loss":85},{"damage_healed":0,"gold_gain":0,"player_choice":"Obtained Book","damage_taken":16,"max_hp_gain":0,"max_hp_loss":0,"event_name":"Cursed Tome","floor":29,"gold_loss":0},{"damage_healed":0,"gold_gain":0,"player_choice":"Paid","damage_taken":0,"relics_obtained":["Red Mask"],"max_hp_gain":0,"max_hp_loss":0,"event_name":"Tomb of Lord Red Mask","floor":39,"gold_loss":32},{"damage_healed":0,"gold_gain":0,"player_choice":"Upgrade","damage_taken":0,"relics_obtained":["Mark of the Bloom"],"max_hp_gain":0,"max_hp_loss":0,"event_name":"MindBloom","floor":45,"gold_loss":0,"cards_upgraded":["Eruption","Vigilance","TalkToTheHand","Replay:BasicMightCard","Protect","Worship","Wallop","HandOfGreed","Conclude","Replay:BluntJabs","Perseverance","Flash of Steel","SashWhip","Pot Of Greed","Pot Of Greed","Pot Of Greed","LessonLearned","ThirdEye","ClearTheMind","Brilliance","Replay:LoomingThreat","Wish","CarveReality","Ragnarok","JustLucky","DevaForm","LikeWater","Pot Of Greed","Prostrate","Replay:ManipulateFuture","Wallop","SpiritShield","SpiritShield","Pot Of Greed"]},{"damage_healed":0,"gold_gain":0,"player_choice":"Copied","damage_taken":0,"max_hp_gain":0,"max_hp_loss":0,"event_name":"Duplicator","floor":48,"gold_loss":0,"cards_obtained":["Wallop"]}],"is_beta":false,"boss_relics":[{"not_picked":["Replay:Bronze Core","Kintsugi"],"picked":"Pandora\u0027s Box"},{"not_picked":["Empty Cage","Calling Bell"],"picked":"energizedSpire:BlackCloud"}],"items_purged_floors":[22],"is_endless":false,"potions_floor_spawned":[1,4,13,16,21,25,33],"ascension_level":12}}