{"host":"63jn9lre6xij8k68","time":1608096834,"event":{"mods":["AchievementEnabler","BaseMod","Colored Map","DeckTracker","Minty Spire (QoL Compilation)","StSLib","SuperFastMode"],"gold_per_floor":[109,284,284,297,297,297,325,325,350,364,435,451,477,489,489,587,587,599,121,36,36,47,47,47,47],"floor_reached":24,"playtime":431,"items_purged":["Strike_R"],"score":296,"play_id":"577ef240-2655-40d4-a745-b20b703fb0dd","local_time":"20201216143354","is_ascension_mode":true,"campfire_choices":[{"data":"Bash","floor":6,"key":"SMITH"},{"floor":8,"key":"REST"},{"floor":15,"key":"REST"},{"data":"Demon Form","floor":23,"key":"SMITH"}],"circlet_count":0,"master_deck":["Strike_R","Strike_R","Strike_R","Strike_R+1","Defend_R","Defend_R","Defend_R+1","Defend_R+1","Bash+1","Spot Weakness","Flame Barrier","Offering","Cleave","Demon Form+1","Offering","CurseOfTheBell","Double Tap","Heavy Blade","Twin Strike+1","Whirlwind","Heavy Blade","Sword Boomerang","Seeing Red"],"relics":["Philosopher\u0027s Stone","Art of War","Happy Flower","Matryoshka","Strawberry","Calling Bell","Vajra","The Courier","Torii","Whetstone","Ice Cream"],"acts_visited":["Exordium","TheCity"],"potions_floor_usage":[13,16,16,24],"damage_taken":[{"damage":8,"enemies":"Jaw Worm","floor":1,"turns":3},{"damage":7,"enemies":"Small Slimes","floor":4,"turns":3},{"damage":36,"enemies":"Gremlin Nob","floor":7,"turns":4},{"damage":0,"enemies":"2 Louse","floor":10,"turns":2},{"damage":8,"enemies":"Exordium Wildlife","floor":12,"turns":4},{"damage":11,"enemies":"3 Sentries","floor":13,"turns":4},{"damage":0,"enemies":"Looter","floor":14,"turns":2},{"damage":19,"enemies":"Slime Boss","floor":16,"turns":5},{"damage":12,"enemies":"Spheric Guardian","floor":18,"turns":4},{"damage":12,"enemies":"3 Byrds","floor":22,"turns":3},{"damage":51,"enemies":"Slavers","floor":24,"turns":2}],"seed_played":"8994602951662869749","potions_obtained":[{"floor":4,"key":"Ancient Potion"},{"floor":7,"key":"BlessingOfTheForge"},{"floor":12,"key":"Weak Potion"},{"floor":13,"key":"BlessingOfTheForge"},{"floor":18,"key":"FearPotion"}],"is_trial":false,"path_per_floor":["M","?","?","M","?","R","E","R","T","M","T","M","E","M","R","B",null,"M","$","?","?","M","R","E"],"character_chosen":"IRONCLAD","items_purchased":["Double Tap","Heavy Blade","Twin Strike","Whetstone","Whirlwind","Heavy Blade"],"campfire_rested":2,"item_purchase_floors":[19,19,19,19,19,19],"current_hp_per_floor":[64,64,64,57,41,41,5,29,29,29,29,21,17,17,43,24,71,59,59,59,59,47,47,0,0],"gold":47,"neow_bonus":"BOSS_RELIC","is_daily":false,"chose_seed":false,"campfire_upgraded":2,"win_rate":0.0,"timestamp":1608096834,"path_taken":["M","?","?","M","?","R","E","R","T","M","?","M","E","?","R","BOSS","M","$","?","?","M","R","E"],"items_purchased_type":["Card","Card","Card","Relic","Card","Card"],"build_version":"2020-12-13","purchased_purges":1,"victory":false,"max_hp_per_floor":[80,80,80,80,80,80,80,80,80,80,80,80,87,87,87,87,87,87,87,87,87,87,87,87,87],"card_choices":[{"not_picked":["Warcry","Thunderclap","Hemokinesis"],"picked":"SKIP","floor":1},{"not_picked":["Wild Strike","Rage"],"picked":"Spot Weakness","floor":4},{"not_picked":["Havoc","True Grit"],"picked":"Flame Barrier","floor":7},{"not_picked":["Wild Strike","Headbutt"],"picked":"Offering","floor":10},{"not_picked":["Twin Strike","Anger"],"picked":"Cleave","floor":12},{"not_picked":["Sword Boomerang","Wild Strike"],"picked":"Demon Form","floor":13},{"not_picked":["Perfected Strike","Anger","Flex"],"picked":"SKIP","floor":14},{"not_picked":["Juggernaut","Exhume"],"picked":"Offering","floor":16},{"not_picked":["Flex","Perfected Strike","Thunderclap"],"picked":"SKIP","floor":18},{"not_picked":["Clash","Cleave"],"picked":"Seeing Red","floor":22}],"player_experience":101360,"relics_obtained":[{"floor":7,"key":"Art of War"},{"floor":9,"key":"Happy Flower"},{"floor":11,"key":"Matryoshka"},{"floor":13,"key":"Strawberry"},{"floor":17,"key":"Vajra"},{"floor":17,"key":"The Courier"},{"floor":17,"key":"Torii"}],"event_choices":[{"damage_healed":0,"gold_gain":175,"player_choice":"AGREE","damage_taken":0,"max_hp_gain":0,"max_hp_loss":0,"event_name":"Liars Game","floor":2,"gold_loss":0,"cards_obtained":["Doubt"]},{"cards_removed":["Doubt"],"damage_healed":0,"gold_gain":0,"player_choice":"Forget","damage_taken":0,"max_hp_gain":0,"max_hp_loss":0,"event_name":"Living Wall","floor":3,"gold_loss":0},{"damage_healed":0,"gold_gain":0,"player_choice":"Entered Light","damage_taken":16,"max_hp_gain":0,"max_hp_loss":0,"event_name":"Shining Light","floor":5,"gold_loss":0,"cards_upgraded":["Defend_R","Defend_R"]},{"damage_healed":0,"gold_gain":0,"player_choice":"Obtained Relic","damage_taken":0,"relics_obtained":["Ice Cream"],"max_hp_gain":0,"max_hp_loss":0,"event_name":"Addict","floor":20,"gold_loss":85},{"damage_healed":0,"gold_gain":0,"player_choice":"Read","damage_taken":0,"max_hp_gain":0,"max_hp_loss":0,"event_name":"The Library","floor":21,"gold_loss":0,"cards_obtained":["Sword Boomerang"]}],"is_beta":false,"boss_relics":[{"not_picked":["Busted Crown","Sozu"],"picked":"Calling Bell"}],"items_purged_floors":[19],"is_endless":false,"potions_floor_spawned":[4,7,12,13,18],"killed_by":"Slavers","ascension_level":9}}