{"host":"90zmhqhem9nbzoc6","time":1608096165,"event":{"mods":["AchievementEnabler","BaseMod","Better Note","Better Third Choice","BetterRewards","Colored Map","Colored Powertips","Conspire","Downfall","Energized Spire","Friendly Minions","GifTheSpireLib","Hermit","Hubris","Infinite Spire","Minty Spire (QoL Compilation)","Quick Restart","Replay The Spire","StSLib","Stuff the Spire","The Blue Laboratory","The Jungle"],"gold_per_floor":[111,127,127,170,170,170,208,215,215],"floor_reached":8,"playtime":463,"items_purged":[],"score":44,"play_id":"b8480cbd-bba4-4d6a-a581-8118aa8b5f3d","local_time":"20201215212245","is_ascension_mode":false,"campfire_choices":[{"data":"hermit:Scavenge","floor":6,"key":"SMITH"}],"circlet_count":0,"master_deck":["hermit:Strike_Hermit","hermit:Strike_Hermit","hermit:Strike_Hermit","hermit:Strike_Hermit","hermit:Defend_Hermit","hermit:Defend_Hermit","hermit:Defend_Hermit","hermit:Defend_Hermit","hermit:Snapshot","hermit:Covet","hermit:Quickdraw","hermit:Scavenge+1","ReplayTheSpireMod:Splinters","hermit:Dive","hermit:Cheat","hermit:BodyArmor"],"relics":["hermit:Momento","Strawberry","StuffTheSpire:Rhapsscallions","Gremlin Food","Golden Egg","infinitespire:BottledMercury"],"acts_visited":["Exordium"],"potions_floor_usage":[8],"damage_taken":[{"damage":0,"enemies":"2 Louse","floor":1,"turns":2},{"damage":3,"enemies":"Jaw Worm","floor":2,"turns":3},{"damage":29,"enemies":"conspire:MimicChest","floor":7,"turns":9},{"damage":42,"enemies":"3 Sentries","floor":8,"turns":16}],"seed_played":"2820739468708094039","potions_obtained":[{"floor":4,"key":"BlessingOfTheForge"},{"floor":7,"key":"Swift Potion"}],"is_trial":false,"path_per_floor":["M","M","?","?","T","R","?","E"],"character_chosen":"HERMIT","items_purchased":["Strawberry","hermit:Quickdraw"],"campfire_rested":0,"item_purchase_floors":[0,0],"current_hp_per_floor":[82,79,84,84,84,84,55,13,13],"gold":215,"neow_bonus":"","is_daily":false,"chose_seed":false,"campfire_upgraded":1,"win_rate":0.0,"timestamp":1608096165,"path_taken":["M","M","?","?","?","R","?","E"],"items_purchased_type":["Relic","Card"],"build_version":"2020-12-13","purchased_purges":0,"victory":false,"max_hp_per_floor":[82,82,87,87,87,87,87,87,87],"card_choices":[{"not_picked":["hermit:Dive","hermit:Ricochet"],"picked":"hermit:Scavenge","floor":1},{"not_picked":["hermit:Quickdraw","hermit:Desperado","hermit:Feint"],"picked":"SKIP","floor":2},{"not_picked":["hermit:HighCaliber","hermit:LowProfile"],"picked":"hermit:Dive","floor":4},{"not_picked":["hermit:Quickdraw","hermit:OverwhelmingPower"],"picked":"hermit:Cheat","floor":4},{"not_picked":["hermit:HoleUp","hermit:Headshot"],"picked":"hermit:BodyArmor","floor":7}],"player_experience":200796,"relics_obtained":[{"floor":4,"key":"Gremlin Food"},{"floor":5,"key":"Golden Egg"},{"floor":7,"key":"infinitespire:BottledMercury"}],"event_choices":[],"is_beta":false,"boss_relics":[],"items_purged_floors":[],"is_endless":false,"potions_floor_spawned":[7],"killed_by":"3 Sentries","ascension_level":0}}