{"host":"elnvswdbusdewy2q","time":1608155701,"event":{"mods":["2.2 Compatiblity","BaseMod","CapriCore","Colored Map","Hermit","Koishi","Lobotomy","Marisa£¨Ùöéë¡¡Øª×âÞÞ£©","Minty Spire (QoL Compilation)","Rare Cards Sparkle","StSLib","Td1madao Mod","The Bug Knight","The Cursed","The Dragon Tamer","The Gatherer","The Hierophant","The Immortal","The Poker Player","The Runesmith","WarShipGirlsR/??á´Ò³R mod"],"gold_per_floor":[211,226,226,226,238,267,267,283,307,53,72,22,36,50,50,151,151,170,170,170,187,205,205,232,232,232],"floor_reached":25,"playtime":1138,"items_purged":[],"score":225,"play_id":"6073c983-208e-47f7-8546-d164721f4441","local_time":"20201217065501","is_ascension_mode":false,"campfire_choices":[{"floor":7,"key":"REST"},{"floor":15,"key":"REST"},{"data":"rmod:acesubmarine","floor":23,"key":"SMITH"}],"circlet_count":0,"master_deck":["rmod:strick","rmod:strick","rmod:strick","rmod:strick","rmod:defend","rmod:defend","rmod:defend","rmod:defend","rmod:basicallowance","rmod:maingunfire","rmod:aluminumsupply","rmod:lonelyqueen","rmod:heivgo","rmod:mineteam","rmod:expedition","rmod:aviationdawn+1","rmod:sl","rmod:royalracing","rmod:acesubmarine+1","rmod:intelligenceanalysis+1","rmod:circuitoustactics","rmod:fuelsupply+1"],"relics":["rmod:firstchargereward","Smiling Mask","Pen Nib","MealTicket","HollowMod:StagPassRelic","MutagenicStrength","rmod:quickrepair"],"acts_visited":["Exordium","TheCity"],"potions_floor_usage":[13,16,24,25],"damage_taken":[{"damage":0,"enemies":"Jaw Worm","floor":1,"turns":3},{"damage":0,"enemies":"Cultist","floor":2,"turns":3},{"damage":0,"enemies":"2 Louse","floor":5,"turns":2},{"damage":38,"enemies":"Gremlin Nob","floor":6,"turns":5},{"damage":0,"enemies":"Exordium Wildlife","floor":8,"turns":5},{"damage":8,"enemies":"Blue Slaver","floor":11,"turns":4},{"damage":0,"enemies":"2 Fungi Beasts","floor":13,"turns":2},{"damage":14,"enemies":"Exordium Wildlife","floor":14,"turns":4},{"damage":41,"enemies":"The Guardian","floor":16,"turns":10},{"damage":13,"enemies":"Shell Parasite","floor":18,"turns":5},{"damage":17,"enemies":"Centurion and Healer","floor":21,"turns":5},{"damage":14,"enemies":"Chosen and Byrds","floor":22,"turns":5},{"damage":41,"enemies":"Book of Stabbing","floor":24,"turns":5},{"damage":0,"enemies":"3 Cultists","floor":25,"turns":2}],"seed_played":"708752231142847102","potions_obtained":[{"floor":6,"key":"LiquidMemories"},{"floor":8,"key":"SteroidPotion"},{"floor":11,"key":"Explosive Potion"},{"floor":16,"key":"CultistPotion"},{"floor":24,"key":"SkillPotion"}],"is_trial":false,"path_per_floor":["M","M","?","?","M","E","R","M","T","$","M","$","M","M","R","B",null,"M","$","?","M","M","R","E","M"],"character_chosen":"PRAEFECT","items_purchased":["HollowMod:StagPassRelic","rmod:aviationdawn"],"campfire_rested":2,"item_purchase_floors":[10,12],"current_hp_per_floor":[75,75,50,43,43,5,27,27,27,42,34,49,49,35,57,16,75,62,75,75,58,44,44,3,3,3],"gold":232,"neow_bonus":"HUNDRED_GOLD","is_daily":false,"chose_seed":false,"campfire_upgraded":1,"win_rate":0.0,"timestamp":1608155701,"path_taken":["M","M","?","?","?","E","R","M","T","$","M","$","M","M","R","BOSS","M","$","?","M","M","R","E","M"],"items_purchased_type":["Relic","Card"],"build_version":"2020-12-13","purchased_purges":0,"victory":false,"max_hp_per_floor":[75,75,75,75,75,75,75,75,75,75,75,75,75,75,75,75,75,75,75,75,75,75,75,75,75,75],"card_choices":[{"not_picked":["rmod:unsinkable","rmod:firesupport"],"picked":"rmod:aluminumsupply","floor":1},{"not_picked":["rmod:punchline","rmod:diamondstrike"],"picked":"rmod:lonelyqueen","floor":2},{"not_picked":["rmod:fuelsupply","rmod:overbreakdown"],"picked":"rmod:heivgo","floor":5},{"not_picked":["rmod:lonelyqueen","rmod:steelsupply"],"picked":"rmod:mineteam","floor":6},{"not_picked":["rmod:tearstotiara","rmod:highspeedshooting","rmod:fuelsupply"],"picked":"SKIP","floor":8},{"not_picked":["rmod:unsinkable","rmod:u235"],"picked":"rmod:expedition","floor":11},{"not_picked":["rmod:fuelsupply","rmod:ring"],"picked":"rmod:sl","floor":13},{"not_picked":["rmod:concentratefire","rmod:aluminumsupply"],"picked":"rmod:royalracing","floor":14},{"not_picked":["rmod:fletcher","rmod:stealaluminum"],"picked":"rmod:acesubmarine","floor":16},{"not_picked":["rmod:fuelsupply","rmod:salvage"],"picked":"rmod:intelligenceanalysis+1","floor":18},{"not_picked":["rmod:highspeedshooting+1","rmod:unsinkable"],"picked":"rmod:circuitoustactics","floor":21},{"not_picked":["rmod:diamondstrike","rmod:wolves+1"],"picked":"rmod:fuelsupply+1","floor":22},{"not_picked":["rmod:circuitoustactics","rmod:salvage","rmod:punchline"],"picked":"SKIP","floor":24}],"player_experience":508961,"relics_obtained":[{"floor":6,"key":"Pen Nib"},{"floor":9,"key":"MealTicket"},{"floor":24,"key":"rmod:quickrepair"}],"event_choices":[{"damage_healed":0,"gold_gain":0,"player_choice":"Success","damage_taken":25,"relics_obtained":["Smiling Mask"],"max_hp_gain":0,"max_hp_loss":0,"event_name":"Scrap Ooze","floor":3,"gold_loss":0},{"damage_healed":0,"gold_gain":0,"player_choice":"Damaged","damage_taken":7,"max_hp_gain":0,"max_hp_loss":0,"event_name":"Wheel of Change","floor":4,"gold_loss":0},{"damage_healed":0,"gold_gain":0,"player_choice":"Inject Mutagens","damage_taken":0,"relics_obtained":["MutagenicStrength"],"max_hp_gain":0,"max_hp_loss":0,"event_name":"Drug Dealer","floor":20,"gold_loss":0}],"is_beta":false,"boss_relics":[{"not_picked":["Sozu","Cursed Key","Coffee Dripper"]}],"items_purged_floors":[],"is_endless":false,"potions_floor_spawned":[6,8,11,16,24],"killed_by":"3 Cultists","ascension_level":0}}