{"host":"ifd7sfhtlbe34qll","time":1608145210,"event":{"mods":["2.2 Compatiblity","BaseMod","Block Reminder","Colored Map","Downfall","Highlight Path","Minty Spire (QoL Compilation)","Potion Indicator Mod","Quick Restart","Random Character Button","Relic Stats","StSLib"],"gold_per_floor":[99,99,129,149,176,176,247,266,266,294,304,304,315,79,98,194,194,194,229,504,521,555,555,555,165,165,197,197,232,13,13,29,135,135,60,60,105,30,50,101,127,127,52,95,122,138,193,309,332,332,332,332,332],"floor_reached":52,"playtime":4012,"items_purged":["Regret","Regret","hexamod:Strike","Regret"],"score":1257,"play_id":"bf4919e3-f1ca-422e-8250-e4550e941094","local_time":"20201216130010","is_ascension_mode":true,"campfire_choices":[{"data":"hexamod:Float","floor":1,"key":"SMITH"},{"data":"hexamod:Incineration","floor":9,"key":"SMITH"},{"data":"hexamod:NightmareGuise","floor":18,"key":"SMITH"},{"floor":23,"key":"RECALL"},{"data":"hexamod:GiftsFromTheDead","floor":35,"key":"SMITH"},{"data":"hexamod:WildfireWeapon","floor":38,"key":"SMITH"},{"data":"hexamod:BurningTouch","floor":43,"key":"SMITH"}],"circlet_count":0,"master_deck":["hexamod:Strike+1","hexamod:Strike+1","hexamod:Defend","hexamod:Defend","hexamod:Defend+1","hexamod:Defend","hexamod:Sear","hexamod:Float+1","hexamod:CrushingStance+1","hexamod:HauntingEcho+1","hexamod:NightmareStrike","hexamod:SpectersWail+1","hexamod:Incineration+1","hexamod:TimeWarp+1","hexamod:SpectersWail+1","hexamod:HeatMetal","hexamod:NightmareGuise+1","hexamod:BurningTouch+1","hexamod:FifthSeal","hexamod:FifthSeal","hexamod:FifthSeal","hexamod:Hexaguard+1","hexamod:SecondSeal","hexamod:WildfireWeapon+1","hexamod:ThirdSeal","hexamod:FifthSeal","hexamod:SpectralAdrenaline+1","hexamod:ShieldOfDarkness+1","expansioncontent:YouAreMine+1","hexamod:FifthSeal","hexamod:FifthSeal","hexamod:TimeWarp+1","hexamod:FirstSeal","hexamod:GiftsFromTheDead+1","hexamod:FourthSeal","hexamod:Hexaguard+1","hexamod:ThirdSeal","hexamod:FirstSeal","hexamod:FourthSeal","hexamod:GhostShield+1","hexamod:GhostflameBarrier+1","hexamod:SecondSeal","hexamod:FlamesFromBeyond+1","hexamod:ThirdSeal","hexamod:FourthSeal","hexamod:FourthSeal","hexamod:GhostflameInferno+1","hexamod:ExtraCrispy","hexamod:FirstSeal","hexamod:ThirdSeal","hexamod:ThirdSeal","hexamod:FourthSeal","hexamod:ThirdSeal","hexamod:RadiantFlame+1","hexamod:HexaLevel","hexamod:PhantomFireball+1","hexamod:ThirdSeal","hexamod:ThirdSeal","hexamod:Hexaguard+1","hexamod:TimeOfNeed+1","hexamod:EmpoweredFlame+1","hexamod:ThirdSeal","hexamod:ThirdSeal","hexamod:ThirdSeal","hexamod:SpectralAdrenaline+1","expansioncontent:CaCaw","hexamod:ThirdSeal","hexamod:ThirdSeal","hexamod:ThirdSeal","Parasite","hexamod:TurnItUp+1","hexamod:GhostflameInferno+1","hexamod:ThirdSeal","hexamod:ThirdSeal","hexamod:RainOfEmbers+1"],"relics":["hexamod:SpiritBrand","FossilizedHelix","Matryoshka","Smiling Mask","Pear","Darkstone Periapt","champ:Barbells","Velvet Choker","Blood Vial","sneckomod:BlankCard","hexamod:MatchstickCase","WingedGreaves","HornCleat","Potion Belt","Toxic Egg 2","Cursed Key","downfall:HeartBlessingGreen","hexamod:TheBrokenSeal","Akabeko","downfall:HeartBlessingRed","Mummified Hand","downfall:HeartBlessingBlue","Gambling Chip","Whetstone","White Beast Statue"],"acts_visited":["Exordium","TheCity","TheBeyond","TheEnding"],"potions_floor_usage":[16,19,25,27,27,33,47,52,52,52,52,52,52,52,52,52,52],"damage_taken":[{"damage":21,"enemies":"3 Sentries","floor":3,"turns":8},{"damage":0,"enemies":"2 Louse","floor":4,"turns":3},{"damage":12,"enemies":"Gremlin Nob","floor":5,"turns":4},{"damage":1,"enemies":"Jaw Worm","floor":8,"turns":2},{"damage":6,"enemies":"Lagavulin","floor":10,"turns":4},{"damage":0,"enemies":"Small Slimes","floor":11,"turns":3},{"damage":0,"enemies":"Exordium Thugs","floor":13,"turns":3},{"damage":6,"enemies":"downfall:FleeingMerchant","floor":14,"turns":4},{"damage":0,"enemies":"2 Fungi Beasts","floor":15,"turns":3},{"damage":19,"enemies":"downfall:Silent","floor":16,"turns":6},{"damage":7,"enemies":"Book of Stabbing","floor":19,"turns":5},{"damage":0,"enemies":"Spheric Guardian","floor":21,"turns":3},{"damage":32,"enemies":"Gremlin Leader","floor":22,"turns":8},{"damage":0,"enemies":"downfall:FleeingMerchant","floor":25,"turns":4},{"damage":0,"enemies":"Chosen","floor":26,"turns":1},{"damage":36,"enemies":"Slavers","floor":27,"turns":5},{"damage":8,"enemies":"Shelled Parasite and Fungi","floor":29,"turns":6},{"damage":0,"enemies":"downfall:FleeingMerchant","floor":30,"turns":4},{"damage":0,"enemies":"Snake Plant","floor":32,"turns":4},{"damage":26,"enemies":"downfall:Defect","floor":33,"turns":9},{"damage":3,"enemies":"Nemesis","floor":37,"turns":7},{"damage":0,"enemies":"3 Darklings","floor":39,"turns":3},{"damage":34,"enemies":"Giant Head","floor":40,"turns":8},{"damage":21,"enemies":"Nemesis","floor":44,"turns":7},{"damage":0,"enemies":"Orb Walker","floor":45,"turns":3},{"damage":0,"enemies":"Spire Growth","floor":46,"turns":5},{"damage":0,"enemies":"downfall:FleeingMerchant","floor":47,"turns":4},{"damage":10,"enemies":"downfall:LadyInBlue","floor":48,"turns":10},{"damage":24,"enemies":"Writhing Mass","floor":49,"turns":8},{"damage":0,"enemies":"downfall:Watcher","floor":50,"turns":11},{"damage":124,"enemies":"downfall:CharBossMerchant","floor":52,"turns":10}],"seed_played":"-1456407474681767018","potions_obtained":[{"floor":10,"key":"EssenceOfSteel"},{"floor":13,"key":"Energy Potion"},{"floor":15,"key":"ColorlessPotion"},{"floor":16,"key":"FairyPotion"},{"floor":22,"key":"Block Potion"},{"floor":25,"key":"DuplicationPotion"},{"floor":27,"key":"Guardian:BlockOnCardUsePotion"},{"floor":29,"key":"Strength Potion"},{"floor":32,"key":"BlessingOfTheForge"},{"floor":37,"key":"hexamod:InfernoChargePotion"},{"floor":44,"key":"Dexterity Potion"},{"floor":44,"key":"hexamod:DoubleChargePotion"},{"floor":45,"key":"EntropicBrew"},{"floor":48,"key":"EntropicBrew"},{"floor":48,"key":"FairyPotion"},{"floor":48,"key":"DuplicationPotion"}],"is_trial":false,"path_per_floor":["R","?","E","M","E","?","T","M","R","E","M","?","M","$","M","B",null,"R","E","?","M","E","R","T","$","M","E","T","M","$","?","M","B",null,"R","?","E","R","M","E","T","?","R","E","M","M","$","?","M","B",null,"E"],"character_chosen":"THE_SPIRIT","items_purchased":["champ:Barbells","hexamod:NightmareGuise","HornCleat","hexamod:SecondSeal","Regen Potion","expansioncontent:YouAreMine+1","expansioncontent:CaCaw","Whetstone"],"campfire_rested":0,"item_purchase_floors":[14,14,25,25,30,30,47,47],"current_hp_per_floor":[63,63,42,42,30,30,40,39,39,33,33,33,33,27,27,8,73,73,66,72,74,44,44,44,46,48,14,14,15,24,24,26,24,79,79,79,89,89,89,69,75,75,85,80,82,91,93,105,101,111,111,0,0],"gold":332,"neow_bonus":"THREE_RARE_CARDS","is_daily":false,"chose_seed":false,"campfire_upgraded":6,"win_rate":0.0,"timestamp":1608145210,"path_taken":["R","?","E","M","E","?","T","M","R","E","M","?","M","$","M","BOSS","R","E","?","M","E","R","T","$","?","E","?","M","$","?","M","BOSS","R","?","E","R","M","E","T","?","R","E","M","M","$","?","M","BOSS","E"],"items_purchased_type":["Relic","Card","Relic","Card","Potion","Card","Card","Relic"],"build_version":"2020-12-13","purchased_purges":4,"victory":false,"max_hp_per_floor":[63,63,63,63,63,63,73,73,73,73,73,73,73,73,73,73,73,73,73,79,79,79,79,79,79,79,79,79,79,79,79,79,79,79,79,79,89,89,89,89,95,95,105,105,105,105,105,105,111,111,111,111,111],"relic_stats":{"Darkstone Periapt":18,"Blood Vial":30,"counters":[31,165],"Mummified Hand":[184],"Gambling Chip":[26],"Whetstone":["hexamod:SpectersWail","hexamod:SpectersWail"],"Smiling Mask":250,"Cursed Key":1,"obtain_stats":[{"Darkstone Periapt":10,"sneckomod:BlankCard":22,"downfall:HeartBlessingGreen":35,"Whetstone":47,"Smiling Mask":7,"Cursed Key":34,"Blood Vial":19,"Matryoshka":5,"downfall:BrokenWingStatue":12,"HornCleat":25,"Mummified Hand":40,"downfall:HeartBlessingBlue":43,"Gambling Chip":44,"WingedGreaves":24,"Toxic Egg 2":28,"hexamod:SpiritBrand":0,"Potion Belt":27,"champ:Barbells":14,"Pear":7,"downfall:HeartBlessingRed":38,"Velvet Choker":17,"hexamod:TheBrokenSeal":37,"Akabeko":37,"White Beast Statue":48,"hexamod:MatchstickCase":24,"FossilizedHelix":3},{"Darkstone Periapt":5,"sneckomod:BlankCard":13,"downfall:HeartBlessingGreen":20,"Whetstone":27,"Smiling Mask":3,"Cursed Key":20,"Blood Vial":11,"Matryoshka":3,"downfall:BrokenWingStatue":6,"HornCleat":14,"Mummified Hand":23,"downfall:HeartBlessingBlue":23,"Gambling Chip":24,"WingedGreaves":13,"Toxic Egg 2":16,"hexamod:SpiritBrand":0,"Potion Belt":16,"champ:Barbells":8,"Pear":3,"downfall:HeartBlessingRed":21,"Velvet Choker":10,"hexamod:TheBrokenSeal":21,"Akabeko":21,"White Beast Statue":28,"hexamod:MatchstickCase":13,"FossilizedHelix":1},{"Darkstone Periapt":21,"sneckomod:BlankCard":56,"downfall:HeartBlessingGreen":89,"Whetstone":126,"Smiling Mask":15,"Cursed Key":89,"Blood Vial":45,"Matryoshka":15,"downfall:BrokenWingStatue":24,"HornCleat":60,"Mummified Hand":107,"downfall:HeartBlessingBlue":107,"Gambling Chip":114,"WingedGreaves":56,"Toxic Egg 2":66,"hexamod:SpiritBrand":0,"Potion Belt":66,"champ:Barbells":31,"Pear":15,"downfall:HeartBlessingRed":96,"Velvet Choker":40,"hexamod:TheBrokenSeal":93,"Akabeko":96,"White Beast Statue":136,"hexamod:MatchstickCase":56,"FossilizedHelix":8}]},"card_choices":[{"not_picked":["hexamod:GiftsFromTheDead","hexamod:TurnItUp"],"picked":"hexamod:CrushingStance","floor":0},{"not_picked":["hexamod:Firestarter","hexamod:UnleashSpirits"],"picked":"hexamod:HauntingEcho","floor":3},{"not_picked":["hexamod:SwordOfDarkness","hexamod:AdvancingGuard"],"picked":"hexamod:NightmareStrike","floor":4},{"not_picked":["hexamod:GhostLash","hexamod:HauntingEcho"],"picked":"hexamod:SpectersWail","floor":5},{"not_picked":["hexamod:ChargedBarrage","hexamod:NightmareGuise"],"picked":"hexamod:Incineration","floor":8},{"not_picked":["hexamod:AdvancingGuard","hexamod:FastForward","hexamod:RainOfEmbers"],"picked":"SKIP","floor":10},{"not_picked":["hexamod:RainOfEmbers","hexamod:PowerFromBeyond"],"picked":"hexamod:TimeWarp","floor":11},{"not_picked":["hexamod:BurningTouch","hexamod:HeatCrush"],"picked":"hexamod:SpectersWail","floor":13},{"not_picked":["hexamod:NecessarySacrifice","hexamod:SoulSteal"],"picked":"hexamod:HeatMetal","floor":14},{"not_picked":["hexamod:RainOfEmbers","hexamod:InspiringFlames"],"picked":"hexamod:BurningTouch","floor":15},{"not_picked":["hexamod:CrushingStance","hexamod:GiftsFromTheDead"],"picked":"hexamod:FifthSeal","floor":16},{"not_picked":["hexamod:ThirdSeal","hexamod:SecondSeal"],"picked":"hexamod:FourthSeal","floor":19},{"not_picked":["hexamod:CatchUp","hexamod:ThermalTransfer","hexamod:SoulSteal"],"picked":"SKIP","floor":19},{"not_picked":["hexamod:BacktrackSmack+1","hexamod:SoulSteal","hexamod:ChargedBarrage"],"picked":"SKIP","floor":21},{"not_picked":["hexamod:FirstSeal","hexamod:SecondSeal"],"picked":"hexamod:FifthSeal","floor":22},{"not_picked":["hexamod:EmpoweredFlame","hexamod:Hexaguard"],"picked":"hexamod:SecondSeal","floor":22},{"not_picked":["hexamod:FirstSeal","hexamod:ThirdSeal"],"picked":"hexamod:FifthSeal","floor":25},{"not_picked":["hexamod:FirstSeal","hexamod:FourthSeal"],"picked":"hexamod:FifthSeal","floor":25},{"not_picked":["hexamod:AdvancingGuard","hexamod:Firestarter"],"picked":"hexamod:Hexaguard","floor":25},{"not_picked":["hexamod:GhostLash","hexamod:AdvancingGuard","hexamod:BurningTouch"],"picked":"SKIP","floor":26},{"not_picked":["hexamod:SecondSeal","hexamod:FourthSeal"],"picked":"hexamod:FirstSeal","floor":27},{"not_picked":["hexamod:FifthSeal","hexamod:FirstSeal"],"picked":"hexamod:ThirdSeal","floor":27},{"not_picked":["hexamod:SpectersWail","hexamod:InspiringFlames+1","hexamod:HauntingEcho"],"picked":"SKIP","floor":27},{"not_picked":["hexamod:HeatCrush","hexamod:HeatMetal"],"picked":"hexamod:WildfireWeapon","floor":29},{"not_picked":["hexamod:FirstSeal","hexamod:FourthSeal"],"picked":"hexamod:ThirdSeal","floor":29},{"not_picked":["hexamod:GhostOfSpirePast","hexamod:SpectersWail+1","hexamod:ThermalTransfer"],"picked":"SKIP","floor":29},{"not_picked":["hexamod:FourthSeal","hexamod:FirstSeal"],"picked":"hexamod:FifthSeal","floor":30},{"not_picked":["hexamod:NightmareGuise+1","hexamod:SoulSteal+1"],"picked":"hexamod:SpectralAdrenaline+1","floor":30},{"not_picked":["hexamod:PhantomFireball","hexamod:Again+1"],"picked":"hexamod:ShieldOfDarkness+1","floor":30},{"not_picked":["hexamod:FourthSeal","hexamod:ThirdSeal"],"picked":"hexamod:FifthSeal","floor":32},{"not_picked":["hexamod:FourthSeal","hexamod:ThirdSeal"],"picked":"hexamod:FifthSeal","floor":32},{"not_picked":["hexamod:Firestarter","hexamod:GhostShield+1","hexamod:GhostLash+1"],"picked":"SKIP","floor":32},{"not_picked":["hexamod:GiftsFromTheDead","hexamod:TimeOfNeed+1"],"picked":"hexamod:SixthSeal","floor":33},{"not_picked":["hexamod:VolcanoVisage","hexamod:UnlimitedPower+1"],"picked":"hexamod:TimeWarp","floor":33},{"not_picked":["hexamod:FourthSeal","hexamod:ThirdSeal"],"picked":"hexamod:FirstSeal","floor":33},{"not_picked":["hexamod:ApocalypticArmor","hexamod:TimeWarp"],"picked":"hexamod:GiftsFromTheDead","floor":33},{"not_picked":["hexamod:SecondSeal","hexamod:FirstSeal"],"picked":"hexamod:FourthSeal","floor":33},{"not_picked":["hexamod:NightmareGuise+1","hexamod:GhostflameBarrier+1"],"picked":"hexamod:Hexaguard+1","floor":37},{"not_picked":["hexamod:FifthSeal","hexamod:FirstSeal"],"picked":"hexamod:ThirdSeal","floor":37},{"not_picked":["hexamod:FifthSeal","hexamod:SecondSeal"],"picked":"hexamod:FirstSeal","floor":37},{"not_picked":["hexamod:FifthSeal","hexamod:SecondSeal"],"picked":"hexamod:FourthSeal","floor":37},{"not_picked":["hexamod:GhostShield+1","hexamod:HeatCrush","hexamod:ExtraCrispy+1"],"picked":"SKIP","floor":37},{"not_picked":["hexamod:HeatCrush","hexamod:ExtraCrispy+1"],"picked":"hexamod:GhostShield+1","floor":37},{"not_picked":["hexamod:HeatShield+1","hexamod:SoulSteal+1"],"picked":"hexamod:GhostflameBarrier+1","floor":39},{"not_picked":["hexamod:ThirdSeal","hexamod:FourthSeal"],"picked":"hexamod:SecondSeal","floor":39},{"not_picked":["hexamod:FifthSeal","hexamod:FirstSeal","hexamod:ThirdSeal"],"picked":"SKIP","floor":39},{"not_picked":["hexamod:FifthSeal","hexamod:FirstSeal","hexamod:SecondSeal"],"picked":"SKIP","floor":39},{"not_picked":["hexamod:HauntingEcho+1","hexamod:PhantomFireball","hexamod:SwordOfDarkness+1"],"picked":"SKIP","floor":39},{"not_picked":["hexamod:GhostOfSpireFuture+1","hexamod:NightmareStrike"],"picked":"hexamod:FlamesFromBeyond+1","floor":40},{"not_picked":["hexamod:FifthSeal","hexamod:FourthSeal"],"picked":"hexamod:ThirdSeal","floor":40},{"not_picked":["hexamod:SecondSeal","hexamod:FirstSeal"],"picked":"hexamod:FourthSeal","floor":40},{"not_picked":["hexamod:ThirdSeal","hexamod:SecondSeal"],"picked":"hexamod:FourthSeal","floor":40},{"not_picked":["hexamod:GhostflameBarrier+1","hexamod:RainOfEmbers"],"picked":"hexamod:GhostflameInferno+1","floor":40},{"not_picked":["hexamod:BurningTouch+1","hexamod:BacktrackSmack+1"],"picked":"hexamod:ExtraCrispy","floor":40},{"not_picked":["hexamod:SecondSeal","hexamod:FourthSeal"],"picked":"hexamod:FirstSeal","floor":44},{"not_picked":["hexamod:FirstSeal","hexamod:FourthSeal"],"picked":"hexamod:ThirdSeal","floor":44},{"not_picked":["hexamod:SecondSeal","hexamod:FifthSeal"],"picked":"hexamod:ThirdSeal","floor":44},{"not_picked":["hexamod:FifthSeal","hexamod:FirstSeal"],"picked":"hexamod:FourthSeal","floor":44},{"not_picked":["hexamod:FourthSeal","hexamod:FifthSeal"],"picked":"hexamod:ThirdSeal","floor":44},{"not_picked":["hexamod:GhostOfSpirePast+1","hexamod:FlamesFromBeyond+1"],"picked":"hexamod:RadiantFlame+1","floor":44},{"not_picked":["hexamod:GhostOfSpirePast+1","hexamod:SearingWound+1"],"picked":"hexamod:HexaLevel","floor":44},{"not_picked":["hexamod:RainOfEmbers","hexamod:SoulSteal+1"],"picked":"hexamod:PhantomFireball+1","floor":45},{"not_picked":["hexamod:FourthSeal","hexamod:SecondSeal"],"picked":"hexamod:ThirdSeal","floor":45},{"not_picked":["hexamod:SecondSeal","hexamod:FifthSeal"],"picked":"hexamod:ThirdSeal","floor":45},{"not_picked":["hexamod:RainOfEmbers","hexamod:GhostShield+1"],"picked":"hexamod:Hexaguard+1","floor":45},{"not_picked":["hexamod:SecondSeal","hexamod:FourthSeal","hexamod:FirstSeal"],"picked":"SKIP","floor":45},{"not_picked":["hexamod:SecondSeal","hexamod:ThirdSeal","hexamod:FourthSeal"],"picked":"SKIP","floor":45},{"not_picked":["hexamod:HeatMetal+1","hexamod:BacktrackSmack"],"picked":"hexamod:TimeOfNeed+1","floor":46},{"not_picked":["hexamod:HauntingEcho+1","hexamod:GhostShield+1"],"picked":"hexamod:EmpoweredFlame+1","floor":46},{"not_picked":["hexamod:ThermalTransfer","hexamod:NightmareGuise+1"],"picked":"hexamod:ThirdSeal","floor":46},{"not_picked":["hexamod:FirstSeal","hexamod:SecondSeal"],"picked":"hexamod:ThirdSeal","floor":46},{"not_picked":["hexamod:SecondSeal","hexamod:FirstSeal"],"picked":"hexamod:ThirdSeal","floor":46},{"not_picked":["hexamod:GhostShield+1","hexamod:NecessarySacrifice+1","hexamod:FourthSeal"],"picked":"SKIP","floor":46},{"not_picked":["hexamod:SpectersWail+1","hexamod:Incineration","hexamod:ThermalTransfer"],"picked":"SKIP","floor":46},{"not_picked":["hexamod:UnleashSpirits","hexamod:RecurringNightmare+1"],"picked":"hexamod:SpectralAdrenaline+1","floor":47},{"not_picked":["hexamod:RainOfEmbers","hexamod:Firestarter+1","hexamod:ChargedBarrage+1"],"picked":"SKIP","floor":47},{"not_picked":["hexamod:SecondSeal","hexamod:GhostOfSpirePresent+1","hexamod:FlamesFromBeyond+1"],"picked":"SKIP","floor":47},{"not_picked":["hexamod:FirstSeal","hexamod:FifthSeal"],"picked":"hexamod:ThirdSeal","floor":48},{"not_picked":["hexamod:FourthSeal","hexamod:FifthSeal"],"picked":"hexamod:ThirdSeal","floor":48},{"not_picked":["hexamod:RadiantFlame","hexamod:TimeWarp"],"picked":"hexamod:ThirdSeal","floor":48},{"not_picked":["hexamod:EtherealExpedition+1","hexamod:ThermalTransfer"],"picked":"hexamod:TurnItUp+1","floor":49},{"not_picked":["hexamod:Hexaguard+1","hexamod:HeatShield+1"],"picked":"hexamod:GhostflameInferno+1","floor":49},{"not_picked":["hexamod:FirstSeal","hexamod:FifthSeal"],"picked":"hexamod:ThirdSeal","floor":49},{"not_picked":["hexamod:FirstSeal","hexamod:SecondSeal"],"picked":"hexamod:ThirdSeal","floor":49},{"not_picked":["hexamod:InspiringFlames+1","hexamod:NightmareGuise+1"],"picked":"hexamod:RainOfEmbers+1","floor":49},{"not_picked":["hexamod:AdvancingGuard+1","hexamod:CatchUp+1","hexamod:ThermalTransfer+1"],"picked":"SKIP","floor":49},{"not_picked":["hexamod:BurningTouch+1","hexamod:Hexaguard+1","hexamod:GhostLash"],"picked":"SKIP","floor":49},{"not_picked":["hexamod:Haunt+1","hexamod:ShieldOfDarkness+1","hexamod:Hexaguard+1"],"picked":"SKIP","floor":49},{"not_picked":["hexamod:GhostLash","hexamod:CatchUp+1","hexamod:HauntingEcho"],"picked":"SKIP","floor":49},{"not_picked":["hexamod:DynamicBlow+1","hexamod:AdvancingGuard+1","hexamod:ThermalTransfer"],"picked":"SKIP","floor":49},{"not_picked":["hexamod:Again+1","hexamod:FastForward+1","hexamod:HeatCrush+1"],"picked":"SKIP","floor":49},{"not_picked":["hexamod:GhostLash+1","hexamod:GhostflameBarrier+1","hexamod:Hexaguard+1"],"picked":"SKIP","floor":49},{"not_picked":["hexamod:FourthSeal","hexamod:FifthSeal","hexamod:SecondSeal"],"picked":"SKIP","floor":49},{"not_picked":["hexamod:FirstSeal","hexamod:SecondSeal","hexamod:FifthSeal"],"picked":"SKIP","floor":49}],"player_experience":1574270,"relics_obtained":[{"floor":3,"key":"FossilizedHelix"},{"floor":5,"key":"Matryoshka"},{"floor":7,"key":"Smiling Mask"},{"floor":7,"key":"Pear"},{"floor":10,"key":"Darkstone Periapt"},{"floor":19,"key":"Blood Vial"},{"floor":22,"key":"sneckomod:BlankCard"},{"floor":24,"key":"hexamod:MatchstickCase"},{"floor":24,"key":"WingedGreaves"},{"floor":27,"key":"Potion Belt"},{"floor":28,"key":"Toxic Egg 2"},{"floor":37,"key":"Akabeko"},{"floor":40,"key":"Mummified Hand"},{"floor":44,"key":"Gambling Chip"},{"floor":48,"key":"White Beast Statue"}],"event_choices":[{"damage_healed":0,"gold_gain":0,"player_choice":"Forge","damage_taken":0,"max_hp_gain":0,"max_hp_loss":0,"event_name":"Accursed Blacksmith","floor":31,"gold_loss":0,"cards_upgraded":["hexamod:Hexaguard"]}],"is_beta":false,"boss_relics":[{"not_picked":["Tiny House","Snecko Eye"],"picked":"Velvet Choker"},{"not_picked":["Busted Crown","hexamod:IceCube"],"picked":"Cursed Key"}],"items_purged_floors":[14,25,30,47],"is_endless":false,"potions_floor_spawned":[10,13,15,16,29,32],"killed_by":"downfall:CharBossMerchant","ascension_level":4}}