{"host":"og6lam4kt3nibbw0","time":1608136786,"event":{"mods":["AchievementEnabler","BaseMod","Colored Map","DeckTracker","Highlight Path","Keyboard Shortcuts","Minty Spire (QoL Compilation)","Permanent Neow","Quick Restart","StSLib","SuperFastMode"],"gold_per_floor":[116,127,127,143,67,67,98,98,98,98,23,48,67,82,82,82,82],"floor_reached":16,"playtime":673,"items_purged":["Strike_B"],"score":204,"play_id":"0d08663c-02bc-47d1-91bb-caf1ec9a7f14","local_time":"20201217013946","is_ascension_mode":true,"campfire_choices":[{"data":"Seek","floor":8.0,"key":"SMITH"},{"data":"Reboot","floor":10.0,"key":"SMITH"},{"floor":15.0,"key":"REST"}],"circlet_count":0,"master_deck":["AscendersBane","Strike_B","Strike_B","Defend_B","Defend_B","Defend_B","Defend_B","Zap","Dualcast","Meteor Strike","Streamline","Turbo","Reboot+1","Seek+1","Self Repair","Rebound","Beam Cell"],"relics":["Cracked Core","Golden Idol","Centennial Puzzle","Question Card"],"acts_visited":["Exordium"],"potions_floor_usage":[],"damage_taken":[{"damage":2.0,"enemies":"2 Louse","floor":1.0,"turns":2.0},{"damage":6.0,"enemies":"Cultist","floor":2.0,"turns":3.0},{"damage":10.0,"enemies":"Small Slimes","floor":4.0,"turns":3.0},{"damage":20.0,"enemies":"3 Sentries","floor":7.0,"turns":6.0},{"damage":14.0,"enemies":"Red Slaver","floor":12.0,"turns":2.0},{"damage":11.0,"enemies":"2 Fungi Beasts","floor":13.0,"turns":3.0},{"damage":2.0,"enemies":"Large Slime","floor":14.0,"turns":2.0},{"damage":28,"enemies":"Hexaghost","floor":16,"turns":9}],"seed_played":"9025798190621151860","potions_obtained":[{"floor":2.0,"key":"LiquidBronze"},{"floor":13.0,"key":"BlessingOfTheForge"}],"is_trial":false,"path_per_floor":["M","M","?","M","$","?","E","R","T","R","$","M","M","M","R","B"],"character_chosen":"DEFECT","items_purchased":["Reboot"],"campfire_rested":1,"item_purchase_floors":[5],"current_hp_per_floor":[62,56,56,46,46,46,26,26,26,26,26,12,8,13,30,2,2],"gold":82,"neow_bonus":"THREE_RARE_CARDS","is_daily":false,"chose_seed":false,"campfire_upgraded":2,"win_rate":0.0,"timestamp":1608136786,"path_taken":["M","M","?","M","$","?","E","R","T","R","$","M","?","M","R","BOSS"],"items_purchased_type":["Card"],"build_version":"2020-12-13","purchased_purges":1,"victory":false,"max_hp_per_floor":[64,64,58,58,58,58,58,58,58,58,58,58,58,58,58,58,58],"card_choices":[{"not_picked":["All For One","Machine Learning"],"picked":"Meteor Strike","floor":0.0},{"not_picked":["Redo","Coolheaded"],"picked":"Streamline","floor":1.0},{"not_picked":["Redo","Lockon","Coolheaded"],"picked":"SKIP","floor":2.0},{"not_picked":["Genetic Algorithm","Ball Lightning"],"picked":"Turbo","floor":4.0},{"not_picked":["Ball Lightning","Gash"],"picked":"Seek","floor":7.0},{"not_picked":["Tempest","Blizzard","Ball Lightning"],"picked":"Self Repair","floor":12.0},{"not_picked":["Genetic Algorithm","Steam","Cold Snap"],"picked":"Rebound","floor":13.0},{"not_picked":["Consume","Multi-Cast","Conserve Battery"],"picked":"Beam Cell","floor":14.0}],"player_experience":769586,"relics_obtained":[{"floor":7.0,"key":"Centennial Puzzle"},{"floor":9.0,"key":"Question Card"}],"event_choices":[{"damage_healed":0.0,"max_hp_gain":0.0,"max_hp_loss":6.0,"gold_gain":0.0,"event_name":"Golden Idol","player_choice":"Lose Max HP","floor":3.0,"gold_loss":0.0,"damage_taken":0.0,"relics_obtained":["Golden Idol"]},{"cards_removed":["Strike_B"],"damage_healed":0.0,"max_hp_gain":0.0,"max_hp_loss":0.0,"gold_gain":0.0,"event_name":"Purifier","player_choice":"Purged","floor":6.0,"gold_loss":0.0,"damage_taken":0.0}],"is_beta":false,"boss_relics":[],"items_purged_floors":[11],"is_endless":false,"potions_floor_spawned":[2,13],"killed_by":"Hexaghost","ascension_level":20}}