{"host":"ab2s6ezjqdgtrlyf","time":1608122277,"event":{"mods":["BaseMod","Colored Map","Highlight Path","Marked Mod","Minty Spire (QoL Compilation)","Quick Restart","Relic Stats","Replay The Spire","StSLib","Waifu the Spire","vexMod"],"gold_per_floor":[116,116,59,77,77,77,110,110,133,179,206,237,260,284,296,308,308],"floor_reached":16,"playtime":511,"items_purged":[],"score":267,"play_id":"01f0e048-54b3-401c-bec3-15bbf65ccf0f","local_time":"20201216203757","is_ascension_mode":true,"campfire_choices":[{"data":"Darkness","floor":6.0,"key":"SMITH"},{"data":"Darkness","floor":8.0,"key":"SMITH"},{"floor":15,"key":"REST"}],"circlet_count":0,"master_deck":["AscendersBane","Strike_B","Strike_B","Strike_B","Strike_B","Defend_B","Defend_B","Defend_B","Zap","Dualcast","BasicCrystalCard","Steam","Darkness+1","Darkness+1","Leap","Mirror Shield","Ball Lightning"],"relics":["Cracked Core","NeowsBlessing","Tiny Chest","TungstenRod","MawBank","Toy Ornithopter"],"acts_visited":["Exordium"],"potions_floor_usage":[16],"damage_taken":[{"damage":0.0,"enemies":"Small Slimes","floor":1.0,"turns":1.0},{"damage":0.0,"enemies":"Cultist","floor":4.0,"turns":1.0},{"damage":0.0,"enemies":"3 Sentries","floor":7.0,"turns":1.0},{"damage":12.0,"enemies":"Lagavulin","floor":10.0,"turns":5.0},{"damage":0.0,"enemies":"Jaw Worm","floor":11.0,"turns":3.0},{"damage":12,"enemies":"Exordium Wildlife","floor":12,"turns":4},{"damage":0,"enemies":"Blue Slaver","floor":13,"turns":4},{"damage":0,"enemies":"Red Slaver","floor":14,"turns":3},{"damage":43,"enemies":"Fading Forest","floor":16,"turns":12}],"seed_played":"-6259773407125711010","potions_obtained":[{"floor":4.0,"key":"SteroidPotion"},{"floor":7.0,"key":"Dexterity Potion"},{"floor":11,"key":"PowerPotion"}],"is_trial":false,"path_per_floor":["M","?","$","M","?","R","E","R","T","E","M","M","M","M","R","B"],"character_chosen":"DEFECT","items_purchased":["Darkness"],"campfire_rested":1,"item_purchase_floors":[3],"current_hp_per_floor":[64,64,64,64,53,53,53,53,53,41,41,29,29,29,50,30,30],"gold":308,"neow_bonus":"THREE_ENEMY_KILL","is_daily":false,"chose_seed":false,"campfire_upgraded":2,"win_rate":0.0,"timestamp":1608122277,"path_taken":["M","?","?","M","?","R","E","R","T","E","?","M","M","M","R","BOSS"],"items_purchased_type":["Card"],"build_version":"2020-12-13","purchased_purges":0,"victory":false,"max_hp_per_floor":[71,71,71,71,71,71,71,71,71,71,71,71,71,71,71,71,71],"relic_stats":{"counters":[9,34],"Tiny Chest":0,"MawBank":84,"obtain_stats":[{"NeowsBlessing":0,"Tiny Chest":5,"Cracked Core":0,"MawBank":9,"TungstenRod":7,"Toy Ornithopter":10},{"NeowsBlessing":0,"Tiny Chest":2,"Cracked Core":0,"MawBank":3,"TungstenRod":3,"Toy Ornithopter":4},{"NeowsBlessing":0,"Tiny Chest":2,"Cracked Core":0,"MawBank":3,"TungstenRod":3,"Toy Ornithopter":8}],"TungstenRod":10,"Toy Ornithopter":5},"card_choices":[{"not_picked":["Rebound","Sweeping Beam"],"picked":"BasicCrystalCard","floor":1.0},{"not_picked":["Hologram","Gash"],"picked":"Leap","floor":4.0},{"not_picked":["Beam Cell","Panic Button","BasicCrystalCard"],"picked":"SKIP","floor":7.0},{"not_picked":["Go for the Eyes","Scrape","Tempest"],"picked":"SKIP","floor":10.0},{"not_picked":["Streamline","FIFO Queue","Leap"],"picked":"SKIP","floor":11},{"not_picked":["Gash","Rebound"],"picked":"Mirror Shield","floor":12},{"not_picked":["Barrage","Heatsinks"],"picked":"Ball Lightning","floor":13},{"not_picked":["Beam Cell","Sweeping Beam","Panic Button"],"picked":"SKIP","floor":14}],"player_experience":785792,"relics_obtained":[{"floor":7.0,"key":"TungstenRod"},{"floor":9.0,"key":"MawBank"},{"floor":10.0,"key":"Toy Ornithopter"}],"event_choices":[{"damage_healed":0.0,"max_hp_gain":0.0,"max_hp_loss":0.0,"gold_gain":0.0,"cards_transformed":["Defend_B"],"event_name":"Transmorgrifier","player_choice":"Transformed","floor":2.0,"gold_loss":0.0,"damage_taken":0.0,"cards_obtained":["Steam"]},{"damage_healed":0.0,"max_hp_gain":0.0,"max_hp_loss":0.0,"gold_gain":0.0,"event_name":"Scrap Ooze","player_choice":"Success","floor":5.0,"gold_loss":0.0,"damage_taken":11.0,"relics_obtained":["Tiny Chest"]}],"is_beta":false,"boss_relics":[],"items_purged_floors":[],"is_endless":false,"potions_floor_spawned":[4,7,11,13],"killed_by":"Fading Forest","ascension_level":19}}