{"host":"erulnpr9qdnrfj6h","time":1608089552,"event":{"mods":["AchievementEnabler","BaseMod","Colored Map","Minty Spire (QoL Compilation)","Rare Cards Sparkle","SuperFastMode"],"gold_per_floor":[111,125,143,318,335,363,379,412,438,438,438],"floor_reached":10,"playtime":432,"items_purged":[],"score":112,"play_id":"089b4772-1fbd-4fe8-afdd-e037b0abbc66","local_time":"20201216123232","is_ascension_mode":true,"campfire_choices":[],"circlet_count":0,"master_deck":["Strike_B","Strike_B","Strike_B","Strike_B","Defend_B","Defend_B","Defend_B","Defend_B","Zap","Dualcast","Leap","Defragment","Cold Snap","Gash","Doubt","Gash+1","White Noise","Beam Cell+1","Core Surge"],"relics":["Cracked Core","Anchor","Whetstone","Omamori"],"acts_visited":["Exordium"],"potions_floor_usage":[10],"damage_taken":[{"damage":0.0,"enemies":"Jaw Worm","floor":1.0,"turns":4.0},{"damage":1.0,"enemies":"Cultist","floor":2.0,"turns":3.0},{"damage":6.0,"enemies":"Small Slimes","floor":3.0,"turns":3.0},{"damage":3.0,"enemies":"3 Louse","floor":5.0,"turns":5.0},{"damage":21.0,"enemies":"Lagavulin","floor":6.0,"turns":6.0},{"damage":3.0,"enemies":"Looter","floor":7.0,"turns":3.0},{"damage":20.0,"enemies":"Gremlin Nob","floor":8.0,"turns":4.0},{"damage":18,"enemies":"Lagavulin","floor":10,"turns":2}],"seed_played":"-5004627440075286366","potions_obtained":[{"floor":3.0,"key":"PowerPotion"},{"floor":5.0,"key":"FearPotion"},{"floor":7.0,"key":"Ancient Potion"},{"floor":8.0,"key":"PowerPotion"}],"is_trial":false,"path_per_floor":["M","M","M","?","M","E","M","E","T","E"],"character_chosen":"DEFECT","items_purchased":[],"campfire_rested":0,"item_purchase_floors":[],"current_hp_per_floor":[68,67,61,61,58,37,34,14,14,0,0],"gold":438,"neow_bonus":"THREE_CARDS","is_daily":false,"chose_seed":false,"campfire_upgraded":0,"win_rate":0.0,"timestamp":1608089552,"path_taken":["M","M","M","?","M","E","M","E","T","E"],"items_purchased_type":[],"build_version":"2020-12-13","purchased_purges":0,"victory":false,"max_hp_per_floor":[75,75,75,75,75,75,75,75,75,75,75],"card_choices":[{"not_picked":["Streamline","Beam Cell"],"picked":"Leap","floor":0.0},{"not_picked":["Compile Driver","Stack"],"picked":"Defragment","floor":1.0},{"not_picked":["Beam Cell","Redo"],"picked":"Cold Snap","floor":2.0},{"not_picked":["Sweeping Beam","Hologram"],"picked":"Gash","floor":3.0},{"not_picked":["Rebound","Compile Driver"],"picked":"Gash","floor":5.0},{"not_picked":["Turbo","Compile Driver"],"picked":"White Noise","floor":6.0},{"not_picked":["Cold Snap","Heatsinks"],"picked":"Beam Cell","floor":7.0},{"not_picked":["Tempest","Redo"],"picked":"Core Surge","floor":8.0}],"player_experience":170443,"relics_obtained":[{"floor":6.0,"key":"Anchor"},{"floor":8.0,"key":"Whetstone"},{"floor":9.0,"key":"Omamori"}],"event_choices":[{"damage_healed":0.0,"max_hp_gain":0.0,"max_hp_loss":0.0,"gold_gain":175.0,"event_name":"Liars Game","player_choice":"AGREE","floor":4.0,"gold_loss":0.0,"damage_taken":0.0,"cards_obtained":["Doubt"]}],"is_beta":false,"boss_relics":[],"items_purged_floors":[],"is_endless":false,"potions_floor_spawned":[3,5,7,8],"killed_by":"Lagavulin","ascension_level":8}}