{"host":"cf32014d19ld5mat","time":1608125226,"event":{"mods":["AchievementEnabler","BaseMod","Block Reminder","Minty Spire (QoL Compilation)","Random Character Button","Relic Stats","StSLib"],"gold_per_floor":[110,123,48,98,98,98,131,147,147,147,160,189,206,216,216,287,287,260,260,85,85,85,85,85],"floor_reached":23,"playtime":595,"items_purged":["Strike_P","Strike_P"],"score":398,"play_id":"08b4fe83-5bd8-4ba4-85fa-076cfddceff7","local_time":"20201216132706","is_ascension_mode":true,"campfire_choices":[{"data":"Eruption","floor":6.0,"key":"SMITH"},{"data":"TalkToTheHand","floor":10,"key":"SMITH"},{"data":"MentalFortress","floor":15,"key":"SMITH"}],"circlet_count":0,"master_deck":["AscendersBane","Strike_P","Defend_P","Defend_P","Eruption+1","Vigilance","TalkToTheHand+1","Tantrum","FearNoEvil","MentalFortress+1","MentalFortress"],"relics":["Empty Cage","Eternal Feather","Regal Pillow","Meat on the Bone","VioletLotus","MutagenicStrength"],"acts_visited":["Exordium","TheCity"],"potions_floor_usage":[8,13,16,23],"damage_taken":[{"damage":5.0,"enemies":"2 Louse","floor":1.0,"turns":3.0},{"damage":2.0,"enemies":"Cultist","floor":2.0,"turns":3.0},{"damage":14,"enemies":"Lagavulin","floor":7,"turns":6},{"damage":7,"enemies":"Jaw Worm","floor":8,"turns":2},{"damage":6,"enemies":"Exordium Wildlife","floor":11,"turns":4},{"damage":4,"enemies":"Gremlin Nob","floor":12,"turns":3},{"damage":0,"enemies":"3 Louse","floor":13,"turns":1},{"damage":0,"enemies":"Blue Slaver","floor":14,"turns":3},{"damage":2,"enemies":"Hexaghost","floor":16,"turns":8},{"damage":19,"enemies":"2 Thieves","floor":18,"turns":4},{"damage":47,"enemies":"Book of Stabbing","floor":23,"turns":5}],"seed_played":"-6641404982541019202","potions_obtained":[{"floor":1.0,"key":"Explosive Potion"},{"floor":2.0,"key":"Block Potion"},{"floor":12,"key":"Fire Potion"},{"floor":13,"key":"LiquidMemories"},{"floor":18,"key":"FearPotion"}],"is_trial":false,"path_per_floor":["M","M","$","?","$","R","E","M","T","R","M","E","M","M","R","B",null,"M","?","$","?","$","E"],"character_chosen":"WATCHER","items_purchased":["MentalFortress"],"campfire_rested":0,"item_purchase_floors":[20],"current_hp_per_floor":[56,54,54,48,48,48,34,27,27,33,27,23,35,35,41,39,61,42,42,42,42,42,0,0],"gold":85,"neow_bonus":"BOSS_RELIC","is_daily":false,"chose_seed":false,"campfire_upgraded":3,"win_rate":0.0,"timestamp":1608125226,"path_taken":["M","M","$","?","?","R","E","M","T","R","M","E","?","M","R","BOSS","M","?","$","?","$","E"],"items_purchased_type":["Card"],"build_version":"2020-12-13","purchased_purges":2,"victory":false,"max_hp_per_floor":[68,68,68,68,68,68,68,68,68,68,68,68,68,68,68,68,68,68,68,68,68,68,68,68],"relic_stats":{"Regal Pillow":0,"counters":[11,42],"Eternal Feather":12,"VioletLotus":[6],"obtain_stats":[{"Regal Pillow":9,"MutagenicStrength":21,"Eternal Feather":7,"VioletLotus":17,"PureWater":0,"Empty Cage":0,"Meat on the Bone":12},{"Regal Pillow":4,"MutagenicStrength":10,"Eternal Feather":3,"VioletLotus":9,"PureWater":0,"Empty Cage":0,"Meat on the Bone":6},{"Regal Pillow":14,"MutagenicStrength":37,"Eternal Feather":12,"VioletLotus":33,"PureWater":0,"Empty Cage":0,"Meat on the Bone":21}],"Meat on the Bone":12},"card_choices":[{"not_picked":["WaveOfTheHand","LikeWater","Indignation"],"picked":"SKIP","floor":1.0},{"not_picked":["Halt","Wallop"],"picked":"TalkToTheHand","floor":2.0},{"not_picked":["DeceiveReality","WheelKick"],"picked":"Tantrum","floor":7},{"not_picked":["PathToVictory","CutThroughFate","Crescendo"],"picked":"SKIP","floor":8},{"not_picked":["Crescendo","Consecrate"],"picked":"FearNoEvil","floor":11},{"not_picked":["Swivel","BattleHymn"],"picked":"MentalFortress","floor":12},{"not_picked":["FollowUp","CutThroughFate","Protect"],"picked":"SKIP","floor":13},{"not_picked":["JustLucky","Sanctity","Prostrate"],"picked":"SKIP","floor":14},{"not_picked":["BowlingBash","SashWhip","FearNoEvil"],"picked":"SKIP","floor":18}],"player_experience":948414,"relics_obtained":[{"floor":7,"key":"Eternal Feather"},{"floor":9,"key":"Regal Pillow"},{"floor":12,"key":"Meat on the Bone"}],"event_choices":[{"damage_healed":0.0,"max_hp_gain":0.0,"max_hp_loss":0.0,"gold_gain":50.0,"event_name":"FaceTrader","player_choice":"Touch","floor":4.0,"gold_loss":0.0,"damage_taken":6.0},{"cards_removed":["Strike_P"],"damage_healed":0,"gold_gain":0,"player_choice":"Elegance","damage_taken":0,"max_hp_gain":0,"max_hp_loss":0,"event_name":"Back to Basics","floor":19,"gold_loss":0},{"damage_healed":0,"gold_gain":0,"player_choice":"Inject Mutagens","damage_taken":0,"relics_obtained":["MutagenicStrength"],"max_hp_gain":0,"max_hp_loss":0,"event_name":"Drug Dealer","floor":21,"gold_loss":0}],"is_beta":false,"boss_relics":[{"not_picked":["Coffee Dripper","Cursed Key"],"picked":"VioletLotus"}],"items_purged_floors":[3,20],"is_endless":false,"potions_floor_spawned":[1,2,12,13,14,18],"killed_by":"Book of Stabbing","ascension_level":20}}