{"host":"b94931fzay7ri6da","time":1608119437,"event":{"mods":["AchievementEnabler","BaseMod","Colored Map","Colored Powertips","Downfall","Minty Spire (QoL Compilation)","Quick Restart","StSLib","SuperFastMode"],"gold_per_floor":[118,118,118,132,56,90,90,124,124,124,135,145,161,179,179,278,278,289,319,244,101,200,200,234,252,276,287,305,116,116,143,143,244,244,263,263,313,325,36,36,64,64,64,76,86,308,308,318,318,318],"floor_reached":51,"playtime":1575,"items_purged":[],"score":1035,"play_id":"e195d16d-21f1-4ae2-8734-c5a6b356534d","local_time":"20201216115037","is_ascension_mode":true,"campfire_choices":[{"data":"Defragment","floor":7,"key":"SMITH"},{"data":"Loop","floor":10,"key":"SMITH"},{"floor":15,"key":"REST"},{"data":"Defragment","floor":23,"key":"SMITH"},{"floor":30,"key":"REST"},{"data":"Consume","floor":32,"key":"SMITH"},{"floor":40,"key":"REST"},{"floor":49,"key":"REST"}],"circlet_count":0,"master_deck":["Strike_B","Strike_B+1","Defend_B","Defend_B","Zap","Dualcast","Defragment+1","Loop+1","Defragment+1","Chill","Ball Lightning+1","Melter","Coolheaded","Redo","Chill","Self Repair","Electrodynamics","Consume+1","Steam Power+1","Undo","Self Repair","Conserve Battery+1","Sweeping Beam","Heatsinks","Skim","Ball Lightning","Echo Form","Steam+1","White Noise+1","Chill+1","Ball Lightning","Machine Learning","Consume","Beam Cell","Storm","Writhe","Cold Snap+1","Leap+1"],"relics":["Cracked Core","NeowsBlessing","CultistMask","Ornamental Fan","Dream Catcher","Strawberry","Nuclear Battery","Red Mask","Bag of Preparation","Bag of Marbles","Whetstone","Centennial Puzzle","Emotion Chip","Inserter","Dead Branch","Incense Burner","Bottled Lightning","Pear"],"acts_visited":["Exordium","TheCity","TheBeyond"],"potions_floor_usage":[8,16,50,50,50,50],"damage_taken":[{"damage":0,"enemies":"Cultist","floor":1,"turns":1},{"damage":0,"enemies":"2 Louse","floor":4,"turns":1},{"damage":0,"enemies":"Lagavulin","floor":6,"turns":1},{"damage":31,"enemies":"Gremlin Nob","floor":8,"turns":4},{"damage":16,"enemies":"Small Slimes","floor":11,"turns":3},{"damage":2,"enemies":"Looter","floor":12,"turns":4},{"damage":3,"enemies":"Exordium Wildlife","floor":13,"turns":4},{"damage":0,"enemies":"3 Louse","floor":14,"turns":4},{"damage":20,"enemies":"Hexaghost","floor":16,"turns":7},{"damage":0,"enemies":"Spheric Guardian","floor":18,"turns":2},{"damage":19,"enemies":"Masked Bandits","floor":19,"turns":4},{"damage":34,"enemies":"Gremlin Leader","floor":24,"turns":6},{"damage":16,"enemies":"2 Thieves","floor":25,"turns":2},{"damage":25,"enemies":"Centurion and Healer","floor":27,"turns":4},{"damage":0,"enemies":"3 Cultists","floor":28,"turns":5},{"damage":12,"enemies":"Slavers","floor":31,"turns":5},{"damage":19,"enemies":"Automaton","floor":33,"turns":6},{"damage":19,"enemies":"3 Shapes","floor":35,"turns":2},{"damage":36,"enemies":"Mind Bloom Boss Battle","floor":37,"turns":5},{"damage":3,"enemies":"3 Darklings","floor":38,"turns":2},{"damage":31,"enemies":"Giant Head","floor":41,"turns":7},{"damage":21,"enemies":"Sphere and 2 Shapes","floor":44,"turns":4},{"damage":36,"enemies":"Writhing Mass","floor":45,"turns":5},{"damage":4,"enemies":"4 Shapes","floor":48,"turns":2},{"damage":29,"enemies":"Time Eater","floor":50,"turns":10}],"seed_played":"4460600440177593612","potions_obtained":[{"floor":6,"key":"FocusPotion"},{"floor":11,"key":"SteroidPotion"},{"floor":14,"key":"hexamod:EctoCoolerPotion"},{"floor":16,"key":"PowerPotion"},{"floor":19,"key":"EntropicBrew"},{"floor":41,"key":"hexamod:EctoCoolerPotion"}],"is_trial":false,"path_per_floor":["M","?","?","M","$","E","R","E","T","R","M","M","M","M","R","B",null,"M","?","?","$","?","R","E","M","T","M","M","$","R","E","R","B",null,"M","?","?","M","$","R","E","?","T","M","M","?","?","M","R","B",null],"character_chosen":"DEFECT","items_purchased":["Defragment","Bag of Preparation","Centennial Puzzle","Heatsinks","Incense Burner"],"campfire_rested":4,"item_purchase_floors":[5,21,29,29,39],"current_hp_per_floor":[68,61,61,61,61,61,61,30,37,37,21,19,16,16,40,27,68,75,63,63,63,63,63,36,27,27,16,30,30,54,56,56,37,71,59,59,37,41,41,65,55,55,65,51,36,36,59,55,82,53],"gold":318,"neow_bonus":"THREE_ENEMY_KILL","is_daily":false,"chose_seed":false,"campfire_upgraded":4,"win_rate":0.0,"timestamp":1608119437,"path_taken":["M","?","?","M","$","E","R","E","T","R","?","M","M","M","R","BOSS","M","?","?","?","?","R","E","M","T","?","M","$","R","E","R","BOSS","M","?","?","M","$","R","E","?","T","M","?","?","?","M","R","BOSS"],"items_purchased_type":["Card","Relic","Relic","Card","Relic"],"build_version":"2020-12-13","purchased_purges":0,"victory":true,"max_hp_per_floor":[75,75,75,75,75,75,75,75,82,82,82,82,82,82,82,82,82,82,82,82,82,82,82,82,82,82,82,82,82,82,82,82,82,82,82,82,82,82,82,82,82,82,92,92,92,92,92,92,92,92],"card_choices":[{"not_picked":["Beam Cell","Force Field"],"picked":"Defragment","floor":1},{"not_picked":["Barrage","Sweeping Beam"],"picked":"Loop","floor":4},{"not_picked":["Cold Snap","Beam Cell"],"picked":"Chill","floor":6},{"not_picked":["Beam Cell","Double Energy"],"picked":"Ball Lightning","floor":8},{"not_picked":["Streamline","Glacier"],"picked":"Melter","floor":11},{"not_picked":["Streamline","Biased Cognition"],"picked":"Coolheaded","floor":12},{"not_picked":["Stack","Leap"],"picked":"Redo","floor":13},{"not_picked":["Barrage","Capacitor"],"picked":"Chill","floor":14},{"not_picked":["Hello World","Cold Snap"],"picked":"Self Repair","floor":15},{"not_picked":["Creative AI","Hyperbeam"],"picked":"Electrodynamics","floor":16},{"not_picked":["Reinforced Body+1","Coolheaded"],"picked":"Consume","floor":18},{"not_picked":["Chaos","Steam"],"picked":"Steam Power+1","floor":19},{"not_picked":["Compile Driver","Gash"],"picked":"Undo","floor":24},{"not_picked":["Skim+1","Turbo"],"picked":"Self Repair","floor":25},{"not_picked":["Aggregate","Sweeping Beam+1"],"picked":"Conserve Battery+1","floor":27},{"not_picked":["Double Energy","Coolheaded"],"picked":"Sweeping Beam","floor":28},{"not_picked":["Genetic Algorithm","Cold Snap"],"picked":"Skim","floor":30},{"not_picked":["Coolheaded","Buffer"],"picked":"Ball Lightning","floor":31},{"not_picked":["Amplify","Fission"],"picked":"Echo Form","floor":33},{"not_picked":["Turbo","Steam Power"],"picked":"Steam+1","floor":35},{"not_picked":["Darkness","Ball Lightning+1"],"picked":"White Noise+1","floor":37},{"not_picked":["Sunder+1","Barrage+1"],"picked":"Chill+1","floor":38},{"not_picked":["Self Repair","Glacier"],"picked":"Ball Lightning","floor":40},{"not_picked":["Hologram","Redo+1"],"picked":"Machine Learning","floor":41},{"not_picked":["Streamline","Skim"],"picked":"Beam Cell","floor":44},{"not_picked":["Streamline","Gash+1"],"picked":"Storm","floor":45},{"not_picked":["Sunder","Coolheaded"],"picked":"Cold Snap+1","floor":48},{"not_picked":["Turbo","Barrage+1"],"picked":"Leap+1","floor":49}],"player_experience":305977,"relics_obtained":[{"floor":6,"key":"Ornamental Fan"},{"floor":8,"key":"Dream Catcher"},{"floor":9,"key":"Strawberry"},{"floor":19,"key":"Red Mask"},{"floor":24,"key":"Bag of Marbles"},{"floor":26,"key":"Whetstone"},{"floor":31,"key":"Emotion Chip"},{"floor":37,"key":"Dead Branch"},{"floor":41,"key":"Bottled Lightning"},{"floor":43,"key":"Pear"}],"event_choices":[{"cards_removed":["Defend_B"],"damage_healed":0,"gold_gain":0,"player_choice":"Card Removal","damage_taken":7,"max_hp_gain":0,"max_hp_loss":0,"event_name":"Golden Wing","floor":2,"gold_loss":0},{"damage_healed":0,"gold_gain":0,"player_choice":"Trade","damage_taken":0,"relics_obtained":["CultistMask"],"max_hp_gain":0,"max_hp_loss":0,"event_name":"FaceTrader","floor":3,"gold_loss":0},{"damage_healed":0,"gold_gain":0,"player_choice":"Fought Bandits","damage_taken":0,"max_hp_gain":0,"max_hp_loss":0,"event_name":"Masked Bandits","floor":19,"gold_loss":0},{"cards_removed":["Strike_B"],"damage_healed":0,"gold_gain":0,"player_choice":"Gave Gold","damage_taken":0,"max_hp_gain":0,"max_hp_loss":0,"event_name":"Beggar","floor":20,"gold_loss":75},{"damage_healed":0,"gold_gain":99,"player_choice":"Stole From Cult","damage_taken":0,"max_hp_gain":0,"max_hp_loss":0,"event_name":"Nest","floor":22,"gold_loss":0},{"cards_removed":["Defend_B"],"damage_healed":0,"gold_gain":0,"player_choice":"Removed Skill","damage_taken":0,"max_hp_gain":0,"max_hp_loss":0,"event_name":"Falling","floor":36,"gold_loss":0},{"damage_healed":0,"gold_gain":0,"player_choice":"Fight","damage_taken":0,"max_hp_gain":0,"max_hp_loss":0,"event_name":"MindBloom","floor":37,"gold_loss":0},{"damage_healed":0,"gold_gain":0,"cards_transformed":["Strike_B"],"player_choice":"Transformed","damage_taken":0,"max_hp_gain":0,"max_hp_loss":0,"event_name":"Transmorgrifier","floor":42,"gold_loss":0,"cards_obtained":["Consume"]},{"damage_healed":0,"gold_gain":222,"player_choice":"Wore Mask","damage_taken":0,"max_hp_gain":0,"max_hp_loss":0,"event_name":"Tomb of Lord Red Mask","floor":46,"gold_loss":0},{"damage_healed":23,"gold_gain":0,"player_choice":"Writhe","damage_taken":0,"max_hp_gain":0,"max_hp_loss":0,"event_name":"Winding Halls","floor":47,"gold_loss":0,"cards_obtained":["Writhe"]}],"is_beta":false,"boss_relics":[{"not_picked":["Ectoplasm","Tiny House"],"picked":"Nuclear Battery"},{"not_picked":["Sozu","Runic Pyramid"],"picked":"Inserter"}],"items_purged_floors":[],"is_endless":false,"potions_floor_spawned":[6,11,14,16,19,25,31,41,45,48],"ascension_level":6}}