{"host":"aunmuzt9j70r7vun","time":1608151717,"event":{"mods":["BaseMod","Better Altar","Better Third Choice","BetterRewards","Clockwork Mod","Curses Come First","Downfall","Infinite Spire","LagranYue(???·?)","Mad Scientist","Marisa????????","Minty Spire (QoL Compilation)","Rare Cards Sparkle","Relic Sorter","Say the Spire","Shop Mod","Spicy Shops","StSLib","The Cursed","The Disciple","The Edgeheg","The Mystic","The Servant 0.9.4"],"gold_per_floor":[118,135,135,155,9,9,28,28,28,40,122,139,164,182,182,283,283,283,48,61,87,87,112,130,5,5,31,46,46,59,73,73,176,176,191,4,4,23,0,0,0,0],"floor_reached":41,"playtime":2467,"items_purged":["Strike_B"],"score":663,"play_id":"135b2920-7320-4bb2-b5cc-fc5feb4eb4a9","local_time":"20201216164837","is_ascension_mode":true,"campfire_choices":[{"data":"Electrodynamics","floor":6,"key":"SMITH"},{"data":"Electrodynamics","floor":8,"key":"SMITH"},{"data":"Defragment","floor":15,"key":"SMITH"},{"floor":29,"key":"REST"},{"floor":32,"key":"REST"},{"floor":40,"key":"REST"}],"circlet_count":0,"master_deck":["Strike_B","Strike_B","Defend_B","Defend_B","Defend_B","Defend_B","Zap","Dualcast","Electrodynamics+1","Hello World","Self Repair","Electrodynamics+1","Double Energy","Chaos","Defragment+1","Rainbow","Defragment","Chaos","Consume","Heatsinks","Fission","Amplify"],"relics":["Cracked Core","LagranYue:RandomDrawCardRelic","Sundial","infinitespire:FocusingShard","Inserter","MerchantsRug","Lantern","Juzu Bracelet","Bottled Tornado","Happy Flower","Incense Burner","Red Mask"],"acts_visited":["Exordium","TheCity","TheBeyond"],"potions_floor_usage":[10,13,13,18,24,27,33,33,35,41,41],"damage_taken":[{"damage":0,"enemies":"2 Louse","floor":1,"turns":1},{"damage":1,"enemies":"Cultist","floor":2,"turns":3},{"damage":4,"enemies":"Jaw Worm","floor":4,"turns":3},{"damage":0,"enemies":"Large Slime","floor":7,"turns":4},{"damage":12,"enemies":"Exordium Wildlife","floor":10,"turns":2},{"damage":6,"enemies":"2 Fungi Beasts","floor":12,"turns":2},{"damage":13,"enemies":"Gremlin Nob","floor":13,"turns":3},{"damage":0,"enemies":"Large Slime","floor":14,"turns":3},{"damage":0,"enemies":"Slime Boss","floor":16,"turns":4},{"damage":0,"enemies":"Shell Parasite","floor":18,"turns":1},{"damage":4,"enemies":"Chosen","floor":20,"turns":4},{"damage":0,"enemies":"Gremlin Leader","floor":23,"turns":4},{"damage":19,"enemies":"Shelled Parasite and Fungi","floor":24,"turns":4},{"damage":29,"enemies":"Slavers","floor":27,"turns":2},{"damage":17,"enemies":"Chosen and Byrds","floor":28,"turns":4},{"damage":0,"enemies":"3 Cultists","floor":30,"turns":2},{"damage":33,"enemies":"Centurion and Healer","floor":31,"turns":3},{"damage":18,"enemies":"Collector","floor":33,"turns":10},{"damage":30,"enemies":"3 Darklings","floor":35,"turns":3},{"damage":0,"enemies":"Orb Walker","floor":38,"turns":3},{"damage":74,"enemies":"Nightmare","floor":41,"turns":8}],"seed_played":"7655177253865455674","potions_obtained":[{"floor":2,"key":"SkillPotion"},{"floor":7,"key":"Weak Potion"},{"floor":10,"key":"Swift Potion"},{"floor":12,"key":"SmokeBomb"},{"floor":16,"key":"infinitespire:BlackPotion"},{"floor":27,"key":"PotionOfCapacity"},{"floor":30,"key":"sneckomod:MuddlingPotion"},{"floor":31,"key":"Dexterity Potion"},{"floor":33,"key":"hexamod:EctoCoolerPotion"},{"floor":35,"key":"AttackPotion"}],"is_trial":false,"path_per_floor":["M","M","?","M","$","R","M","R","T","M","T","M","E","M","R","B",null,"M","$","M","T","?","E","M","$","T","E","M","R","M","M","R","B",null,"M","$","?","M","?","R","NM"],"character_chosen":"DEFECT","items_purchased":["Self Repair","MerchantsRug","Defragment","Lantern","Nunchaku","Swift Potion","Amplify"],"campfire_rested":3,"item_purchase_floors":[5,19,19,19,25,25,36],"current_hp_per_floor":[68,67,68,64,64,64,71,71,71,59,59,60,47,54,54,54,71,71,71,74,74,74,76,64,64,64,35,25,47,47,21,43,32,65,42,42,42,49,49,71,0,0],"gold":0,"neow_bonus":"ONE_RANDOM_RARE_CARD","is_daily":false,"chose_seed":false,"campfire_upgraded":3,"win_rate":0.0,"timestamp":1608151717,"path_taken":["M","M","?","M","$","R","M","R","T","M","?","M","E","M","R","BOSS","M","$","M","?","?","E","M","?","T","E","M","R","M","M","R","BOSS","M","$","?","M","?","R","NM"],"items_purchased_type":["Card","Relic","Card","Relic","Relic","Potion","Card"],"build_version":"2020-12-13","purchased_purges":1,"victory":false,"max_hp_per_floor":[75,75,76,76,76,76,76,76,76,76,76,76,76,76,76,76,76,76,76,76,76,76,76,76,76,76,76,76,76,76,76,76,76,76,76,76,76,76,76,76,76,76],"card_choices":[{"not_picked":["Steam Power","Sweeping Beam","Conserve Battery"],"picked":"SKIP","floor":1},{"not_picked":["Turbo","Sweeping Beam"],"picked":"Hello World","floor":2},{"not_picked":["Leap","Coolheaded","Conserve Battery"],"picked":"SKIP","floor":4},{"not_picked":["Go for the Eyes","Sweeping Beam"],"picked":"Electrodynamics","floor":7},{"not_picked":["Aggregate","Chaos"],"picked":"Double Energy","floor":10},{"not_picked":["Go for the Eyes","FTL","Sweeping Beam"],"picked":"SKIP","floor":12},{"not_picked":["Blizzard","Gash"],"picked":"Chaos","floor":13},{"not_picked":["Redo","Leap"],"picked":"Defragment","floor":14},{"not_picked":["Seek","Meteor Strike"],"picked":"Rainbow","floor":16},{"not_picked":["Barrage","Reinforced Body"],"picked":"Chaos","floor":20},{"not_picked":["Rip and Tear","Gash","Steam Power+1"],"picked":"SKIP","floor":23},{"not_picked":["Chill","Stack","Leap"],"picked":"SKIP","floor":24},{"not_picked":["Beam Cell","Compile Driver","Streamline"],"picked":"SKIP","floor":27},{"not_picked":["Rebound+1","Scrape","Hello World+1"],"picked":"SKIP","floor":28},{"not_picked":["Coolheaded","Machine Learning"],"picked":"Consume","floor":30},{"not_picked":["Aggregate+1","Double Energy"],"picked":"Heatsinks","floor":31},{"not_picked":["Buffer","Reboot"],"picked":"Fission","floor":33},{"not_picked":["Glacier","Streamline+1","Scrape+1"],"picked":"SKIP","floor":35},{"not_picked":["Ball Lightning+1","Coolheaded","Hologram+1"],"picked":"SKIP","floor":38}],"player_experience":734205,"relics_obtained":[{"floor":9,"key":"Sundial"},{"floor":11,"key":"Blue Candle"},{"floor":13,"key":"infinitespire:FocusingShard"},{"floor":21,"key":"Juzu Bracelet"},{"floor":23,"key":"Bottled Tornado"},{"floor":26,"key":"Happy Flower"},{"floor":27,"key":"Incense Burner"}],"event_choices":[{"damage_healed":0,"gold_gain":0,"player_choice":"Ignored","damage_taken":0,"max_hp_gain":0,"max_hp_loss":0,"event_name":"Vampires","floor":22,"gold_loss":0},{"cards_removed":["Strike_B"],"damage_healed":0,"gold_gain":0,"player_choice":"Removed Attack","damage_taken":0,"max_hp_gain":0,"max_hp_loss":0,"event_name":"Falling","floor":37,"gold_loss":0},{"damage_healed":0,"gold_gain":0,"player_choice":"Paid","damage_taken":0,"relics_obtained":["Red Mask"],"max_hp_gain":0,"max_hp_loss":0,"event_name":"Tomb of Lord Red Mask","floor":39,"gold_loss":23}],"is_beta":false,"boss_relics":[{"not_picked":["Black Star","Busted Crown"],"picked":"Inserter"},{"not_picked":["Cursed Key","Snecko Eye","FrozenCore"]}],"items_purged_floors":[5],"is_endless":false,"potions_floor_spawned":[2,7,10,12,16,18,27,30,31,33,35],"killed_by":"Nightmare","ascension_level":6}}