{"host":"bxn2em57qlx5u4i0","time":1608093437,"event":{"mods":["BaseMod","Colored Map","Colored Powertips","Highlight Path","Minty Spire (QoL Compilation)","Random Character Button","Relic Sorter","Relic Stats","StSLib","SuperFastMode"],"gold_per_floor":[211,49,61,61,6,39,39,54,54,54,74,74,106,118,118,189,189,209,134,134,34,34,34,364,364,364,364,364,380,413,429,429,507,507,525,78,78,78,96,125,0,31,56,56,82,82,108,138,150,162,174,186,198,35,66,66,66],"floor_reached":56,"playtime":2222,"items_purged":["Strike_G","Strike_G","Strike_G"],"score":2085,"play_id":"f7be56ba-948c-4238-bdb9-bfe3cf2b72b2","local_time":"20201215233717","is_ascension_mode":true,"campfire_choices":[{"data":"Crippling Poison","floor":7.0,"key":"SMITH"},{"data":"Catalyst","floor":10.0,"key":"SMITH"},{"data":"Footwork","floor":12.0,"key":"SMITH"},{"data":"Dagger Spray","floor":15.0,"key":"SMITH"},{"floor":23.0,"key":"REST"},{"floor":25.0,"key":"REST"},{"data":"Noxious Fumes","floor":27.0,"key":"SMITH"},{"floor":32,"key":"REST"},{"floor":44,"key":"RECALL"},{"floor":49,"key":"REST"},{"floor":53,"key":"REST"}],"circlet_count":0,"master_deck":["AscendersBane","Strike_G+1","Defend_G","Defend_G","Defend_G","Defend_G","Survivor","Neutralize+1","Noxious Fumes+1","Catalyst+1","Deadly Poison","Dagger Spray+1","Crippling Poison+1","Footwork+1","Tools of the Trade","Dodge and Roll","A Thousand Cuts","Decay","Noxious Fumes+1","Blur","Dodge and Roll","Adrenaline","Tools of the Trade","Tactician","Catalyst","Tools of the Trade","Noxious Fumes"],"relics":["Ring of the Snake","Mummified Hand","Paper Crane","Odd Mushroom","Blue Candle","Black Star","Enchiridion","Old Coin","Thread and Needle","Akabeko","Whetstone","Fusion Hammer","Bird Faced Urn","The Courier","Singing Bowl","Tough Bandages","Red Mask","Bronze Scales","Pear","Pen Nib","Letter Opener","Ancient Tea Set","StoneCalendar","MawBank","Lantern","Tingsha"],"acts_visited":["Exordium","TheCity","TheBeyond","TheEnding"],"potions_floor_usage":[29,55,56,56,56],"damage_taken":[{"damage":0.0,"enemies":"2 Louse","floor":1.0,"turns":4.0},{"damage":3.0,"enemies":"Cultist","floor":3.0,"turns":4.0},{"damage":15.0,"enemies":"Lagavulin","floor":6.0,"turns":6.0},{"damage":4.0,"enemies":"Small Slimes","floor":8.0,"turns":3.0},{"damage":8.0,"enemies":"The Mushroom Lair","floor":11.0,"turns":4.0},{"damage":16.0,"enemies":"3 Sentries","floor":13.0,"turns":6.0},{"damage":0.0,"enemies":"Blue Slaver","floor":14.0,"turns":3.0},{"damage":18.0,"enemies":"Slime Boss","floor":16.0,"turns":9.0},{"damage":19.0,"enemies":"Chosen","floor":18.0,"turns":6.0},{"damage":20.0,"enemies":"Slavers","floor":24.0,"turns":5.0},{"damage":2,"enemies":"Spheric Guardian","floor":29,"turns":5},{"damage":11,"enemies":"Book of Stabbing","floor":30,"turns":6},{"damage":0,"enemies":"Centurion and Healer","floor":31,"turns":6},{"damage":19,"enemies":"Automaton","floor":33,"turns":11},{"damage":0,"enemies":"3 Shapes","floor":35,"turns":4},{"damage":0,"enemies":"Orb Walker","floor":39,"turns":3},{"damage":14,"enemies":"Giant Head","floor":40,"turns":10},{"damage":4,"enemies":"Reptomancer","floor":42,"turns":6},{"damage":2,"enemies":"Nemesis","floor":45,"turns":7},{"damage":6,"enemies":"Reptomancer","floor":47,"turns":5},{"damage":1,"enemies":"3 Darklings","floor":48,"turns":4},{"damage":20,"enemies":"Donu and Deca","floor":50,"turns":8},{"damage":21,"enemies":"Time Eater","floor":51,"turns":12},{"damage":56,"enemies":"Shield and Spear","floor":55,"turns":6},{"damage":52,"enemies":"The Heart","floor":56,"turns":6}],"seed_played":"44157896809047425","potions_obtained":[{"floor":8.0,"key":"Regen Potion"},{"floor":11.0,"key":"CunningPotion"},{"floor":13.0,"key":"Energy Potion"},{"floor":14.0,"key":"LiquidMemories"},{"floor":18.0,"key":"FearPotion"},{"floor":30,"key":"LiquidMemories"},{"floor":39,"key":"PowerPotion"},{"floor":45,"key":"DistilledChaos"},{"floor":46,"key":"EntropicBrew"}],"is_trial":false,"path_per_floor":["M","$","M","?","$","E","R","M","T","R","?","R","E","M","R","B",null,"M","?","?","$","?","R","E","R","T","R","?","M","E","M","R","B",null,"M","$","T","?","M","E","?","E","T","R","E","?","E","M","R","B","B",null,"R","$","E","B"],"character_chosen":"THE_SILENT","items_purchased":["Catalyst","Dagger Spray","Bird Faced Urn","Tools of the Trade","Noxious Fumes"],"campfire_rested":5,"item_purchase_floors":[2,5,36,54,54],"current_hp_per_floor":[59,59,56,56,56,41,41,37,37,37,29,29,28,28,28,10,52,33,33,12,12,12,31,11,30,30,30,30,28,17,17,36,17,54,54,54,54,54,66,56,56,74,74,74,79,79,75,80,80,65,58,75,80,80,32,0,0],"gold":66,"neow_bonus":"HUNDRED_GOLD","is_daily":false,"chose_seed":false,"campfire_upgraded":5,"win_rate":0.0,"timestamp":1608093437,"path_taken":["M","$","M","?","?","E","R","M","T","R","?","R","E","?","R","BOSS","M","?","?","$","?","R","E","R","T","R","?","?","E","M","R","BOSS","M","$","?","?","M","E","?","E","T","R","E","?","E","M","R","BOSS","BOSS","R","$","E","BOSS"],"items_purchased_type":["Card","Card","Relic","Card","Card"],"build_version":"2020-12-13","purchased_purges":3,"victory":false,"max_hp_per_floor":[66,66,66,66,66,66,66,66,66,66,66,66,66,66,66,66,66,66,66,66,66,66,66,66,66,66,66,66,66,66,66,66,66,66,66,66,66,66,66,68,68,78,78,78,80,80,80,80,80,80,80,80,80,80,82,82,82],"relic_stats":{"Singing Bowl":6,"counters":[25,149],"Blue Candle":[11],"StoneCalendar":[150],"Tingsha":[27],"Pen Nib":[2],"Whetstone":["Strike_G","Neutralize"],"Letter Opener":[181],"MawBank":84,"Tough Bandages":[213],"Mummified Hand":[126],"Bird Faced Urn":[84],"Bronze Scales":[260],"Black Star":7,"obtain_stats":[{"Lantern":55,"Singing Bowl":40,"Enchiridion":20,"StoneCalendar":47,"Whetstone":30,"Ancient Tea Set":45,"Old Coin":24,"Tough Bandages":40,"Mummified Hand":6,"Fusion Hammer":34,"Red Mask":41,"Ring of the Snake":0,"Pear":42,"Blue Candle":13,"Thread and Needle":24,"Tingsha":55,"The Courier":37,"Pen Nib":43,"Letter Opener":45,"Paper Crane":9,"Odd Mushroom":11,"MawBank":47,"Akabeko":30,"Bird Faced Urn":36,"Bronze Scales":42,"Black Star":17},{"Lantern":24,"Singing Bowl":17,"Enchiridion":9,"StoneCalendar":20,"Whetstone":12,"Ancient Tea Set":19,"Old Coin":10,"Tough Bandages":17,"Mummified Hand":3,"Fusion Hammer":14,"Red Mask":17,"Ring of the Snake":0,"Pear":18,"Blue Candle":6,"Thread and Needle":10,"Tingsha":24,"The Courier":15,"Pen Nib":18,"Letter Opener":19,"Paper Crane":4,"Odd Mushroom":5,"MawBank":20,"Akabeko":12,"Bird Faced Urn":15,"Bronze Scales":18,"Black Star":8},{"Lantern":143,"Singing Bowl":95,"Enchiridion":45,"StoneCalendar":113,"Whetstone":61,"Ancient Tea Set":108,"Old Coin":50,"Tough Bandages":95,"Mummified Hand":14,"Fusion Hammer":78,"Red Mask":95,"Ring of the Snake":0,"Pear":101,"Blue Candle":27,"Thread and Needle":50,"Tingsha":143,"The Courier":82,"Pen Nib":101,"Letter Opener":108,"Paper Crane":17,"Odd Mushroom":21,"MawBank":113,"Akabeko":61,"Bird Faced Urn":82,"Bronze Scales":101,"Black Star":39}],"Ring of the Snake":[50]},"card_choices":[{"not_picked":["Quick Slash","Masterful Stab"],"picked":"Noxious Fumes","floor":1.0},{"not_picked":["Backflip","Dodge and Roll"],"picked":"Deadly Poison","floor":3.0},{"not_picked":["Blade Dance","Choke"],"picked":"Crippling Poison","floor":6.0},{"not_picked":["Prepared","Poisoned Stab"],"picked":"Footwork","floor":8.0},{"not_picked":["Slice","Endless Agony"],"picked":"Tools of the Trade","floor":11.0},{"not_picked":["Setup","Dagger Throw","Glass Knife"],"picked":"SKIP","floor":13.0},{"not_picked":["Dodge and Roll","Predator","Deadly Poison"],"picked":"SKIP","floor":14.0},{"not_picked":["Predator","Deadly Poison"],"picked":"Dodge and Roll","floor":14.0},{"not_picked":["Venomology","Phantasmal Killer"],"picked":"A Thousand Cuts","floor":16.0},{"not_picked":["Bane","Dodge and Roll","Outmaneuver"],"picked":"SKIP","floor":18.0},{"not_picked":["Backstab","Underhanded Strike"],"picked":"Noxious Fumes","floor":24.0},{"not_picked":["Dash","Bane","Predator"],"picked":"SKIP","floor":29},{"not_picked":["Quick Slash","Poisoned Stab"],"picked":"Dodge and Roll","floor":30},{"not_picked":["Flechettes+1","Flying Knee+1","Dagger Throw"],"picked":"SKIP","floor":31},{"not_picked":["Storm of Steel","Wraith Form v2"],"picked":"Adrenaline","floor":33},{"not_picked":["Predator","All Out Attack+1","Backstab"],"picked":"SKIP","floor":35},{"not_picked":["Dagger Throw","Blade Dance","Cloak And Dagger"],"picked":"SKIP","floor":39},{"not_picked":["Blade Dance","Die Die Die","Acrobatics"],"picked":"Singing Bowl","floor":40},{"not_picked":["Heel Hook+1","Slice"],"picked":"Tools of the Trade","floor":42},{"not_picked":["Infinite Blades","Accuracy","Acrobatics"],"picked":"Singing Bowl","floor":45},{"not_picked":["Eviscerate+1","Heel Hook"],"picked":"Tactician","floor":47},{"not_picked":["Dagger Throw+1","Sucker Punch"],"picked":"Catalyst","floor":48},{"not_picked":["Deadly Poison+1","Masterful Stab","Prepared"],"picked":"Singing Bowl","floor":55}],"player_experience":2793292,"relics_obtained":[{"floor":6.0,"key":"Mummified Hand"},{"floor":9.0,"key":"Paper Crane"},{"floor":11.0,"key":"Odd Mushroom"},{"floor":13.0,"key":"Blue Candle"},{"floor":20.0,"key":"Enchiridion"},{"floor":24.0,"key":"Old Coin"},{"floor":24.0,"key":"Thread and Needle"},{"floor":30,"key":"Akabeko"},{"floor":30,"key":"Whetstone"},{"floor":37,"key":"The Courier"},{"floor":40,"key":"Singing Bowl"},{"floor":40,"key":"Tough Bandages"},{"floor":42,"key":"Bronze Scales"},{"floor":42,"key":"Pear"},{"floor":43,"key":"Pen Nib"},{"floor":45,"key":"Letter Opener"},{"floor":45,"key":"Ancient Tea Set"},{"floor":47,"key":"StoneCalendar"},{"floor":47,"key":"MawBank"},{"floor":55,"key":"Lantern"},{"floor":55,"key":"Tingsha"}],"event_choices":[{"damage_healed":0.0,"max_hp_gain":0.0,"max_hp_loss":0.0,"gold_gain":0.0,"event_name":"Upgrade Shrine","player_choice":"Upgraded","floor":4.0,"gold_loss":0.0,"damage_taken":0.0,"cards_upgraded":["Noxious Fumes"]},{"damage_healed":0.0,"max_hp_gain":0.0,"max_hp_loss":0.0,"gold_gain":0.0,"event_name":"Mushrooms","player_choice":"Fought Mushrooms","floor":11.0,"gold_loss":0.0,"damage_taken":0.0},{"cards_removed":["Strike_G"],"damage_healed":0.0,"max_hp_gain":0.0,"max_hp_loss":0.0,"gold_gain":0.0,"event_name":"Beggar","player_choice":"Gave Gold","floor":19.0,"gold_loss":75.0,"damage_taken":0.0},{"damage_healed":0.0,"max_hp_gain":0.0,"max_hp_loss":0.0,"gold_gain":0.0,"event_name":"Cursed Tome","player_choice":"Obtained Book","floor":20.0,"gold_loss":0.0,"damage_taken":21.0},{"damage_healed":0.0,"max_hp_gain":0.0,"max_hp_loss":0.0,"gold_gain":0.0,"event_name":"Forgotten Altar","player_choice":"Smashed Altar","floor":22.0,"gold_loss":0.0,"damage_taken":0.0,"cards_obtained":["Decay"]},{"damage_healed":0.0,"max_hp_gain":0.0,"max_hp_loss":0.0,"gold_gain":0.0,"event_name":"Match and Keep!","player_choice":"1 cards matched","floor":28.0,"gold_loss":0.0,"damage_taken":0.0,"cards_obtained":["Blur"]},{"cards_removed":["Defend_G"],"damage_healed":0,"gold_gain":0,"player_choice":"Removed Skill","damage_taken":0,"max_hp_gain":0,"max_hp_loss":0,"event_name":"Falling","floor":38,"gold_loss":0},{"damage_healed":0,"gold_gain":0,"player_choice":"Paid","damage_taken":0,"relics_obtained":["Red Mask"],"max_hp_gain":0,"max_hp_loss":0,"event_name":"Tomb of Lord Red Mask","floor":41,"gold_loss":125},{"damage_healed":0,"gold_gain":0,"player_choice":"Got Potions","damage_taken":0,"max_hp_gain":0,"max_hp_loss":0,"event_name":"Lab","floor":46,"gold_loss":0}],"is_beta":false,"boss_relics":[{"not_picked":["Runic Pyramid","Ectoplasm"],"picked":"Black Star"},{"not_picked":["Pandora\u0027s Box","SacredBark"],"picked":"Fusion Hammer"}],"items_purged_floors":[2,21,36],"is_endless":false,"potions_floor_spawned":[8,11,13,14,18,30,39,45,48],"killed_by":"The Heart","ascension_level":20}}