{"host":"brlhu57vzmgrzvkq","time":1608147879,"event":{"mods":["AchievementEnabler","BaseMod","Colored Map","Hermit","Minty Spire (QoL Compilation)","StSLib","SuperFastMode","The Cursed","The Servant 0.9.4"],"gold_per_floor":[116,126,138,9,25,56,56,56,56,70,70,70,80,1,1,104,104,121,134,134,154,154,154,182,194,217,217,227,227,257,268,268,368,368,386,403,174,191,191,191],"floor_reached":39,"playtime":1616,"items_purged":["Strike_B","Defend_B"],"score":495,"play_id":"83d0596a-7c16-414c-a537-c3fb7ca83cb3","local_time":"20201216124439","is_ascension_mode":true,"campfire_choices":[{"floor":7.0,"key":"REST"},{"data":"Dualcast","floor":11.0,"key":"SMITH"},{"data":"Coolheaded","floor":15.0,"key":"SMITH"},{"data":"Beam Cell","floor":23.0,"key":"SMITH"},{"floor":27.0,"key":"REST"},{"floor":29.0,"key":"REST"},{"floor":32.0,"key":"REST"}],"circlet_count":0,"master_deck":["Strike_B","Strike_B","Defend_B","Defend_B","Defend_B","Zap+1","Dualcast+1","Go for the Eyes","Hologram","Beam Cell+1","Rebound","Leap","Gash","Ball Lightning","Multi-Cast","Coolheaded+1","Cold Snap","Electrodynamics","Coolheaded+1","Leap","Glacier","Compile Driver","Glacier","Conserve Battery","Self Repair","Blizzard","Biased Cognition","Self Repair","FTL","Parasite","Cold Snap+1"],"relics":["Cracked Core","Pen Nib","Smiling Mask","SacredBark","Kunai","PreservedInsect","Strawberry","Gremlin Horn","Inserter","Oddly Smooth Stone"],"acts_visited":["Exordium","TheCity","TheBeyond"],"potions_floor_usage":[33,38],"damage_taken":[{"damage":0.0,"enemies":"Small Slimes","floor":1.0,"turns":3.0},{"damage":0.0,"enemies":"Cultist","floor":2.0,"turns":4.0},{"damage":4.0,"enemies":"Jaw Worm","floor":3.0,"turns":3.0},{"damage":0.0,"enemies":"Large Slime","floor":5.0,"turns":4.0},{"damage":53.0,"enemies":"3 Sentries","floor":6.0,"turns":11.0},{"damage":6.0,"enemies":"Lots of Slimes","floor":10.0,"turns":4.0},{"damage":9.0,"enemies":"3 Louse","floor":13.0,"turns":3.0},{"damage":51.0,"enemies":"Slime Boss","floor":16.0,"turns":13.0},{"damage":2.0,"enemies":"Spheric Guardian","floor":18.0,"turns":3.0},{"damage":4.0,"enemies":"3 Byrds","floor":19.0,"turns":4.0},{"damage":14.0,"enemies":"Snecko","floor":21.0,"turns":6.0},{"damage":29.0,"enemies":"Gremlin Leader","floor":24.0,"turns":5.0},{"damage":17.0,"enemies":"Chosen and Byrds","floor":25.0,"turns":11.0},{"damage":11.0,"enemies":"Cultist and Chosen","floor":28.0,"turns":6.0},{"damage":0.0,"enemies":"Book of Stabbing","floor":30.0,"turns":5.0},{"damage":19.0,"enemies":"Centurion and Healer","floor":31.0,"turns":10.0},{"damage":42,"enemies":"Champ","floor":33,"turns":21},{"damage":51,"enemies":"3 Darklings","floor":35,"turns":11},{"damage":12,"enemies":"Orb Walker","floor":36,"turns":4},{"damage":15,"enemies":"Writhing Mass","floor":38,"turns":11},{"damage":32,"enemies":"Maw","floor":39,"turns":9}],"seed_played":"4387982558597283117","potions_obtained":[{"floor":5.0,"key":"GamblersBrew"},{"floor":6.0,"key":"SteroidPotion"},{"floor":13.0,"key":"Explosive Potion"},{"floor":16.0,"key":"Weak Potion"},{"floor":21.0,"key":"SteroidPotion"},{"floor":25.0,"key":"FocusPotion"},{"floor":33,"key":"SpeedPotion"},{"floor":38,"key":"FearPotion"}],"is_trial":false,"path_per_floor":["M","M","M","$","M","E","R","?","T","M","R","?","M","$","R","B",null,"M","M","?","M","?","R","E","M","T","R","M","R","E","M","R","B",null,"M","M","$","M","M"],"character_chosen":"DEFECT","items_purchased":["Rebound","Coolheaded","Cold Snap","FTL","Oddly Smooth Stone"],"campfire_rested":4,"item_purchase_floors":[4,14,14,37,37],"current_hp_per_floor":[75,75,71,71,71,18,40,75,75,69,69,69,60,60,60,9,75,73,69,69,55,55,55,26,9,16,40,29,53,53,34,58,23,82,38,33,33,32,0,0],"gold":191,"neow_bonus":"UPGRADE_CARD","is_daily":false,"chose_seed":false,"campfire_upgraded":3,"win_rate":0.0,"timestamp":1608147879,"path_taken":["M","M","M","$","M","E","R","?","T","?","R","?","M","?","R","BOSS","M","M","?","M","?","R","E","M","T","R","M","R","E","M","R","BOSS","M","M","?","?","M"],"items_purchased_type":["Card","Card","Card","Card","Relic"],"build_version":"2020-12-13","purchased_purges":2,"victory":false,"max_hp_per_floor":[75,75,75,75,75,75,75,75,75,75,75,75,75,75,75,75,75,75,75,75,75,75,75,75,75,82,82,82,82,82,82,82,82,82,82,82,82,82,82,82],"card_choices":[{"not_picked":["Beam Cell","Fusion"],"picked":"Go for the Eyes","floor":1.0},{"not_picked":["Sweeping Beam","Go for the Eyes"],"picked":"Hologram","floor":2.0},{"not_picked":["Amplify","Leap"],"picked":"Beam Cell","floor":3.0},{"not_picked":["Skim","Genetic Algorithm"],"picked":"Leap","floor":5.0},{"not_picked":["Static Discharge","Melter"],"picked":"Gash","floor":6.0},{"not_picked":["Lockon","Steam"],"picked":"Ball Lightning","floor":10.0},{"not_picked":["Coolheaded","Hello World"],"picked":"Multi-Cast","floor":13.0},{"not_picked":["Reboot","Thunder Strike"],"picked":"Electrodynamics","floor":16.0},{"not_picked":["Cold Snap","Rebound"],"picked":"Coolheaded+1","floor":18.0},{"not_picked":["Sweeping Beam","Fusion+1"],"picked":"Leap","floor":19.0},{"not_picked":["Coolheaded+1","Ball Lightning"],"picked":"Glacier","floor":21.0},{"not_picked":["Fission","Cold Snap"],"picked":"Glacier","floor":24.0},{"not_picked":["Steam","Sweeping Beam","Steam Power+1"],"picked":"SKIP","floor":25.0},{"not_picked":["Fusion","Go for the Eyes"],"picked":"Conserve Battery","floor":28.0},{"not_picked":["Barrage","Hyperbeam"],"picked":"Self Repair","floor":30.0},{"not_picked":["Aggregate","Barrage"],"picked":"Blizzard","floor":31.0},{"not_picked":["Electrodynamics","Seek"],"picked":"Biased Cognition","floor":33},{"not_picked":["Compile Driver+1","Sunder","White Noise"],"picked":"SKIP","floor":35},{"not_picked":["Sweeping Beam","Stack"],"picked":"Self Repair","floor":36},{"not_picked":["Fusion","Stack"],"picked":"Cold Snap+1","floor":38}],"player_experience":58754,"relics_obtained":[{"floor":6.0,"key":"Pen Nib"},{"floor":9.0,"key":"Smiling Mask"},{"floor":24.0,"key":"PreservedInsect"},{"floor":26.0,"key":"Strawberry"},{"floor":30.0,"key":"Gremlin Horn"}],"event_choices":[{"damage_healed":35.0,"max_hp_gain":0.0,"max_hp_loss":0.0,"gold_gain":0.0,"event_name":"Wheel of Change","player_choice":"Full Heal","floor":8.0,"gold_loss":0.0,"damage_taken":0.0},{"cards_removed":["Strike_B"],"damage_healed":0.0,"max_hp_gain":0.0,"max_hp_loss":0.0,"gold_gain":0.0,"event_name":"Bonfire Elementals","player_choice":"Offered Basic","floor":12.0,"gold_loss":0.0,"damage_taken":0.0},{"damage_healed":0.0,"max_hp_gain":0.0,"max_hp_loss":0.0,"gold_gain":0.0,"event_name":"The Mausoleum","player_choice":"Opened","floor":20.0,"gold_loss":0.0,"damage_taken":0.0,"relics_obtained":["Kunai"]},{"damage_healed":0.0,"max_hp_gain":0.0,"max_hp_loss":0.0,"gold_gain":0.0,"event_name":"Match and Keep!","player_choice":"1 cards matched","floor":22.0,"gold_loss":0.0,"damage_taken":0.0,"cards_obtained":["Compile Driver"]}],"is_beta":false,"boss_relics":[{"not_picked":["Velvet Choker","SlaversCollar"],"picked":"SacredBark"},{"not_picked":["Nuclear Battery","Cursed Key"],"picked":"Inserter"}],"items_purged_floors":[4,37],"is_endless":false,"potions_floor_spawned":[5,6,13,16,21,25,33,38],"killed_by":"Maw","ascension_level":2}}