{"host":"0fm1w3v00gid44jl","time":1608091897,"event":{"mods":["AchievementEnabler","BaseMod","Colored Map","Colored Powertips","Displayed Cursed Tome","Googly Eyes","Highlight Path","Minty Spire (QoL Compilation)","Permanent Neow","Relic Stats","StSLib","SuperFastMode","slay the spire mod where everything is the same but ironclad has a cowboy hat"],"gold_per_floor":[114,114,114,139,21,46,46,74,122,135,135,115,115,127,127,228,228,245,143,158,178,178,178,205,222,222,222,240,240,240],"floor_reached":29,"playtime":1156,"items_purged":[],"score":264,"play_id":"ffb98571-9a07-43f5-813a-5cdd6344060d","local_time":"20201215221137","is_ascension_mode":true,"campfire_choices":[{"data":"Cloak And Dagger","floor":7,"key":"SMITH"},{"data":"A Thousand Cuts","floor":11,"key":"SMITH"},{"data":"Crippling Poison","floor":13,"key":"SMITH"},{"data":"Caltrops","floor":15,"key":"SMITH"},{"data":"Storm of Steel","floor":23,"key":"SMITH"},{"data":"Footwork","floor":27,"key":"SMITH"}],"circlet_count":0,"master_deck":["Strike_G","Defend_G","Defend_G","Defend_G","Defend_G","Defend_G","Survivor","Neutralize","A Thousand Cuts+1","Cloak And Dagger+1","Cloak And Dagger+1","Caltrops+1","Crippling Poison+1","PiercingWail","Blade Dance","Storm of Steel+1","Phantasmal Killer+1","Flying Knee+1","Caltrops+1","PiercingWail+1","Footwork+1","Blade Dance","Backstab","Backflip+1","Infinite Blades"],"relics":["Ring of the Snake","Bag of Preparation","Blood Vial","Eternal Feather","Art of War","Astrolabe","Lantern","Matryoshka"],"acts_visited":["Exordium","TheCity"],"potions_floor_usage":[16,25],"damage_taken":[{"damage":7,"enemies":"2 Louse","floor":1,"turns":3},{"damage":12,"enemies":"Lagavulin","floor":6,"turns":8},{"damage":18,"enemies":"3 Sentries","floor":8,"turns":7},{"damage":2,"enemies":"Jaw Worm","floor":10,"turns":3},{"damage":0,"enemies":"Cultist","floor":14,"turns":3},{"damage":28,"enemies":"Hexaghost","floor":16,"turns":8},{"damage":6,"enemies":"Chosen","floor":18,"turns":4},{"damage":10,"enemies":"Shell Parasite","floor":20,"turns":5},{"damage":19,"enemies":"Snecko","floor":21,"turns":4},{"damage":14,"enemies":"Gremlin Leader","floor":24,"turns":6},{"damage":18,"enemies":"Cultist and Chosen","floor":25,"turns":6},{"damage":0,"enemies":"Centurion and Healer","floor":28,"turns":5},{"damage":41,"enemies":"Book of Stabbing","floor":29,"turns":4}],"seed_played":"-8837459033524033299","potions_obtained":[{"floor":1,"key":"FearPotion"},{"floor":8,"key":"EntropicBrew"},{"floor":12,"key":"Dexterity Potion"},{"floor":20,"key":"EntropicBrew"},{"floor":28,"key":"Strength Potion"}],"is_trial":false,"path_per_floor":["M","?","?","T","$","E","R","E","T","M","R","?","R","M","R","B",null,"M","$","M","M","?","R","E","M","T","R","M","E"],"character_chosen":"THE_SILENT","items_purchased":["Cloak And Dagger","Caltrops","Footwork","Blade Dance"],"campfire_rested":0,"item_purchase_floors":[5,5,19,19],"current_hp_per_floor":[63,68,68,68,68,56,56,40,40,40,49,49,58,60,69,43,75,69,69,61,44,38,50,38,22,22,37,39,0,0],"gold":240,"neow_bonus":"TRANSFORM_CARD","is_daily":false,"chose_seed":false,"campfire_upgraded":6,"win_rate":0.0,"timestamp":1608091897,"path_taken":["M","?","?","?","$","E","R","E","T","M","R","?","R","?","R","BOSS","M","$","?","M","?","R","E","M","T","R","?","E"],"items_purchased_type":["Card","Card","Card","Card"],"build_version":"2020-12-13","purchased_purges":0,"victory":false,"max_hp_per_floor":[70,75,75,75,75,75,75,75,75,75,75,75,75,75,75,75,75,75,75,75,75,75,75,75,75,75,75,75,75,75],"relic_stats":{"Blood Vial":20,"counters":[13,66],"Astrolabe":["Phantasmal Killer","Flying Knee","Caltrops"],"Eternal Feather":54,"Bag of Preparation":[24],"Art of War":[5],"obtain_stats":[{"Blood Vial":6,"Lantern":24,"Matryoshka":26,"Astrolabe":17,"Eternal Feather":8,"Bag of Preparation":4,"Art of War":9,"Ring of the Snake":0},{"Blood Vial":2,"Lantern":10,"Matryoshka":11,"Astrolabe":6,"Eternal Feather":3,"Bag of Preparation":1,"Art of War":3,"Ring of the Snake":0},{"Blood Vial":11,"Lantern":51,"Matryoshka":57,"Astrolabe":32,"Eternal Feather":18,"Bag of Preparation":3,"Art of War":18,"Ring of the Snake":0}],"Ring of the Snake":[26]},"card_choices":[{"not_picked":["Calculated Gamble","Dagger Throw"],"picked":"Cloak And Dagger","floor":1},{"not_picked":["Deadly Poison","Endless Agony"],"picked":"Crippling Poison","floor":6},{"not_picked":["Bane","Dagger Throw"],"picked":"PiercingWail","floor":8},{"not_picked":["Cloak And Dagger","Terror"],"picked":"Blade Dance","floor":10},{"not_picked":["Tactician","Underhanded Strike","Deadly Poison"],"picked":"SKIP","floor":14},{"not_picked":["Envenom","Corpse Explosion"],"picked":"Storm of Steel","floor":16},{"not_picked":["Prepared","Quick Slash+1"],"picked":"PiercingWail+1","floor":18},{"not_picked":["Slice+1","Quick Slash"],"picked":"Backstab","floor":20},{"not_picked":["Sucker Punch","Flying Knee","Deadly Poison+1"],"picked":"SKIP","floor":21},{"not_picked":["Distraction","Crippling Poison"],"picked":"Backflip+1","floor":24},{"not_picked":["Bouncing Flask","Blade Dance+1"],"picked":"Infinite Blades","floor":25},{"not_picked":["A Thousand Cuts","Caltrops","Backflip"],"picked":"SKIP","floor":28}],"player_experience":1027930,"relics_obtained":[{"floor":4,"key":"Bag of Preparation"},{"floor":6,"key":"Blood Vial"},{"floor":8,"key":"Eternal Feather"},{"floor":9,"key":"Art of War"},{"floor":24,"key":"Lantern"},{"floor":26,"key":"Matryoshka"}],"event_choices":[{"damage_healed":0,"gold_gain":0,"player_choice":"Donut","damage_taken":0,"max_hp_gain":5,"max_hp_loss":0,"event_name":"Big Fish","floor":2,"gold_loss":0},{"damage_healed":0,"gold_gain":0,"player_choice":"Grow","damage_taken":0,"max_hp_gain":0,"max_hp_loss":0,"event_name":"Living Wall","floor":3,"gold_loss":0,"cards_upgraded":["Cloak And Dagger"]},{"damage_healed":0,"gold_gain":0,"player_choice":"Bought 1 Potion","damage_taken":0,"max_hp_gain":0,"max_hp_loss":0,"event_name":"The Woman in Blue","floor":12,"gold_loss":0},{"damage_healed":0,"gold_gain":0,"player_choice":"","damage_taken":6,"max_hp_gain":0,"max_hp_loss":0,"event_name":"Knowing Skull","floor":22,"potions_obtained":[],"gold_loss":0,"cards_obtained":[]}],"is_beta":false,"boss_relics":[{"not_picked":["Sozu","Calling Bell"],"picked":"Astrolabe"}],"items_purged_floors":[],"is_endless":false,"potions_floor_spawned":[1,8,20,24,28],"killed_by":"Book of Stabbing","ascension_level":1}}