{"host":"5ty8fyb0ngp9gspj","time":1608101760,"event":{"mods":["2.2 Compatiblity","AchievementEnabler","Act Like it!","BaseMod","Colored Map","Downfall","Minty Spire (QoL Compilation)","Rare Cards Sparkle","StSLib"],"gold_per_floor":[0,0,15,0,15,30,30,30,65,65,77,88,188,288,305,305,305],"floor_reached":16,"playtime":850,"items_purged":[],"score":102,"play_id":"e3fd79d0-5dc3-4da6-8337-de6aecd498a2","local_time":"20201216175600","is_ascension_mode":false,"campfire_choices":[{"data":"Secret Weapon","floor":1,"key":"SMITH"},{"data":"champ:StanceDance","floor":8,"key":"SMITH"},{"data":"champ:CrookedStrike","floor":10,"key":"SMITH"}],"circlet_count":0,"master_deck":["champ:Strike","champ:Strike","champ:Strike","champ:Strike","champ:Defend","champ:Defend","champ:Defend","champ:Defend","champ:Execute","champ:Taunt","Secret Weapon+1","champ:BerserkersShout","champ:Aggression","champ:Riposte","champ:StanceDance+1","champ:CrookedStrike+1","champ:Backstep","champ:ViciousMockery","champ:DefensiveShout"],"relics":["champ:ChampionCrown","Meat on the Bone"],"acts_visited":["Exordium"],"potions_floor_usage":[9],"damage_taken":[{"damage":11,"enemies":"Jaw Worm","floor":3,"turns":4},{"damage":21,"enemies":"downfall:FleeingMerchant","floor":4,"turns":4},{"damage":17,"enemies":"Cultist","floor":5,"turns":4},{"damage":5,"enemies":"2 Louse","floor":6,"turns":2},{"damage":45,"enemies":"3 Sentries","floor":9,"turns":8},{"damage":14,"enemies":"2 Fungi Beasts","floor":11,"turns":3},{"damage":11,"enemies":"Exordium Thugs","floor":12,"turns":4},{"damage":35,"enemies":"Large Slime","floor":15,"turns":5},{"damage":31,"enemies":"downfall:Ironclad","floor":16,"turns":5}],"seed_played":"6577038939331740730","potions_obtained":[{"floor":2,"key":"SkillPotion"},{"floor":2,"key":"FearPotion"},{"floor":2,"key":"champ:UltimateStancePotion"},{"floor":9,"key":"Dexterity Potion"},{"floor":12,"key":"champ:UltimateStancePotion"}],"is_trial":false,"path_per_floor":["R","?","M","$","M","M","T","R","E","R","M","M","?","?","M","B"],"character_chosen":"THE_CHAMP","items_purchased":[],"campfire_rested":0,"item_purchase_floors":[],"current_hp_per_floor":[90,90,87,82,82,82,82,82,60,60,51,57,57,57,53,30,30],"gold":305,"neow_bonus":"RANDOM_COLORLESS_2","is_daily":false,"chose_seed":false,"campfire_upgraded":3,"win_rate":0.0,"timestamp":1608101760,"path_taken":["R","?","M","$","?","M","T","R","E","R","M","?","?","?","M","BOSS"],"items_purchased_type":[],"build_version":"2020-12-13","purchased_purges":0,"victory":false,"max_hp_per_floor":[90,90,90,90,90,90,90,90,90,90,90,90,90,90,90,90,90],"card_choices":[{"not_picked":["Sadistic Nature","expansioncontent:StudyTheSpire"],"picked":"Secret Weapon","floor":0},{"not_picked":["champ:PerfectedStrike","champ:EnGarde"],"picked":"champ:BerserkersShout","floor":3},{"not_picked":["champ:TornadoPunch","champ:CalledShot"],"picked":"champ:Aggression","floor":4},{"not_picked":["champ:Lariat","champ:Circumvent"],"picked":"champ:Riposte","floor":5},{"not_picked":["champ:Encircle","champ:BerserkersShout"],"picked":"champ:StanceDance","floor":6},{"not_picked":["champ:FocusedBerserking","champ:StanceDance"],"picked":"champ:CrookedStrike","floor":9},{"not_picked":["champ:HeartStrike","champ:GladiatorStyle"],"picked":"champ:Backstep","floor":11},{"not_picked":["champ:StanceDance","champ:Circumvent"],"picked":"champ:ViciousMockery","floor":12},{"not_picked":["champ:CrookedStrike","champ:Haymaker"],"picked":"champ:DefensiveShout","floor":15}],"player_experience":288023,"relics_obtained":[{"floor":9,"key":"Meat on the Bone"}],"event_choices":[{"damage_healed":0,"gold_gain":0,"player_choice":"Got Potions","damage_taken":0,"max_hp_gain":0,"max_hp_loss":0,"event_name":"Lab","floor":2,"gold_loss":0}],"is_beta":false,"boss_relics":[],"items_purged_floors":[],"is_endless":false,"potions_floor_spawned":[9,12,15],"killed_by":"downfall:Ironclad","ascension_level":0}}