{"host":"90zmhqhem9nbzoc6","time":1608084152,"event":{"mods":["AchievementEnabler","BaseMod","Better Note","Better Third Choice","BetterRewards","Colored Map","Colored Powertips","Conspire","Downfall","Energized Spire","Friendly Minions","GifTheSpireLib","Hermit","Hubris","Infinite Spire","Minty Spire (QoL Compilation)","Quick Restart","Replay The Spire","StSLib","Stuff the Spire","The Blue Laboratory","The Jungle"],"gold_per_floor":[111,35,49,49,59,59,73,92,172,138,157,185,185],"floor_reached":12,"playtime":405,"items_purged":[],"score":82,"play_id":"3e7a8fa4-7b96-48f0-980a-bb4dd21f8982","local_time":"20201215180232","is_ascension_mode":false,"campfire_choices":[{"floor":6,"key":"RECALL"}],"circlet_count":0,"master_deck":["hermit:Strike_Hermit","hermit:Strike_Hermit","hermit:Strike_Hermit","hermit:Strike_Hermit","hermit:Defend_Hermit","hermit:Defend_Hermit","hermit:Defend_Hermit","hermit:Defend_Hermit","hermit:Snapshot","hermit:Covet","hermit:Glare","hermit:TakeAim","hermit:HighCaliber","hermit:Enervate","hermit:Dive","hermit:Ricochet","hermit:Headshot","hermit:Shortfuse","hermit:HighCaliber","hermit:HighCaliber","hermit:Quickdraw"],"relics":["hermit:Momento","Shuriken","Sling","ReplayFunnel"],"acts_visited":["Exordium"],"potions_floor_usage":[],"damage_taken":[{"damage":0,"enemies":"Cultist","floor":1,"turns":3},{"damage":0,"enemies":"Small Slimes","floor":3,"turns":3},{"damage":0,"enemies":"Jaw Worm","floor":5,"turns":2},{"damage":0,"enemies":"3 Louse","floor":7,"turns":2},{"damage":34,"enemies":"Exordium Thugs","floor":8,"turns":5},{"damage":9,"enemies":"2 Fungi Beasts","floor":11,"turns":2},{"damage":30,"enemies":"3 Sentries","floor":12,"turns":5}],"seed_played":"35089126145042360","potions_obtained":[{"floor":7,"key":"Dexterity Potion"},{"floor":11,"key":"Milkshake"},{"floor":12,"key":"blueLaboratory:LouseDecoction"}],"is_trial":false,"path_per_floor":["M","$","M","?","M","R","M","M","T","$","M","E"],"character_chosen":"HERMIT","items_purchased":["Shuriken","hermit:Glare","hermit:TakeAim","Sling","hermit:Enervate","hermit:HighCaliber"],"campfire_rested":0,"item_purchase_floors":[0,0,0,0,2,10],"current_hp_per_floor":[75,75,75,75,75,75,75,41,41,41,32,2,2],"gold":185,"neow_bonus":"","is_daily":false,"chose_seed":false,"campfire_upgraded":0,"win_rate":0.0,"timestamp":1608084152,"path_taken":["M","$","?","?","M","R","M","M","T","?","M","E"],"items_purchased_type":["Relic","Card","Card","Relic","Card","Card"],"build_version":"2020-12-13","purchased_purges":0,"victory":false,"max_hp_per_floor":[75,75,75,75,75,75,75,75,75,75,75,75,75],"card_choices":[{"not_picked":["hermit:Glare","hermit:Snipe"],"picked":"hermit:HighCaliber","floor":1},{"not_picked":["hermit:Desperado","hermit:Ricochet"],"picked":"hermit:Dive","floor":3},{"not_picked":["hermit:Virtue","hermit:ItchyTrigger"],"picked":"hermit:Ricochet","floor":5},{"not_picked":["hermit:ItchyTrigger","hermit:SprayPray"],"picked":"hermit:Headshot","floor":7},{"not_picked":["hermit:Scavenge","hermit:Ricochet"],"picked":"hermit:Shortfuse","floor":8},{"not_picked":["hermit:Roughhouse","hermit:Headshot"],"picked":"hermit:Quickdraw","floor":11}],"player_experience":199384,"relics_obtained":[{"floor":12,"key":"ReplayFunnel"}],"event_choices":[{"damage_healed":0,"gold_gain":0,"player_choice":"Disagree","damage_taken":0,"max_hp_gain":0,"max_hp_loss":0,"event_name":"conspire:LoneGhost","floor":4,"gold_loss":0}],"is_beta":false,"boss_relics":[],"items_purged_floors":[],"is_endless":false,"potions_floor_spawned":[7,11,12],"killed_by":"3 Sentries","ascension_level":0}}