{"host":"5uvzo7moqy5vd63g","time":1608143547,"event":{"mods":["Aspiration","BaseMod","Conspire","Dio Mod","Downfall","Hermit","Hubris","Jedi Mod","Jorbs\u0027s Wanderer Trilogy","Mimic Mod","Minty Spire (QoL Compilation)","Replay The Spire","StSLib","The Animator","Wandering Minibosses"],"gold_per_floor":[126,126,139,139,140,182,182,209,248,261,275,301,301,301,301,400,400,413,62,111,103,139,165,240,240,240],"floor_reached":25,"playtime":2353,"items_purged":[],"score":361,"play_id":"76478a65-ec6a-4f19-b716-1a662fb1aad6","local_time":"20201216133227","is_ascension_mode":true,"campfire_choices":[{"floor":7,"key":"REST"},{"floor":15,"key":"REST"}],"circlet_count":0,"master_deck":["animator:Strike_FullmetalAlchemist","animator:Defend_FullmetalAlchemist","animator:Strike","animator:Strike","animator:Strike","animator:Defend","animator:Defend","animator:Defend","animator:ElricEdward","animator:ElricAlphonse+1","animator:Envy","animator:Gluttony","animator:YuiTsuruno","animator:Add","animator:RoyMustang","animator:Sloth","animator:Yuuichirou","animator:FeridBathory","animator:YachiyoNanami","animator:MadokaKaname","animator:Tatsumaki+1","animator:Ain","animator:WinryRockbell","animator:Pride+1","animator:IrohaTamaki","animator:SuzuneAmano"],"relics":["animator:TheMissingPiece","animator:PurgingStone","Charon\u0027s Ashes","MealTicket","Orichalcum","HornCleat","aspiration:FutureDiary","animator:BattleDrones","Red Mask","conspire:Dentures"],"acts_visited":["Exordium","TheCity"],"potions_floor_usage":[6,21],"damage_taken":[{"damage":2,"enemies":"Small Slimes","floor":1,"turns":4},{"damage":8,"enemies":"Jaw Worm","floor":3,"turns":4},{"damage":7,"enemies":"Cultist","floor":5,"turns":7},{"damage":41,"enemies":"Lagavulin","floor":6,"turns":8},{"damage":13,"enemies":"3 Sentries","floor":8,"turns":5},{"damage":0,"enemies":"Exordium Wildlife","floor":9,"turns":5},{"damage":0,"enemies":"Exordium Wildlife","floor":10,"turns":2},{"damage":0,"enemies":"Blue Slaver","floor":11,"turns":3},{"damage":16,"enemies":"Lagavulin","floor":12,"turns":5},{"damage":1,"enemies":"Hexaghost","floor":16,"turns":8},{"damage":0,"enemies":"3 Byrds","floor":18,"turns":2},{"damage":38,"enemies":"Masked Bandits","floor":20,"turns":4},{"damage":18,"enemies":"2 Thieves","floor":21,"turns":6},{"damage":0,"enemies":"Shelled Parasite and Fungi","floor":22,"turns":4},{"damage":2,"enemies":"animator:HornedBat","floor":23,"turns":4},{"damage":22,"enemies":"Shelled Parasite and Fungi","floor":25,"turns":3}],"seed_played":"-8715572978517807386","potions_obtained":[{"floor":3,"key":"Strength Potion"},{"floor":10,"key":"Slimebound:ThreeZeroPotion"},{"floor":11,"key":"BlessingOfTheForge"},{"floor":12,"key":"Elixir"},{"floor":16,"key":"Fire Potion"},{"floor":21,"key":"jedi:holywater"}],"is_trial":false,"path_per_floor":["M","?","M","?","M","E","R","E","MIM","M","M","E","T","T","R","B",null,"M","$","?","M","MIM","E","?","M"],"character_chosen":"THE_ANIMATOR","items_purchased":["animator:Ain","animator:BattleDrones","animator:WinryRockbell"],"campfire_rested":2,"item_purchase_floors":[19,19,19],"current_hp_per_floor":[59,59,51,56,49,8,27,19,23,27,31,19,19,19,39,42,61,65,67,33,19,23,25,19,0,0],"gold":240,"neow_bonus":"THREE_RARE_CARDS","is_daily":false,"chose_seed":false,"campfire_upgraded":0,"win_rate":0.0,"timestamp":1608143547,"path_taken":["M","?","M","?","M","E","R","E","MIM","M","?","E","?","?","R","BOSS","M","$","?","M","?","E","?","?"],"items_purchased_type":["Card","Relic","Card"],"build_version":"2020-12-13","purchased_purges":0,"victory":false,"max_hp_per_floor":[61,61,61,66,66,66,66,67,67,67,67,67,67,67,67,67,67,67,67,67,67,67,67,67,67,67],"card_choices":[{"not_picked":["animator:Boros","animator:HomuraAkemi"],"picked":"animator:Envy","floor":0},{"not_picked":["animator:Geryuganshoop","animator:Tatsumaki"],"picked":"animator:Gluttony","floor":1},{"not_picked":["animator:Mitsuba","animator:NarberalGamma"],"picked":"animator:YuiTsuruno","floor":3},{"not_picked":["animator:Tatsumaki","animator:Melzalgald"],"picked":"animator:Add","floor":5},{"not_picked":["animator:Pride","animator:MaesHughes"],"picked":"animator:RoyMustang","floor":6},{"not_picked":["animator:Witch","animator:IrohaTamaki"],"picked":"animator:Sloth","floor":8},{"not_picked":["animator:IrohaTamaki","animator:Gluttony"],"picked":"animator:Yuuichirou","floor":10},{"not_picked":["animator:HighElfArcher","animator:Elsword"],"picked":"animator:FeridBathory","floor":11},{"not_picked":["animator:YuiTsuruno","animator:SayakaMiki"],"picked":"animator:YachiyoNanami","floor":12},{"not_picked":["animator:HomuraAkemi","animator:Greed"],"picked":"animator:MadokaKaname","floor":16},{"not_picked":["animator:Gillette","animator:Azekura"],"picked":"animator:Tatsumaki+1","floor":18},{"not_picked":["animator:MaesHughes","animator:Mikaela"],"picked":"animator:Pride+1","floor":20},{"not_picked":["animator:KyokoSakura","animator:Tatsumaki"],"picked":"animator:IrohaTamaki","floor":21},{"not_picked":["animator:Sebas","animator:Shinoa"],"picked":"animator:SuzuneAmano","floor":22},{"not_picked":["animator:TsurugaMeisai","animator:MamiTomoe","animator:CrowleyEusford"],"picked":"SKIP","floor":23}],"player_experience":1349425,"relics_obtained":[{"floor":6,"key":"jedi:crownofsimplicity"},{"floor":8,"key":"Charon\u0027s Ashes"},{"floor":12,"key":"MealTicket"},{"floor":13,"key":"Orichalcum"},{"floor":14,"key":"HornCleat"},{"floor":20,"key":"Red Mask"},{"floor":23,"key":"conspire:Dentures"}],"event_choices":[{"damage_healed":0,"gold_gain":0,"player_choice":"Donut","damage_taken":0,"max_hp_gain":5,"max_hp_loss":0,"event_name":"Big Fish","floor":4,"gold_loss":0},{"damage_healed":0,"gold_gain":0,"player_choice":"Fought Bandits","damage_taken":0,"max_hp_gain":0,"max_hp_loss":0,"event_name":"Masked Bandits","floor":20,"gold_loss":0},{"damage_healed":0,"gold_gain":75,"player_choice":"Touch","damage_taken":6,"max_hp_gain":0,"max_hp_loss":0,"event_name":"FaceTrader","floor":24,"gold_loss":0}],"is_beta":false,"boss_relics":[{"not_picked":["hubris:HollowSoul","ReplayTheSpireMod:DimensionalGlitch"],"picked":"aspiration:FutureDiary"}],"items_purged_floors":[],"is_endless":false,"potions_floor_spawned":[3,10,11,12,16,21],"killed_by":"Shelled Parasite and Fungi","ascension_level":5}}