{"host":"bsqaowxr2lcqjse6","time":1608138355,"event":{"mods":["Act Like it!","Aspiration","BaseMod","Beaked The Cultist","Better Altar","Better Match","Better Note","Better Third Choice","BetterRewards","Block Reminder","Colored Map","Colored Powertips","Conspire","DeckTracker","Downfall","Energized Spire","Friendly Minions","Halation","Hunter ??","Infinite Spire","Minty Spire (QoL Compilation)","Relic Stats","Replay The Spire","Shade Mod","Shop Mod","Spicy Shops","StSLib","Transform Curses","Wandering Minibosses"],"gold_per_floor":[118,118,136,149,149,149,166,198,198,198,216,231,250,260,260,359,359,284,284,284,134,148,148,148],"floor_reached":23,"playtime":4834,"items_purged":[],"score":193,"play_id":"289e07d3-f140-4977-b0e4-c02395b83059","local_time":"20201217040555","is_ascension_mode":false,"campfire_choices":[{"data":"Zap","floor":6,"key":"SMITH"},{"data":"Dualcast","floor":10,"key":"SMITH"},{"floor":15,"key":"REST"}],"circlet_count":0,"master_deck":["Strike_B","Strike_B","Strike_B","Strike_B","Defend_B","Defend_B","Defend_B","Defend_B","Zap+1","Dualcast+1","Looming Evil","Cold Snap","Storm","Conserve Battery","Skim","Seek","CurseOfTheBell","Shame","Turbo"],"relics":["Cracked Core","ReplayTheSpireMod:Ring of Collecting","Ring of Peace","Centennial Puzzle","Replay:Antivirus Software","Calling Bell","Eternal Feather","aspiration:AnachronicSnailShell","Runic Capacitor"],"acts_visited":["Exordium","TheCity"],"potions_floor_usage":[8,16],"damage_taken":[{"damage":1,"enemies":"2 Louse","floor":1,"turns":2},{"damage":0,"enemies":"Small Slimes","floor":3,"turns":3},{"damage":0,"enemies":"Jaw Worm","floor":4,"turns":4},{"damage":5,"enemies":"Exordium Thugs","floor":7,"turns":5},{"damage":29,"enemies":"Gremlin Nob","floor":8,"turns":5},{"damage":5,"enemies":"Exordium Wildlife","floor":11,"turns":7},{"damage":0,"enemies":"Large Slime","floor":12,"turns":6},{"damage":2,"enemies":"Looter","floor":13,"turns":3},{"damage":0,"enemies":"3 Louse","floor":14,"turns":4},{"damage":53,"enemies":"Hexaghost","floor":16,"turns":16},{"damage":2,"enemies":"2 Thieves","floor":18,"turns":5},{"damage":26,"enemies":"conspire:FuzzyDice","floor":22,"turns":14},{"damage":58,"enemies":"Book of Stabbing","floor":23,"turns":7}],"seed_played":"-4519072728403457431","potions_obtained":[{"floor":4,"key":"Strength Potion"},{"floor":11,"key":"Swift Potion"},{"floor":22,"key":"Elixir"}],"is_trial":false,"path_per_floor":["M","?","M","M","?","R","M","E","T","R","M","M","M","M","R","B",null,"M","?","?","$","M","E"],"character_chosen":"DEFECT","items_purchased":["Runic Capacitor"],"campfire_rested":1,"item_purchase_floors":[21],"current_hp_per_floor":[81,81,81,81,81,81,76,47,47,47,42,42,40,40,64,11,82,80,80,80,80,54,0,0],"gold":148,"neow_bonus":"TEN_PERCENT_HP_BONUS","is_daily":false,"chose_seed":false,"campfire_upgraded":2,"win_rate":0.0,"timestamp":1608138355,"path_taken":["M","?","M","M","?","R","M","E","T","R","M","M","M","M","R","BOSS","M","?","?","$","M","E"],"items_purchased_type":["Relic"],"build_version":"2020-12-13","purchased_purges":0,"victory":false,"max_hp_per_floor":[82,82,82,82,82,82,82,82,82,82,82,82,82,82,82,82,82,82,82,82,82,82,82,82],"relic_stats":{"Centennial Puzzle":[18],"counters":[13,81],"Eternal Feather":0,"obtain_stats":[{"Calling Bell":17,"Centennial Puzzle":8,"ReplayTheSpireMod:Ring of Collecting":2,"Ring of Peace":2,"aspiration:AnachronicSnailShell":17,"Eternal Feather":17,"Runic Capacitor":21,"Replay:Antivirus Software":9,"Cracked Core":0},{"Calling Bell":10,"Centennial Puzzle":5,"ReplayTheSpireMod:Ring of Collecting":1,"Ring of Peace":1,"aspiration:AnachronicSnailShell":10,"Eternal Feather":10,"Runic Capacitor":11,"Replay:Antivirus Software":5,"Cracked Core":0},{"Calling Bell":55,"Centennial Puzzle":19,"ReplayTheSpireMod:Ring of Collecting":2,"Ring of Peace":2,"aspiration:AnachronicSnailShell":55,"Eternal Feather":55,"Runic Capacitor":60,"Replay:Antivirus Software":19,"Cracked Core":0}]},"card_choices":[{"not_picked":["Beam Cell","Auto Shields","FTL"],"picked":"SKIP","floor":1},{"not_picked":["Lockon","Hologram"],"picked":"Cold Snap","floor":3},{"not_picked":["Melter","ReplayTheSpireMod:Repulse"],"picked":"Storm","floor":4},{"not_picked":["Recycle","Barrage"],"picked":"Conserve Battery","floor":7},{"not_picked":["Reprogram","Leap","Sweeping Beam"],"picked":"SKIP","floor":8},{"not_picked":["Compile Driver","Mirror Shield","Leap"],"picked":"SKIP","floor":11},{"not_picked":["Stack","Barrage","Steam"],"picked":"SKIP","floor":12},{"not_picked":["Coolheaded","Lockon","Genetic Algorithm"],"picked":"SKIP","floor":13},{"not_picked":["White Noise","ReplayTheSpireMod:Repulse"],"picked":"Skim","floor":14},{"not_picked":["All For One","Biased Cognition"],"picked":"Seek","floor":16},{"not_picked":["Compile Driver+1","Hologram","Skim"],"picked":"SKIP","floor":18},{"not_picked":["Gash","Coolheaded"],"picked":"Turbo","floor":22}],"player_experience":582308,"relics_obtained":[{"floor":2,"key":"ReplayTheSpireMod:Ring of Collecting"},{"floor":2,"key":"Ring of Peace"},{"floor":8,"key":"Centennial Puzzle"},{"floor":9,"key":"Replay:Antivirus Software"},{"floor":17,"key":"Eternal Feather"},{"floor":17,"key":"aspiration:AnachronicSnailShell"}],"event_choices":[{"damage_healed":0,"gold_gain":0,"player_choice":"Leave","damage_taken":0,"max_hp_gain":0,"max_hp_loss":0,"event_name":"conspire:Investor","floor":5,"gold_loss":0},{"cards_removed":["Zap"],"damage_healed":0,"gold_gain":0,"player_choice":"Give","damage_taken":0,"max_hp_gain":0,"max_hp_loss":0,"event_name":"betterNote:BetterNote","floor":19,"gold_loss":0,"cards_obtained":["None"]}],"is_beta":false,"boss_relics":[{"not_picked":["halation:Risk","energizedSpire:UnstableMolecules"],"picked":"Calling Bell"}],"items_purged_floors":[],"is_endless":false,"potions_floor_spawned":[1,4,11,14,22],"killed_by":"Book of Stabbing","ascension_level":0}}