{"host":"bg8va46pgqgvtzim","time":1608110114,"event":{"mods":["BaseMod","Minty Spire (QoL Compilation)","Quick Restart","StSLib","SuperFastMode"],"gold_per_floor":[119,137,155,171,188,188,214,214,214,239,256,256,281,132,132,231,231,242,255,267,267,192,192,225,125,150,178,278,313,324,338,338,440,440,455,472,488,498,517,550,568,584,633,644,678,553,553,588,588,588,588,588,90,123,123],"floor_reached":56,"playtime":2210,"items_purged":["Defend_P","Strike_P+1","Strike_P+1","Defend_P+1"],"score":1844,"play_id":"a2dae5e0-c8e3-4082-bee5-e33ffe0b0580","local_time":"20201216171514","is_ascension_mode":true,"campfire_choices":[{"data":"Collect","floor":6.0,"key":"SMITH"},{"data":"Prostrate","floor":8.0,"key":"SMITH"},{"data":"CrushJoints","floor":15.0,"key":"SMITH"},{"data":"Wallop","floor":23.0,"key":"SMITH"},{"floor":32.0,"key":"RECALL"},{"floor":47.0,"key":"REST"},{"floor":49.0,"key":"REST"},{"floor":52.0,"key":"REST"}],"circlet_count":0,"master_deck":["Eruption+1","Vigilance+1","FlurryOfBlows+1","FearNoEvil+1","LessonLearned+1","Collect+1","Prostrate+1","DeceiveReality+1","Vengeance+1","CrushJoints+1","MentalFortress+1","MasterReality+1","CurseOfTheBell","Tantrum+1","Halt+1","ClearTheMind+1","Evaluate+1","InnerPeace+1","Wallop+1","Adaptation+1","Prostrate+1","EmptyMind+1","DevaForm+1","Pray+1","Sanctity+1","TalkToTheHand+1","TalkToTheHand+1","Adaptation+1","Vault+1"],"relics":["PureWater","Prayer Wheel","Incense Burner","White Beast Statue","FossilizedHelix","Calling Bell","MealTicket","Toxic Egg 2","Torii","Pantograph","Anchor","Eternal Feather","Turnip","Kunai","InkBottle","Empty Cage","Meat on the Bone","Damaru","Smiling Mask","ClockworkSouvenir","Mango","Strawberry"],"acts_visited":["Exordium","TheCity","TheBeyond","TheEnding"],"potions_floor_usage":[55],"damage_taken":[{"damage":0.0,"enemies":"Cultist","floor":1.0,"turns":3.0},{"damage":0.0,"enemies":"Jaw Worm","floor":2.0,"turns":3.0},{"damage":0.0,"enemies":"2 Louse","floor":3.0,"turns":3.0},{"damage":0.0,"enemies":"Looter","floor":4.0,"turns":2.0},{"damage":0.0,"enemies":"Blue Slaver","floor":5.0,"turns":3.0},{"damage":17.0,"enemies":"3 Sentries","floor":7.0,"turns":5.0},{"damage":0.0,"enemies":"Gremlin Nob","floor":10.0,"turns":2.0},{"damage":6.0,"enemies":"Exordium Wildlife","floor":11.0,"turns":4.0},{"damage":0.0,"enemies":"Lagavulin","floor":13.0,"turns":7.0},{"damage":0.0,"enemies":"The Guardian","floor":16.0,"turns":12.0},{"damage":7.0,"enemies":"Chosen","floor":18.0,"turns":6.0},{"damage":0.0,"enemies":"2 Thieves","floor":19.0,"turns":2.0},{"damage":0.0,"enemies":"Snake Plant","floor":20.0,"turns":4.0},{"damage":7.0,"enemies":"Slavers","floor":24.0,"turns":5.0},{"damage":0.0,"enemies":"Book of Stabbing","floor":27.0,"turns":6.0},{"damage":0.0,"enemies":"Colosseum Slavers","floor":28.0,"turns":2.0},{"damage":0.0,"enemies":"Colosseum Nobs","floor":28.0,"turns":8.0},{"damage":0.0,"enemies":"Slavers","floor":29.0,"turns":5.0},{"damage":0.0,"enemies":"Sentry and Sphere","floor":30.0,"turns":4.0},{"damage":0.0,"enemies":"3 Cultists","floor":31.0,"turns":4.0},{"damage":0.0,"enemies":"Champ","floor":33.0,"turns":10.0},{"damage":0.0,"enemies":"3 Darklings","floor":35.0,"turns":5.0},{"damage":0.0,"enemies":"3 Shapes","floor":36.0,"turns":5.0},{"damage":0.0,"enemies":"3 Darklings","floor":37.0,"turns":4.0},{"damage":0.0,"enemies":"Sphere and 2 Shapes","floor":38.0,"turns":4.0},{"damage":0.0,"enemies":"Jaw Worm Horde","floor":39.0,"turns":4.0},{"damage":0.0,"enemies":"Nemesis","floor":40.0,"turns":7.0},{"damage":0.0,"enemies":"Spire Growth","floor":41.0,"turns":4.0},{"damage":0.0,"enemies":"Maw","floor":42.0,"turns":5.0},{"damage":0.0,"enemies":"4 Shapes","floor":44.0,"turns":4.0},{"damage":0.0,"enemies":"Reptomancer","floor":45.0,"turns":6.0},{"damage":0.0,"enemies":"Giant Head","floor":48.0,"turns":4.0},{"damage":0.0,"enemies":"Awakened One","floor":50.0,"turns":8.0},{"damage":0.0,"enemies":"Shield and Spear","floor":54.0,"turns":7.0},{"damage":0,"enemies":"The Heart","floor":55,"turns":8}],"seed_played":"3996254249371710865","potions_obtained":[{"floor":4.0,"key":"AttackPotion"},{"floor":5.0,"key":"Ambrosia"},{"floor":7.0,"key":"Energy Potion"},{"floor":10.0,"key":"ColorlessPotion"},{"floor":11.0,"key":"FearPotion"},{"floor":16.0,"key":"BlessingOfTheForge"},{"floor":19.0,"key":"PowerPotion"},{"floor":20.0,"key":"Swift Potion"},{"floor":24.0,"key":"AttackPotion"},{"floor":27.0,"key":"StancePotion"},{"floor":28.0,"key":"FearPotion"},{"floor":30.0,"key":"SpeedPotion"},{"floor":37.0,"key":"PowerPotion"},{"floor":38.0,"key":"Swift Potion"},{"floor":39.0,"key":"SpeedPotion"},{"floor":40.0,"key":"StancePotion"},{"floor":41.0,"key":"PowerPotion"},{"floor":45.0,"key":"LiquidMemories"}],"is_trial":false,"path_per_floor":["M","M","M","M","M","R","E","R","T","E","M","?","E","$","R","B",null,"M","M","M","?","?","R","E","$","T","E","?","E","M","M","R","B",null,"M","M","M","M","M","E","M","M","T","M","E","$","R","E","R","B",null,"R","$","E","B",null],"character_chosen":"WATCHER","items_purchased":["MentalFortress","ClockworkSouvenir","Mango"],"campfire_rested":3,"item_purchase_floors":[14,53,53],"current_hp_per_floor":[72,72,72,72,72,72,55,55,55,55,49,49,49,49,49,49,72,65,65,65,65,65,65,58,72,72,72,72,72,72,72,72,72,72,72,72,72,72,72,72,72,72,72,72,72,72,72,72,72,72,72,72,86,93,93],"gold":123,"neow_bonus":"UPGRADE_CARD","is_daily":false,"chose_seed":false,"campfire_upgraded":4,"win_rate":0.0,"timestamp":1608110114,"path_taken":["M","M","M","?","M","R","E","R","T","E","M","?","E","$","R","BOSS","M","M","M","?","?","R","E","$","T","E","?","E","?","M","R","BOSS","M","M","M","M","M","E","M","?","T","M","E","$","R","E","R","BOSS","R","$","E","BOSS"],"items_purchased_type":["Card","Relic","Relic"],"build_version":"2020-12-13","purchased_purges":4,"victory":true,"max_hp_per_floor":[72,72,72,72,72,72,72,72,72,72,72,72,72,72,72,72,72,72,72,72,72,72,72,72,72,72,72,72,72,72,72,72,72,72,72,72,72,72,72,72,72,72,72,72,72,72,72,72,72,72,72,72,86,93,93],"card_choices":[{"not_picked":["CutThroughFate","JustLucky"],"picked":"FlurryOfBlows","floor":1.0},{"not_picked":["FlurryOfBlows","Nirvana"],"picked":"FearNoEvil","floor":2.0},{"not_picked":["Evaluate","SignatureMove"],"picked":"LessonLearned","floor":3.0},{"not_picked":["WindmillStrike","Consecrate","FearNoEvil"],"picked":"SKIP","floor":4.0},{"not_picked":["FollowUp","Sanctity"],"picked":"Collect","floor":5.0},{"not_picked":["DeusExMachina","Wish"],"picked":"Prostrate","floor":7.0},{"not_picked":["EmptyFist","Devotion"],"picked":"DeceiveReality","floor":10.0},{"not_picked":["ClearTheMind","Crescendo"],"picked":"Vengeance","floor":11.0},{"not_picked":["Perseverance","ClearTheMind","Evaluate"],"picked":"SKIP","floor":11.0},{"not_picked":["ClearTheMind","FlyingSleeves"],"picked":"CrushJoints","floor":13.0},{"not_picked":["Vault","DeusExMachina"],"picked":"MasterReality","floor":16.0},{"not_picked":["Perseverance+1","Wallop"],"picked":"Tantrum","floor":18.0},{"not_picked":["CrushJoints+1","Vengeance+1"],"picked":"Halt+1","floor":18.0},{"not_picked":["Sanctity+1","FearNoEvil"],"picked":"ClearTheMind+1","floor":19.0},{"not_picked":["PathToVictory+1","EmptyFist"],"picked":"Evaluate+1","floor":19.0},{"not_picked":["Vengeance+1","FollowUp+1"],"picked":"InnerPeace+1","floor":20.0},{"not_picked":["MasterReality","Protect+1"],"picked":"Wallop","floor":20.0},{"not_picked":["FlurryOfBlows","BowlingBash+1"],"picked":"Adaptation","floor":24.0},{"not_picked":["EmptyFist","ForeignInfluence+1","Alpha+1"],"picked":"SKIP","floor":27.0},{"not_picked":["Conclude+1","CrushJoints"],"picked":"Prostrate+1","floor":28.0},{"not_picked":["ClearTheMind+1","Vengeance+1","FlyingSleeves"],"picked":"SKIP","floor":29.0},{"not_picked":["Prostrate+1","Evaluate+1"],"picked":"EmptyMind+1","floor":30.0},{"not_picked":["EmptyBody+1","EmptyFist","JustLucky"],"picked":"SKIP","floor":30.0},{"not_picked":["FlurryOfBlows+1","CarveReality+1","Prostrate+1"],"picked":"SKIP","floor":31.0},{"not_picked":["ThirdEye+1","BattleHymn","EmptyMind+1"],"picked":"SKIP","floor":31.0},{"not_picked":["Scrawl+1","ConjureBlade+1"],"picked":"DevaForm","floor":33.0},{"not_picked":["Evaluate+1","Crescendo+1"],"picked":"Pray+1","floor":35.0},{"not_picked":["PathToVictory+1","Tantrum+1","EmptyBody+1"],"picked":"SKIP","floor":35.0},{"not_picked":["FlurryOfBlows","EmptyFist"],"picked":"Sanctity+1","floor":36.0},{"not_picked":["Consecrate+1","SashWhip+1","ClearTheMind+1"],"picked":"SKIP","floor":36.0},{"not_picked":["PathToVictory+1","EmptyFist"],"picked":"TalkToTheHand","floor":37.0},{"not_picked":["EmptyMind+1","Wireheading+1"],"picked":"TalkToTheHand+1","floor":37.0},{"not_picked":["DeceiveReality+1","EmptyBody+1","MasterReality"],"picked":"SKIP","floor":38.0},{"not_picked":["Crescendo+1","Weave","DeceiveReality+1"],"picked":"SKIP","floor":38.0},{"not_picked":["FollowUp+1","CrushJoints","Halt+1"],"picked":"SKIP","floor":39.0},{"not_picked":["FlyingSleeves","CutThroughFate+1","Sanctity+1"],"picked":"SKIP","floor":39.0},{"not_picked":["PathToVictory+1","JustLucky"],"picked":"Adaptation+1","floor":40.0},{"not_picked":["ClearTheMind+1","FollowUp+1","Crescendo+1"],"picked":"SKIP","floor":41.0},{"not_picked":["SignatureMove","SandsOfTime+1","CarveReality+1"],"picked":"SKIP","floor":41.0},{"not_picked":["SashWhip+1","CutThroughFate+1","EmptyFist"],"picked":"SKIP","floor":42.0},{"not_picked":["SashWhip","TalkToTheHand","CrushJoints+1"],"picked":"SKIP","floor":42.0},{"not_picked":["Sanctity+1","Halt+1"],"picked":"Vault+1","floor":44.0},{"not_picked":["FlurryOfBlows+1","Wallop","EmptyBody+1"],"picked":"SKIP","floor":44.0},{"not_picked":["ThirdEye+1","FollowUp","ForeignInfluence+1"],"picked":"SKIP","floor":45.0},{"not_picked":["Consecrate+1","Crescendo+1","BowlingBash+1"],"picked":"SKIP","floor":48.0},{"not_picked":["BowlingBash","Crescendo+1","FlyingSleeves+1"],"picked":"SKIP","floor":54.0}],"player_experience":2111819,"relics_obtained":[{"floor":7.0,"key":"Prayer Wheel"},{"floor":9.0,"key":"Incense Burner"},{"floor":10.0,"key":"White Beast Statue"},{"floor":13.0,"key":"FossilizedHelix"},{"floor":17.0,"key":"MealTicket"},{"floor":17.0,"key":"Toxic Egg 2"},{"floor":17.0,"key":"Torii"},{"floor":24.0,"key":"Pantograph"},{"floor":26.0,"key":"Anchor"},{"floor":27.0,"key":"Eternal Feather"},{"floor":28.0,"key":"Turnip"},{"floor":28.0,"key":"Kunai"},{"floor":29.0,"key":"InkBottle"},{"floor":40.0,"key":"Meat on the Bone"},{"floor":45.0,"key":"Damaru"},{"floor":48.0,"key":"Smiling Mask"},{"floor":54.0,"key":"Strawberry"}],"event_choices":[{"damage_healed":0.0,"max_hp_gain":0.0,"max_hp_loss":0.0,"gold_gain":0.0,"event_name":"Liars Game","player_choice":"Ignored","floor":12.0,"gold_loss":0.0,"damage_taken":0.0},{"cards_removed":["Strike_P"],"damage_healed":0.0,"max_hp_gain":0.0,"max_hp_loss":0.0,"gold_gain":0.0,"event_name":"Back to Basics","player_choice":"Elegance","floor":21.0,"gold_loss":0.0,"damage_taken":0.0},{"cards_removed":["Defend_P"],"damage_healed":0.0,"max_hp_gain":0.0,"max_hp_loss":0.0,"gold_gain":0.0,"event_name":"Beggar","player_choice":"Gave Gold","floor":22.0,"gold_loss":75.0,"damage_taken":0.0},{"damage_healed":0.0,"max_hp_gain":0.0,"max_hp_loss":0.0,"gold_gain":0.0,"event_name":"Colosseum","player_choice":"Fight","floor":28.0,"gold_loss":0.0,"damage_taken":0.0},{"damage_healed":0.0,"max_hp_gain":0.0,"max_hp_loss":0.0,"gold_gain":0.0,"event_name":"Colosseum","player_choice":"Fought Nobs","floor":28.0,"gold_loss":0.0,"damage_taken":0.0}],"is_beta":false,"boss_relics":[{"not_picked":["SacredBark","Cursed Key"],"picked":"Calling Bell"},{"not_picked":["SlaversCollar","Snecko Eye"],"picked":"Empty Cage"}],"items_purged_floors":[14,25,46,53],"is_endless":false,"potions_floor_spawned":[4,5,7,10,11,13,16,18,19,20,24,27,28,28,29,30,31,33,35,36,37,38,39,40,41,42,44,45,48,54],"ascension_level":1}}