{"host":"e40jm352kjzixotw","time":1608153950,"event":{"mods":["BaseMod","Better Altar","BetterRewards","Colored Map","Colored Powertips","DeckTracker","Dota2Spire","Downfall","Infinite Spire","Koishi","Marisa????????","Minty Spire (QoL Compilation)","Rare Cards Sparkle","Relic Stats","StSLib","Td1madao Mod","The Animator","The Mystic","The Servant 0.9.4"],"gold_per_floor":[116,42,42,42,54,83,83,115,115,148,148,174,187,187,187,291,291,311,311,327,242,274,274,291,291,337,364,364,389,413,428,428,530,530,546,382,400,211,230,230,260,275,302,333,333,333],"floor_reached":45,"playtime":1829,"items_purged":["Strike_S","BestPractice+1"],"score":719,"play_id":"4f10d1cf-b96f-4e67-8bc8-6d6603f11e23","local_time":"20201216222550","is_ascension_mode":true,"campfire_choices":[{"data":"Gouge","floor":7,"key":"SMITH"},{"floor":15,"key":"REST"},{"floor":23,"key":"REST"},{"floor":25,"key":"REST"},{"floor":28,"key":"REST"},{"floor":32,"key":"REST"},{"floor":40,"key":"REST"}],"circlet_count":0,"master_deck":["Strike_S","Strike_S+1","Defend_S","Defend_S","KidneyShot+1","Exchange","Read","Moonlight","Gouge+1","Initiator","SurpressingFire","Luminosity","Sunlight","Luminosity","Revamp+1","FastForward+1","Alleviate","LightFlow","Embodiment","GearUp","Apotheosis","BottledTime+1"],"relics":["Uniform","NeowsBlessing","Kunai","Centennial Puzzle","Ancient Tea Set","Dota2Spire:EtherealBlade","Dota2Spire:LotusOrb","Dota2Spire:RefresherOrb","Black Star","Membership Card","Pantograph","Red Mask","Boot","Dota2Spire:PowerTreads","infinitespire:Beetle Shell","MealTicket","Dota2Spire:BlackKingBar","PreservedInsect","Empty Cage","Regal Pillow","HandDrill","Bag of Marbles","Oddly Smooth Stone","Dota2Spire:Vanguard","Whetstone","Juzu Bracelet","Art of War"],"acts_visited":["Exordium","TheCity","TheBeyond"],"potions_floor_usage":[27,27,31],"damage_taken":[{"damage":0,"enemies":"Small Slimes","floor":1,"turns":1},{"damage":0,"enemies":"Cultist","floor":5,"turns":1},{"damage":0,"enemies":"Gremlin Nob","floor":6,"turns":1},{"damage":31,"enemies":"Lagavulin","floor":8,"turns":4},{"damage":18,"enemies":"3 Sentries","floor":10,"turns":7},{"damage":0,"enemies":"Lagavulin","floor":12,"turns":7},{"damage":0,"enemies":"Jaw Worm","floor":13,"turns":3},{"damage":0,"enemies":"Hexaghost","floor":16,"turns":10},{"damage":15,"enemies":"Shell Parasite","floor":18,"turns":4},{"damage":0,"enemies":"Chosen","floor":20,"turns":4},{"damage":35,"enemies":"Masked Bandits","floor":22,"turns":5},{"damage":15,"enemies":"Snake Plant","floor":24,"turns":2},{"damage":18,"enemies":"Gremlin Leader","floor":27,"turns":5},{"damage":15,"enemies":"Slavers","floor":29,"turns":4},{"damage":6,"enemies":"Chosen and Byrds","floor":31,"turns":4},{"damage":34,"enemies":"Automaton","floor":33,"turns":6},{"damage":14,"enemies":"Orb Walker","floor":35,"turns":3},{"damage":21,"enemies":"3 Darklings","floor":37,"turns":6},{"damage":49,"enemies":"Sphere and 2 Shapes","floor":39,"turns":5},{"damage":9,"enemies":"Giant Head","floor":41,"turns":5},{"damage":11,"enemies":"Jaw Worm Horde","floor":42,"turns":5},{"damage":19,"enemies":"Nemesis","floor":44,"turns":5},{"damage":14,"enemies":"Writhing Mass","floor":45,"turns":2}],"seed_played":"-3388466266546600331","potions_obtained":[{"floor":5,"key":"FearPotion"},{"floor":8,"key":"champ:CounterPotion"},{"floor":10,"key":"Weak Potion"},{"floor":11,"key":"ColorlessPotion"},{"floor":11,"key":"BlessingOfTheForge"},{"floor":22,"key":"Dexterity Potion"},{"floor":27,"key":"SteroidPotion"},{"floor":29,"key":"Slimebound:ThreeZeroPotion"},{"floor":31,"key":"LiquidBronze"}],"is_trial":false,"path_per_floor":["M","$","?","?","M","E","R","E","T","E","?","E","M","?","R","B",null,"M","AVR","M","?","?","R","M","R","T","E","R","E","T","M","R","B",null,"M","$","M","$","M","R","E","M","T","E","M"],"character_chosen":"THE_SERVANT","items_purchased":["Moonlight","Apotheosis","Regal Pillow","HandDrill","Bag of Marbles"],"campfire_rested":6,"item_purchase_floors":[2,36,36,38,38],"current_hp_per_floor":[65,65,58,58,58,58,58,27,27,9,9,9,9,9,28,28,65,50,50,50,50,15,34,19,38,38,20,39,24,24,18,37,28,65,51,65,44,59,10,44,35,24,24,5,0,0],"gold":333,"neow_bonus":"THREE_ENEMY_KILL","is_daily":false,"chose_seed":false,"campfire_upgraded":1,"win_rate":0.0,"timestamp":1608153950,"path_taken":["M","$","?","?","?","E","R","E","T","E","?","E","?","?","R","BOSS","M","AVR","M","?","?","R","M","R","T","E","R","E","?","M","R","BOSS","M","$","M","$","M","R","E","M","T","E","M"],"items_purchased_type":["Card","Card","Relic","Relic","Relic"],"build_version":"2020-12-13","purchased_purges":2,"victory":false,"max_hp_per_floor":[65,65,65,65,65,65,65,65,65,65,65,65,65,65,65,65,65,65,65,65,65,65,65,65,65,65,65,65,65,65,65,65,65,65,65,65,65,65,65,65,65,65,65,65,65,65],"relic_stats":{"Regal Pillow":15,"counters":[23,99],"PreservedInsect":172,"Juzu Bracelet":0,"Whetstone":["KidneyShot","Strike_S"],"Boot":[22],"Centennial Puzzle":[16],"Pantograph":25,"MealTicket":29,"Black Star":4,"HandDrill":[12],"Art of War":[1],"Kunai":[20],"obtain_stats":[{"Dota2Spire:PowerTreads":27,"Regal Pillow":36,"Dota2Spire:RefresherOrb":17,"Dota2Spire:Vanguard":41,"Uniform":0,"Juzu Bracelet":44,"Whetstone":43,"Dota2Spire:EtherealBlade":10,"Ancient Tea Set":8,"Boot":26,"Empty Cage":34,"Dota2Spire:LotusOrb":12,"Centennial Puzzle":6,"Pantograph":21,"MealTicket":29,"Red Mask":22,"HandDrill":38,"Kunai":3,"NeowsBlessing":0,"Dota2Spire:BlackKingBar":29,"Oddly Smooth Stone":41,"infinitespire:Beetle Shell":27,"PreservedInsect":30,"Black Star":19,"Bag of Marbles":38,"Art of War":44,"Membership Card":19},{"Dota2Spire:PowerTreads":13,"Regal Pillow":17,"Dota2Spire:RefresherOrb":8,"Dota2Spire:Vanguard":20,"Uniform":0,"Juzu Bracelet":22,"Whetstone":21,"Dota2Spire:EtherealBlade":5,"Ancient Tea Set":4,"Boot":12,"Empty Cage":16,"Dota2Spire:LotusOrb":6,"Centennial Puzzle":3,"Pantograph":10,"MealTicket":14,"Red Mask":11,"HandDrill":18,"Kunai":1,"NeowsBlessing":0,"Dota2Spire:BlackKingBar":14,"Oddly Smooth Stone":20,"infinitespire:Beetle Shell":13,"PreservedInsect":14,"Black Star":9,"Bag of Marbles":18,"Art of War":22,"Membership Card":9},{"Dota2Spire:PowerTreads":54,"Regal Pillow":71,"Dota2Spire:RefresherOrb":34,"Dota2Spire:Vanguard":87,"Uniform":0,"Juzu Bracelet":97,"Whetstone":92,"Dota2Spire:EtherealBlade":14,"Ancient Tea Set":7,"Boot":49,"Empty Cage":68,"Dota2Spire:LotusOrb":21,"Centennial Puzzle":3,"Pantograph":42,"MealTicket":58,"Red Mask":47,"HandDrill":77,"Kunai":1,"NeowsBlessing":0,"Dota2Spire:BlackKingBar":58,"Oddly Smooth Stone":87,"infinitespire:Beetle Shell":54,"PreservedInsect":58,"Black Star":38,"Bag of Marbles":77,"Art of War":97,"Membership Card":38}]},"card_choices":[{"not_picked":["DoubleEdge","Desolation"],"picked":"Read","floor":1},{"not_picked":["DoubleEdge","Spin","Replace"],"picked":"SKIP","floor":5},{"not_picked":["DoubleEdge","FastForward"],"picked":"Gouge","floor":6},{"not_picked":["Unruled","Revamp"],"picked":"Initiator","floor":8},{"not_picked":["WasteNot","DualDimension"],"picked":"SurpressingFire","floor":10},{"not_picked":["PendulumOfEternity","Alleviate","FastForward"],"picked":"SKIP","floor":12},{"not_picked":["Rewind","Barrier"],"picked":"Luminosity","floor":13},{"not_picked":["Embodiment","TheWorld"],"picked":"Sunlight","floor":16},{"not_picked":["ShatteredReality","RealityMarble+1"],"picked":"Luminosity","floor":18},{"not_picked":["Replace","FanOfKnives"],"picked":"Revamp+1","floor":20},{"not_picked":["Moonlight","FanOfKnives"],"picked":"FastForward+1","floor":22},{"not_picked":["BottledTime","Contraction"],"picked":"Alleviate","floor":24},{"not_picked":["FastForward","Starlight"],"picked":"LightFlow","floor":27},{"not_picked":["FlawlessForm","ReturningBlade","PendulumOfEternity"],"picked":"SKIP","floor":29},{"not_picked":["Potential","Moondial"],"picked":"BestPractice+1","floor":31},{"not_picked":["Duplication","ForgedInTime"],"picked":"Embodiment","floor":33},{"not_picked":["ShiftingGears","Defy+1"],"picked":"GearUp","floor":35},{"not_picked":["Spin+1","BottledTime+1","DoubleEdge+1"],"picked":"SKIP","floor":37},{"not_picked":["DualDimension","BestPractice+1"],"picked":"BottledTime+1","floor":39},{"not_picked":["ForgedInTime","Shuttle","Rewind"],"picked":"SKIP","floor":41},{"not_picked":["FastForward+1","ShatteredReality+1","Alleviate"],"picked":"SKIP","floor":42},{"not_picked":["WasteNot+1","Desolation","Ricochet+1"],"picked":"SKIP","floor":44}],"player_experience":1221943,"relics_obtained":[{"floor":6,"key":"Centennial Puzzle"},{"floor":8,"key":"Ancient Tea Set"},{"floor":10,"key":"Dota2Spire:EtherealBlade"},{"floor":12,"key":"Dota2Spire:LotusOrb"},{"floor":22,"key":"Red Mask"},{"floor":26,"key":"Boot"},{"floor":27,"key":"Dota2Spire:PowerTreads"},{"floor":27,"key":"infinitespire:Beetle Shell"},{"floor":29,"key":"MealTicket"},{"floor":29,"key":"Dota2Spire:BlackKingBar"},{"floor":30,"key":"PreservedInsect"},{"floor":41,"key":"Oddly Smooth Stone"},{"floor":41,"key":"Dota2Spire:Vanguard"},{"floor":43,"key":"Whetstone"},{"floor":44,"key":"Juzu Bracelet"},{"floor":44,"key":"Art of War"}],"event_choices":[{"damage_healed":0,"gold_gain":0,"player_choice":"Success","damage_taken":7,"relics_obtained":["Kunai"],"max_hp_gain":0,"max_hp_loss":0,"event_name":"Scrap Ooze","floor":3,"gold_loss":0},{"cards_removed":["Strike_S"],"damage_healed":0,"gold_gain":0,"player_choice":"Offered Basic","damage_taken":0,"max_hp_gain":0,"max_hp_loss":0,"event_name":"Bonfire Elementals","floor":4,"gold_loss":0},{"damage_healed":0,"gold_gain":0,"player_choice":"Got Potions","damage_taken":0,"max_hp_gain":0,"max_hp_loss":0,"event_name":"Lab","floor":11,"gold_loss":0},{"damage_healed":0,"gold_gain":0,"player_choice":"Ignored","damage_taken":0,"max_hp_gain":0,"max_hp_loss":0,"event_name":"Shining Light","floor":14,"gold_loss":0},{"damage_healed":0,"gold_gain":0,"player_choice":"Obtained Relic","damage_taken":0,"relics_obtained":["Pantograph"],"max_hp_gain":0,"max_hp_loss":0,"event_name":"Addict","floor":21,"gold_loss":85},{"damage_healed":0,"gold_gain":0,"player_choice":"Fought Bandits","damage_taken":0,"max_hp_gain":0,"max_hp_loss":0,"event_name":"Masked Bandits","floor":22,"gold_loss":0}],"is_beta":false,"boss_relics":[{"not_picked":["Cursed Key","Snecko Eye"],"picked":"Dota2Spire:RefresherOrb"},{"not_picked":["Runic Dome","Sozu"],"picked":"Empty Cage"}],"items_purged_floors":[19,38],"is_endless":false,"potions_floor_spawned":[5,8,10,12,16,22,27,29,31,33,39,42],"killed_by":"Writhing Mass","ascension_level":1}}