{"host":"cwd5s03r1oaxs6mx","time":1608125502,"event":{"mods":["Act Like it!","BaseMod","Better Third Choice","BetterRewards","CapriCore","Card Filter","Colored Map","Custom Start","DeckTracker","Friendly Minions","Hubris","Infinite Spire","Minty Spire (QoL Compilation)","Quick Restart","Relic Stats","Shop Mod","Spicy Shops","StSLib","SuperFastMode"],"gold_per_floor":[114,125,0,14,31,31,66,66,66,66,77,93,109,109,109,185,185,185,185],"floor_reached":18,"playtime":649,"items_purged":[],"score":553,"play_id":"f8bd4770-db26-4e2e-b037-901a6975d4ea","local_time":"20201216223142","is_ascension_mode":true,"campfire_choices":[{"data":"infinitespire:OneForAll","floor":6.0,"key":"SMITH"},{"floor":8.0,"key":"REST"},{"data":"Feed","floor":10.0,"key":"SMITH"},{"data":"Bash","floor":15,"key":"SMITH"}],"circlet_count":0,"master_deck":["AscendersBane","Strike_R","Strike_R","Strike_R","Strike_R","Strike_R","Defend_R","Defend_R","Defend_R","Defend_R","Bash+1","Deep Breath","Master of Strategy","infinitespire:OneForAll+1","Dropkick","Feed+1","Dual Wield","Evolve","Corruption"],"relics":["Burning Blood","Chemical X","infinitespire:CursedDice","hubris:BlackHole"],"acts_visited":["Exordium","TheCity"],"potions_floor_usage":[16,16],"damage_taken":[{"damage":23.0,"enemies":"Cultist","floor":1.0,"turns":5.0},{"damage":13.0,"enemies":"2 Louse","floor":2.0,"turns":4.0},{"damage":11.0,"enemies":"Small Slimes","floor":4.0,"turns":5.0},{"damage":28.0,"enemies":"3 Louse","floor":5.0,"turns":4.0},{"damage":75.0,"enemies":"Lagavulin","floor":7.0,"turns":8.0},{"damage":12.0,"enemies":"Looter","floor":11.0,"turns":3.0},{"damage":24.0,"enemies":"Red Slaver","floor":12.0,"turns":5.0},{"damage":11.0,"enemies":"Blue Slaver","floor":13.0,"turns":3.0},{"damage":21,"enemies":"Hexaghost","floor":16,"turns":10},{"damage":4,"enemies":"3 Byrds","floor":18,"turns":3}],"seed_played":"1275612908932021497","potions_obtained":[{"floor":1.0,"key":"FairyPotion"},{"floor":2.0,"key":"EntropicBrew"},{"floor":4.0,"key":"BloodPotion"},{"floor":5.0,"key":"infinitespire:BlackPotion"},{"floor":12.0,"key":"LiquidMemories"}],"is_trial":false,"path_per_floor":["M","M","$","M","M","R","E","R","T","R","M","M","M","?","R","B",null,"M"],"character_chosen":"IRONCLAD","items_purchased":["Deep Breath","Master of Strategy","Chemical X","Feed"],"campfire_rested":1,"item_purchase_floors":[0,0,0,3],"current_hp_per_floor":[51,44,44,57,38,38,13,38,38,38,36,22,21,21,21,40,82,82,82],"gold":185,"neow_bonus":"","is_daily":false,"chose_seed":false,"campfire_upgraded":3,"win_rate":0.0,"timestamp":1608125502,"path_taken":["M","?","$","M","M","R","E","R","T","R","M","M","M","?","R","BOSS","M"],"items_purchased_type":["Card","Card","Relic","Card"],"build_version":"2020-12-13","purchased_purges":0,"victory":false,"max_hp_per_floor":[75,75,75,78,81,81,84,84,84,84,88,92,96,96,96,96,96,100,100],"relic_stats":{"counters":[25,109],"Chemical X":[1],"obtain_stats":[{"Regal Pillow":26,"infinitespire:CursedDice":7,"hubris:MedicalManual":0,"Juzu Bracelet":13,"hubris:Towel":8,"Burning Blood":0,"ClockworkSouvenir":14,"hubris:BlackHole":17,"hubris:Backtick":17,"Art of War":27,"Membership Card":22,"Chemical X":0,"StrikeDummy":0,"InkBottle":7,"hubris:OldNail":9,"infinitespire:PuzzleCube":11,"hubris:Potato":17,"Pocketwatch":24},{"Regal Pillow":10,"infinitespire:CursedDice":20,"hubris:MedicalManual":0,"Juzu Bracelet":5,"hubris:Towel":3,"Burning Blood":0,"ClockworkSouvenir":5,"hubris:BlackHole":24,"hubris:Backtick":6,"Art of War":11,"Membership Card":8,"Chemical X":15,"StrikeDummy":0,"InkBottle":3,"hubris:OldNail":3,"infinitespire:PuzzleCube":4,"hubris:Potato":6,"Pocketwatch":9},{"Regal Pillow":38,"infinitespire:CursedDice":85,"hubris:MedicalManual":0,"Juzu Bracelet":19,"hubris:Towel":10,"Burning Blood":0,"ClockworkSouvenir":19,"hubris:BlackHole":106,"hubris:Backtick":27,"Art of War":44,"Membership Card":32,"Chemical X":59,"StrikeDummy":0,"InkBottle":10,"hubris:OldNail":10,"infinitespire:PuzzleCube":12,"hubris:Potato":27,"Pocketwatch":35}],"Burning Blood":138},"card_choices":[{"not_picked":["Flex","Dropkick"],"picked":"infinitespire:OneForAll","floor":1.0},{"not_picked":["Rage","True Grit"],"picked":"Dropkick","floor":2.0},{"not_picked":["Clothesline","Iron Wave","Body Slam"],"picked":"SKIP","floor":4.0},{"not_picked":["Heavy Blade","Dual Wield","Hemokinesis"],"picked":"SKIP","floor":5.0},{"not_picked":["Spot Weakness","infinitespire:OneForAll","Immolate"],"picked":"SKIP","floor":7.0},{"not_picked":["Hemokinesis","infinitespire:OneForAll"],"picked":"Dual Wield","floor":11.0},{"not_picked":["Heavy Blade","Perfected Strike"],"picked":"Evolve","floor":12.0},{"not_picked":["Shrug It Off","Dual Wield","Thunderclap"],"picked":"SKIP","floor":13.0},{"not_picked":["Juggernaut","Double Tap"],"picked":"Corruption","floor":16}],"player_experience":918309,"relics_obtained":[{"floor":7.0,"key":"infinitespire:CursedDice"}],"event_choices":[{"damage_healed":0,"gold_gain":0,"player_choice":"0 cards matched","damage_taken":0,"max_hp_gain":0,"max_hp_loss":0,"event_name":"Match and Keep!","floor":14,"gold_loss":0,"cards_obtained":[]}],"is_beta":false,"boss_relics":[{"not_picked":["hubris:VirtuousBlindfold","Runic Cube"],"picked":"hubris:BlackHole"}],"items_purged_floors":[],"is_endless":false,"potions_floor_spawned":[1,2,4,5,12],"killed_by":"3 Byrds","ascension_level":20}}