{"host":"zr590xw2unlz0wv7","time":1608108059,"event":{"mods":["BaseMod","Minty Spire (QoL Compilation)","READ ME - Guardian Mod","StSLib"],"gold_per_floor":[115,115,22,33,33,62,62,72,96,96,122,122,122,133,133,229,229,229],"floor_reached":17,"playtime":472,"items_purged":[],"score":226,"play_id":"488298b7-90df-4eea-b82e-27f38e14cd5a","local_time":"20201216164059","is_ascension_mode":true,"campfire_choices":[{"floor":7,"key":"RECALL"},{"floor":12,"key":"REST"},{"floor":15,"key":"REST"}],"circlet_count":0,"master_deck":["Strike_P","Strike_P","Strike_P","Defend_P","Defend_P","Defend_P+1","Defend_P","Eruption+1","Vigilance","BattleHymn","FlurryOfBlows","EmptyFist","Pray","Meditate","Conclude","Regret","Crescendo","Brilliance","DeusExMachina"],"relics":["PureWater","NeowsBlessing","The Courier","Smiling Mask","Potion Belt","Dream Catcher","Fusion Hammer"],"acts_visited":["Exordium","TheCity"],"potions_floor_usage":[16],"damage_taken":[{"damage":0,"enemies":"Jaw Worm","floor":1,"turns":1},{"damage":0,"enemies":"Cultist","floor":4,"turns":1},{"damage":0,"enemies":"Gremlin Nob","floor":6,"turns":1},{"damage":0,"enemies":"Small Slimes","floor":8,"turns":2},{"damage":33,"enemies":"3 Sentries","floor":11,"turns":4},{"damage":19,"enemies":"2 Fungi Beasts","floor":14,"turns":3},{"damage":45,"enemies":"Hexaghost","floor":16,"turns":9}],"seed_played":"1333528587919746769","potions_obtained":[{"floor":4,"key":"AttackPotion"},{"floor":6,"key":"BlessingOfTheForge"}],"is_trial":false,"path_per_floor":["M","?","$","M","T","E","R","M","T","?","E","R","?","M","R","B",null],"character_chosen":"WATCHER","items_purchased":["EmptyFist","Pray"],"campfire_rested":2,"item_purchase_floors":[3,3],"current_hp_per_floor":[72,72,72,72,72,72,72,72,72,72,39,60,46,27,48,3,72,72],"gold":229,"neow_bonus":"THREE_ENEMY_KILL","is_daily":false,"chose_seed":false,"campfire_upgraded":0,"win_rate":0.0,"timestamp":1608108059,"path_taken":["M","?","$","?","?","E","R","M","T","?","E","R","?","M","R","BOSS"],"items_purchased_type":["Card","Card"],"build_version":"2020-12-13","purchased_purges":0,"victory":false,"max_hp_per_floor":[72,72,72,72,72,72,72,72,72,72,72,72,72,72,72,72,72,72],"card_choices":[{"not_picked":["Consecrate","EmptyBody"],"picked":"BattleHymn","floor":1},{"not_picked":["Protect","BowlingBash","ThirdEye"],"picked":"SKIP","floor":4},{"not_picked":["ThirdEye","TalkToTheHand"],"picked":"Meditate","floor":6},{"not_picked":["Study","Adaptation"],"picked":"Conclude","floor":8},{"not_picked":["Study","PathToVictory"],"picked":"Crescendo","floor":11},{"not_picked":["TalkToTheHand","CrushJoints"],"picked":"Brilliance","floor":12},{"not_picked":["JustLucky","PathToVictory","TalkToTheHand"],"picked":"SKIP","floor":14},{"not_picked":["Omniscience","ConjureBlade"],"picked":"DeusExMachina","floor":16}],"player_experience":493173,"relics_obtained":[{"floor":5,"key":"The Courier"},{"floor":6,"key":"Smiling Mask"},{"floor":11,"key":"Dream Catcher"}],"event_choices":[{"damage_healed":0,"gold_gain":0,"cards_transformed":["Strike_P"],"player_choice":"Transformed","damage_taken":0,"max_hp_gain":0,"max_hp_loss":0,"event_name":"Transmorgrifier","floor":2,"gold_loss":0,"cards_obtained":["FlurryOfBlows"]},{"damage_healed":0,"gold_gain":0,"player_choice":"Box","damage_taken":0,"relics_obtained":["Potion Belt"],"max_hp_gain":0,"max_hp_loss":0,"event_name":"Big Fish","floor":10,"gold_loss":0,"cards_obtained":["Regret"]},{"damage_healed":0,"gold_gain":0,"player_choice":"Entered Light","damage_taken":14,"max_hp_gain":0,"max_hp_loss":0,"event_name":"Shining Light","floor":13,"gold_loss":0,"cards_upgraded":["Eruption","Defend_P"]}],"is_beta":false,"boss_relics":[{"not_picked":["SacredBark","Cursed Key"],"picked":"Fusion Hammer"}],"items_purged_floors":[],"is_endless":false,"potions_floor_spawned":[4,6],"ascension_level":4}}