{"host":"dwyzfvnzfcqffr30","time":1608124021,"event":{"mods":["2.2 Compatiblity","Act Like it!","BaseMod","Beaked The Cultist","Better Altar","Better Sensory Stone","Better Third Choice","Clockwork Mod","Colored Map","Colored Powertips","Conspire","Elementarium","GifTheSpireLib","Halation","Hubris","Jedi Mod","Menagerie","Mimic Mod","Minty Spire (QoL Compilation)","Permanent Neow","Random Character Button","Replay The Spire","Spicy Shops","StSLib","Stuff the Spire","The Construct","The Druid","TheFirefly","Trackpad","vexMod"],"gold_per_floor":[217,3,3,20,44,72,107,136,136,165,165,165,165,194,194,299,299,328,328,328,349,371,371,371],"floor_reached":23,"playtime":1820,"items_purged":[],"score":274,"play_id":"afd24e70-299a-4c25-bcdb-251eb6a5a637","local_time":"20201216050701","is_ascension_mode":true,"campfire_choices":[{"floor":13,"key":"RECALL"},{"floor":15,"key":"REST"}],"circlet_count":0,"master_deck":["Strike_B+1","Strike_B+1","Strike_B+1","Strike_B+1","Defend_B+1","Defend_B+1","Defend_B+1","Defend_B+1","Zap+1","Dualcast+1","MasterReality+1","Crystallizer+1","jedi:blockon+1","Cold Snap+1","jedi:blockon+1","StuffTheSpire:Rend+1","Gash+1","Coolheaded+1","Menagerie:SagesJudgement+1","Self Repair+1","CurseOfTheBell","Elementarium:StickyTar"],"relics":["Cracked Core","Juzu Bracelet","Black Star","Molten Egg 2","Toxic Egg 2","Frozen Egg 2","Quantum Egg","Bottled Tornado","halation:BlackBeret","Menagerie:HuntersKnife","hubris:SoftwareUpdate","Whetstone","Bronze Scales","StuffTheSpire:Mouthbags","ReplayTheSpireMod:TigerMarble","Bottled Flame","Calling Bell","Orichalcum","Chameleon Ring","Peace Pipe","Mummified Hand"],"acts_visited":["Menagerie:Menagerie","Elementarium:Elementarium"],"potions_floor_usage":[7,8,22],"damage_taken":[{"damage":0,"enemies":"Menagerie:2_RABBITS","floor":1,"turns":3},{"damage":0,"enemies":"Menagerie:MonstrousExperiment","floor":4,"turns":2},{"damage":2,"enemies":"Menagerie:WhisperingWraith","floor":5,"turns":3},{"damage":4,"enemies":"Menagerie:VoidReaper","floor":6,"turns":4},{"damage":3,"enemies":"Menagerie:3_RABBITS","floor":7,"turns":3},{"damage":1,"enemies":"Menagerie:MaskedSummoner","floor":8,"turns":10},{"damage":1,"enemies":"Menagerie:MENAGERIE_WILDLIFE","floor":10,"turns":4},{"damage":4,"enemies":"Menagerie:Hydra","floor":14,"turns":3},{"damage":26,"enemies":"Menagerie:AVATARS","floor":16,"turns":6},{"damage":10,"enemies":"Elementarium:MUD_AND_TAR_GOLEMS","floor":18,"turns":3},{"damage":10,"enemies":"Elementarium:VoidCorruption","floor":21,"turns":5},{"damage":9,"enemies":"Elementarium:RubyGolem","floor":22,"turns":4},{"damage":69,"enemies":"Elementarium:ElementalPortal","floor":23,"turns":11}],"seed_played":"-5837819840345876188","potions_obtained":[{"floor":5,"key":"Explosive Potion"},{"floor":7,"key":"PowerPotion"},{"floor":8,"key":"SpeedPotion"}],"is_trial":false,"path_per_floor":["M","$","?","M","M","E","M","E","T","M","?","?","R","E","R","B",null,"M","?","?","M","M","E"],"character_chosen":"DEFECT","items_purchased":["Crystallizer+1","halation:BlackBeret"],"campfire_rested":1,"item_purchase_floors":[2,2],"current_hp_per_floor":[68,68,68,68,66,62,59,58,58,57,52,52,52,48,68,52,65,69,69,66,66,67,0,0],"gold":371,"neow_bonus":"HUNDRED_GOLD","is_daily":false,"chose_seed":false,"campfire_upgraded":0,"win_rate":0.0,"timestamp":1608124021,"path_taken":["M","?","?","M","M","E","M","E","T","M","?","?","R","E","R","BOSS","M","?","?","M","M","E"],"items_purchased_type":["Card","Relic"],"build_version":"2020-12-13","purchased_purges":0,"victory":false,"max_hp_per_floor":[75,75,69,69,69,69,69,69,69,69,69,69,69,69,69,69,69,69,69,69,69,69,69,69],"card_choices":[{"not_picked":["Streamline+1","StuffTheSpire:Coldhearted+1"],"picked":"Gash+1","floor":1},{"not_picked":["jedi:locknload+1","Double Energy+1"],"picked":"jedi:blockon+1","floor":4},{"not_picked":["Chill+1","Recycle+1","Reprogram+1"],"picked":"SKIP","floor":5},{"not_picked":["Streamline+1","Skim+1"],"picked":"Cold Snap+1","floor":6},{"not_picked":["Redo+1","Rebound+1"],"picked":"jedi:blockon+1","floor":7},{"not_picked":["hubris:SpecializedCircuitry+1","Crystallizer+1"],"picked":"StuffTheSpire:Rend+1","floor":8},{"not_picked":["jedi:BurstLightning+1","Panic Button+1"],"picked":"Coolheaded+1","floor":10},{"not_picked":["Compile Driver+1","jedi:overflow+1"],"picked":"Self Repair+1","floor":14},{"not_picked":["Coolheaded+1","jedi:BurstFrost+1","Panic Button+1"],"picked":"SKIP","floor":18},{"not_picked":["StuffTheSpire:NuclearReactor+1","ReplayTheSpireMod:GoodbyeWorld+1","conspire:Rain+1"],"picked":"SKIP","floor":21},{"not_picked":["Coolheaded+1","Double Energy+1","Panic Button+1"],"picked":"SKIP","floor":22}],"player_experience":1237599,"relics_obtained":[{"floor":6,"key":"hubris:SoftwareUpdate"},{"floor":6,"key":"Whetstone"},{"floor":8,"key":"Bronze Scales"},{"floor":8,"key":"StuffTheSpire:Mouthbags"},{"floor":14,"key":"ReplayTheSpireMod:TigerMarble"},{"floor":14,"key":"Bottled Flame"},{"floor":17,"key":"Orichalcum"},{"floor":17,"key":"Chameleon Ring"},{"floor":17,"key":"Peace Pipe"}],"event_choices":[{"damage_healed":0,"gold_gain":0,"player_choice":"Simplicity","damage_taken":0,"max_hp_gain":0,"max_hp_loss":8,"event_name":"betterThird:BetterWriting","floor":0,"gold_loss":0},{"damage_healed":0,"gold_gain":0,"player_choice":"Adaptability","damage_taken":0,"max_hp_gain":0,"max_hp_loss":0,"event_name":"betterThird:BetterWriting","floor":0,"gold_loss":0},{"damage_healed":0,"gold_gain":0,"player_choice":"Upgraded","damage_taken":0,"max_hp_gain":0,"max_hp_loss":0,"event_name":"Upgrade Shrine","floor":0,"gold_loss":0,"cards_upgraded":["Zap"]},{"damage_healed":0,"gold_gain":0,"player_choice":"Upgraded","damage_taken":0,"max_hp_gain":0,"max_hp_loss":0,"event_name":"Upgrade Shrine","floor":0,"gold_loss":0,"cards_upgraded":["Dualcast"]},{"damage_healed":0,"gold_gain":0,"player_choice":"Take","damage_taken":0,"relics_obtained":["Menagerie:HuntersKnife"],"max_hp_gain":0,"max_hp_loss":6,"event_name":"Menagerie:BigGameHunter","floor":3,"gold_loss":0},{"damage_healed":0,"gold_gain":0,"player_choice":"Help the mage","damage_taken":5,"max_hp_gain":0,"max_hp_loss":0,"event_name":"Menagerie:MageAndMonster","floor":11,"gold_loss":0,"cards_obtained":["Menagerie:SagesJudgement"]},{"damage_healed":0,"gold_gain":0,"player_choice":"Poke through","damage_taken":3,"max_hp_gain":0,"max_hp_loss":0,"event_name":"Elementarium:GreatTreasure","floor":20,"gold_loss":0}],"is_beta":false,"boss_relics":[{"not_picked":["Busted Crown","StuffTheSpire:ModemDavis"],"picked":"Calling Bell"}],"items_purged_floors":[],"is_endless":false,"potions_floor_spawned":[4,5,7,8],"killed_by":"Elementarium:ElementalPortal","ascension_level":7}}