{"host":"czzthkrvfe6r7fjf","time":1608133860,"event":{"mods":["Act Like it!","BaseMod","Downfall","GungeonMod","Marisa£®ÏF”Í°°ƒß¿Ì…≥£©","Minty Spire (QoL Compilation)","Quick Restart","StSLib","The Servant 0.9.4","Waifu the Spire","°æπ¶ƒ‹Mod°øªÏ„Á÷Æª∑–ﬁ∏¥≤π∂°"],"gold_per_floor":[112,112,123,198,198,527,527,538,593,593,593],"floor_reached":10,"playtime":138,"items_purged":[],"score":150,"play_id":"a871dad9-3c54-4f63-a1f0-aded07a1c8b9","local_time":"20201216235100","is_ascension_mode":true,"campfire_choices":[{"data":"Calculated Gamble","floor":7,"key":"SMITH"}],"circlet_count":0,"master_deck":["AscendersBane","Strike_G+1","Strike_G","Strike_G","Strike_G","Strike_G+1","Defend_G","Defend_G","Defend_G","Defend_G","Defend_G","Survivor","Neutralize","Dagger Throw","Choke","Regret","Calculated Gamble+1","Acrobatics"],"relics":["Ring of the Snake","NeowsBlessing","Molten Egg 2","Old Coin","PreservedInsect"],"acts_visited":["Exordium"],"potions_floor_usage":[],"damage_taken":[{"damage":0,"enemies":"2 Louse","floor":1,"turns":1},{"damage":0,"enemies":"Jaw Worm","floor":3,"turns":1},{"damage":0,"enemies":"3 Sentries","floor":6,"turns":2},{"damage":1,"enemies":"Cultist","floor":8,"turns":3},{"damage":38,"enemies":"Lagavulin","floor":10,"turns":6}],"seed_played":"1938230063141336241","potions_obtained":[],"is_trial":false,"path_per_floor":["M","?","M","?","?","E","R","M","T","E"],"character_chosen":"THE_SILENT","items_purchased":[],"campfire_rested":0,"item_purchase_floors":[],"current_hp_per_floor":[63,49,49,38,38,38,38,37,37,0,0],"gold":593,"neow_bonus":"THREE_ENEMY_KILL","is_daily":false,"chose_seed":false,"campfire_upgraded":1,"win_rate":0.0,"timestamp":1608133860,"path_taken":["M","?","M","?","?","E","R","M","T","E"],"items_purchased_type":[],"build_version":"2020-12-13","purchased_purges":0,"victory":false,"max_hp_per_floor":[70,70,70,70,70,70,70,70,70,70,70],"card_choices":[{"not_picked":["Bane","Flying Knee"],"picked":"Dagger Throw","floor":1},{"not_picked":["Quick Slash","Outmaneuver"],"picked":"Choke","floor":3},{"not_picked":["Poisoned Stab+1","Dodge and Roll"],"picked":"Calculated Gamble","floor":6},{"not_picked":["Dodge and Roll","Backstab+1"],"picked":"Acrobatics","floor":8}],"player_experience":479248,"relics_obtained":[{"floor":6,"key":"Old Coin"},{"floor":9,"key":"PreservedInsect"}],"event_choices":[{"damage_healed":0,"gold_gain":0,"player_choice":"Entered Light","damage_taken":14,"max_hp_gain":0,"max_hp_loss":0,"event_name":"Shining Light","floor":2,"gold_loss":0,"cards_upgraded":["Strike_G","Strike_G"]},{"damage_healed":0,"gold_gain":75,"player_choice":"Gather Gold","damage_taken":11,"max_hp_gain":0,"max_hp_loss":0,"event_name":"World of Goop","floor":4,"gold_loss":0},{"damage_healed":0,"gold_gain":0,"player_choice":"Box","damage_taken":0,"relics_obtained":["Molten Egg 2"],"max_hp_gain":0,"max_hp_loss":0,"event_name":"Big Fish","floor":5,"gold_loss":0,"cards_obtained":["Regret"]}],"is_beta":false,"boss_relics":[],"items_purged_floors":[],"is_endless":false,"potions_floor_spawned":[],"killed_by":"Lagavulin","ascension_level":13}}