{"host":"fdq5pmhluajjrf8d","time":1608079774,"event":{"mods":["BaseMod","Minty Spire (QoL Compilation)"],"gold_per_floor":[20,38,3,23,71,71,96,96,122,154,30,30,30,48,48,126,126,137,153,153,78,95,14,14,30,75,75,102,102,102],"floor_reached":29,"playtime":1832,"items_purged":["Defend_B"],"score":489,"play_id":"0d5b3fbb-1200-4cab-aa4e-cc1416f54ece","local_time":"20201215194934","is_ascension_mode":true,"campfire_choices":[{"data":"Zap","floor":6.0,"key":"SMITH"},{"data":"Redo","floor":8.0,"key":"SMITH"},{"data":"Loop","floor":15.0,"key":"SMITH"},{"floor":24.0,"key":"REST"}],"circlet_count":0,"master_deck":["AscendersBane","Zap+1","Dualcast","Glacier","Meteor Strike","Streamline","Barrage","Redo+1","Consume","Loop+1","Echo Form","Conserve Battery","Amplify","Chill","Double Energy","Beam Cell","Self Repair","Gash","Echo Form"],"relics":["Cracked Core","Akabeko","Shuriken","Smiling Mask","Bottled Flame","Vajra","Pandora\u0027s Box","Blood Vial","Strawberry","Bird Faced Urn","Toy Ornithopter"],"acts_visited":["Exordium","TheCity"],"potions_floor_usage":[28],"damage_taken":[{"damage":9.0,"enemies":"Small Slimes","floor":1.0,"turns":4.0},{"damage":1.0,"enemies":"Jaw Worm","floor":2.0,"turns":4.0},{"damage":2.0,"enemies":"2 Louse","floor":4.0,"turns":3.0},{"damage":11.0,"enemies":"Lagavulin","floor":7.0,"turns":6.0},{"damage":16.0,"enemies":"3 Sentries","floor":10.0,"turns":7.0},{"damage":0.0,"enemies":"Blue Slaver","floor":14.0,"turns":2.0},{"damage":8.0,"enemies":"The Guardian","floor":16.0,"turns":13.0},{"damage":17.0,"enemies":"Shell Parasite","floor":18.0,"turns":7.0},{"damage":21.0,"enemies":"3 Byrds","floor":19.0,"turns":5.0},{"damage":0.0,"enemies":"Snecko","floor":22.0,"turns":6.0},{"damage":43,"enemies":"Chosen and Byrds","floor":25,"turns":10},{"damage":19,"enemies":"Book of Stabbing","floor":28,"turns":4},{"damage":28,"enemies":"Cultist and Chosen","floor":29,"turns":5}],"seed_played":"-7833037390474147500","potions_obtained":[{"floor":2.0,"key":"Fire Potion"},{"floor":4.0,"key":"EssenceOfSteel"},{"floor":25,"key":"SneckoOil"}],"is_trial":false,"path_per_floor":["M","M","?","M","T","R","E","R","T","E","$","?","$","M","R","B",null,"M","M","?","?","M","$","R","M","T","T","E","M"],"character_chosen":"DEFECT","items_purchased":["Loop","Self Repair"],"campfire_rested":1,"item_purchase_floors":[11,23],"current_hp_per_floor":[55,54,71,69,69,69,58,58,58,42,42,42,42,42,42,34,62,45,24,24,24,26,26,47,20,27,27,14,0,0],"gold":102,"neow_bonus":"TRANSFORM_TWO_CARDS","is_daily":false,"chose_seed":false,"campfire_upgraded":3,"win_rate":0.0,"timestamp":1608079774,"path_taken":["M","M","?","M","?","R","E","R","T","E","$","?","?","M","R","BOSS","M","?","?","?","M","$","R","M","T","?","E","?"],"items_purchased_type":["Card","Card"],"build_version":"2020-12-13","purchased_purges":1,"victory":false,"max_hp_per_floor":[71,71,71,71,71,71,71,71,71,71,71,71,71,71,71,71,71,71,71,71,71,71,71,71,71,78,78,78,78,78],"card_choices":[{"not_picked":["Turbo","Scrape"],"picked":"Streamline","floor":1.0},{"not_picked":["BootSequence","Steam Power"],"picked":"Barrage","floor":2.0},{"not_picked":["Beam Cell","Conserve Battery","Steam"],"picked":"SKIP","floor":4.0},{"not_picked":["Conserve Battery","Cold Snap"],"picked":"Redo","floor":7.0},{"not_picked":["Melter","Beam Cell"],"picked":"Consume","floor":10.0},{"not_picked":["Go for the Eyes","Barrage","Ball Lightning"],"picked":"SKIP","floor":14.0},{"not_picked":["Thunder Strike","Multi-Cast"],"picked":"Echo Form","floor":16.0},{"not_picked":["Stack","Coolheaded","Redo"],"picked":"SKIP","floor":18.0},{"not_picked":["Go for the Eyes+1","Barrage","Consume"],"picked":"SKIP","floor":19.0},{"not_picked":["Fusion","Coolheaded+1","Aggregate"],"picked":"SKIP","floor":22.0},{"not_picked":["Conserve Battery","Genetic Algorithm"],"picked":"Gash","floor":25},{"not_picked":["Sweeping Beam","Conserve Battery"],"picked":"Echo Form","floor":28}],"player_experience":1863481,"relics_obtained":[{"floor":5.0,"key":"Akabeko"},{"floor":7.0,"key":"Shuriken"},{"floor":9.0,"key":"Smiling Mask"},{"floor":10.0,"key":"Bottled Flame"},{"floor":26,"key":"Strawberry"},{"floor":27,"key":"Bird Faced Urn"},{"floor":28,"key":"Toy Ornithopter"}],"event_choices":[{"damage_healed":17.0,"max_hp_gain":0.0,"max_hp_loss":0.0,"gold_gain":0.0,"event_name":"The Cleric","player_choice":"Healed","floor":3.0,"gold_loss":35.0,"damage_taken":0.0},{"damage_healed":0.0,"max_hp_gain":0.0,"max_hp_loss":0.0,"gold_gain":0.0,"event_name":"Dead Adventurer","player_choice":"Searched \u00271\u0027 times","floor":12.0,"gold_loss":0.0,"damage_taken":0.0,"relics_obtained":["Vajra"]},{"damage_healed":0.0,"max_hp_gain":0.0,"max_hp_loss":0.0,"gold_gain":0.0,"event_name":"The Mausoleum","player_choice":"Opened","floor":20.0,"gold_loss":0.0,"damage_taken":0.0,"relics_obtained":["Blood Vial"],"cards_obtained":["Writhe"]},{"cards_removed":["Writhe"],"damage_healed":0.0,"max_hp_gain":0.0,"max_hp_loss":0.0,"gold_gain":0.0,"event_name":"Beggar","player_choice":"Gave Gold","floor":21.0,"gold_loss":75.0,"damage_taken":0.0}],"is_beta":false,"boss_relics":[{"not_picked":["FrozenCore","Velvet Choker"],"picked":"Pandora\u0027s Box"}],"items_purged_floors":[11],"is_endless":false,"potions_floor_spawned":[2,4,7,25],"killed_by":"Cultist and Chosen","ascension_level":19}}