{"host":"m3herrhkesxm9ooc","time":1608119091,"event":{"mods":["BaseMod","Hermit","Minty Spire (QoL Compilation)","StSLib","The Hierophant"],"gold_per_floor":[118,137,137,165,180,180,242,242,269,292,348,368,397,424,424,595,595,623,623,635,652,652,652,51,68,94,94,106,116,116,141,141,238,238,252,252,262,288,323,355,355,372,372,372,391,417,435,448,448,448],"floor_reached":51,"playtime":2050,"items_purged":[],"score":818,"play_id":"9d26fa79-0bc1-4909-a3aa-051f2c479d9e","local_time":"20201216204451","is_ascension_mode":false,"campfire_choices":[{"data":"hermit:Maintenance","floor":6.0,"key":"SMITH"},{"floor":8.0,"key":"REST"},{"data":"hermit:FlashPowder","floor":15.0,"key":"SMITH"},{"floor":23.0,"key":"REST"},{"data":"Dramatic Entrance","floor":27.0,"key":"SMITH"},{"floor":30.0,"key":"REST"},{"data":"hermit:Determination","floor":32.0,"key":"SMITH"},{"data":"hermit:TakeCover","floor":41.0,"key":"SMITH"},{"floor":44,"key":"REST"},{"floor":49,"key":"REST"}],"circlet_count":0,"master_deck":["hermit:Strike_Hermit","hermit:Strike_Hermit","hermit:Strike_Hermit","hermit:Strike_Hermit","hermit:Defend_Hermit","hermit:Defend_Hermit","hermit:Defend_Hermit","hermit:Defend_Hermit+1","hermit:Snapshot","hermit:Covet+1","hermit:NoHoldsBarred","hermit:LoneWolf","Dramatic Entrance+1","hermit:DeadOrAlive","hermit:Determination+1","hermit:GoldenBullet+1","hermit:Maintenance+1","hermit:HighCaliber","hermit:FlashPowder+1","hermit:Grudge","hermit:Gestalt","hermit:TakeCover+1","hermit:FatalDesire","CurseOfTheBell","hermit:BodyArmor","RitualDagger","hermit:Glare","hermit:FlashPowder","hermit:Glare","Mind Blast+1","hermit:Misfire","hermit:BodyArmor","hermit:Horror","hermit:RoundhouseKick","hermit:ShadowCloak","hermit:Maintenance+1","hermit:Snipe","hermit:Headshot","hermit:Gestalt","hermit:Glare+1","hermit:TrackingShot+1","hermit:LowProfile+1"],"relics":["hermit:Momento","Tiny Chest","PreservedInsect","Regal Pillow","Ancient Tea Set","Oddly Smooth Stone","Vajra","Calling Bell","Strawberry","Pear","Thread and Needle","Bottled Tornado","Mercury Hourglass","Boot","Centennial Puzzle","Whetstone","SacredBark","Bag of Preparation","War Paint","Letter Opener","Shuriken"],"acts_visited":["Exordium","TheCity","TheBeyond"],"potions_floor_usage":[50,50,50],"damage_taken":[{"damage":1.0,"enemies":"Cultist","floor":1.0,"turns":3.0},{"damage":0.0,"enemies":"Small Slimes","floor":2.0,"turns":2.0},{"damage":6.0,"enemies":"Jaw Worm","floor":4.0,"turns":3.0},{"damage":13.0,"enemies":"Red Slaver","floor":5.0,"turns":2.0},{"damage":14.0,"enemies":"Gremlin Nob","floor":7.0,"turns":3.0},{"damage":0.0,"enemies":"Gremlin Nob","floor":11.0,"turns":1.0},{"damage":0.0,"enemies":"2 Fungi Beasts","floor":12.0,"turns":1.0},{"damage":0.0,"enemies":"Exordium Thugs","floor":13.0,"turns":3.0},{"damage":2.0,"enemies":"3 Sentries","floor":14.0,"turns":9.0},{"damage":24.0,"enemies":"The Guardian","floor":16.0,"turns":12.0},{"damage":12.0,"enemies":"Spheric Guardian","floor":18.0,"turns":4.0},{"damage":36.0,"enemies":"2 Thieves","floor":20.0,"turns":4.0},{"damage":1.0,"enemies":"Snecko","floor":21.0,"turns":5.0},{"damage":17.0,"enemies":"Snake Plant","floor":25.0,"turns":2.0},{"damage":3.0,"enemies":"Shelled Parasite and Fungi","floor":28.0,"turns":4.0},{"damage":0.0,"enemies":"Sentry and Sphere","floor":29.0,"turns":3.0},{"damage":19.0,"enemies":"Gremlin Leader","floor":31.0,"turns":2.0},{"damage":18.0,"enemies":"Collector","floor":33.0,"turns":9.0},{"damage":9.0,"enemies":"3 Shapes","floor":35.0,"turns":2.0},{"damage":3.0,"enemies":"Orb Walker","floor":37.0,"turns":2.0},{"damage":0.0,"enemies":"Sphere and 2 Shapes","floor":39.0,"turns":3.0},{"damage":13.0,"enemies":"Nemesis","floor":40.0,"turns":4.0},{"damage":9,"enemies":"4 Shapes","floor":42,"turns":3},{"damage":4,"enemies":"3 Darklings","floor":45,"turns":3},{"damage":1,"enemies":"Reptomancer","floor":46,"turns":5},{"damage":22,"enemies":"Writhing Mass","floor":47,"turns":4},{"damage":0,"enemies":"Jaw Worm Horde","floor":48,"turns":2},{"damage":66,"enemies":"Time Eater","floor":50,"turns":10}],"seed_played":"-4187779835653820542","potions_obtained":[{"floor":1.0,"key":"hermit:BlackBile"},{"floor":2.0,"key":"SpeedPotion"},{"floor":4.0,"key":"DistilledChaos"},{"floor":11.0,"key":"Energy Potion"},{"floor":13.0,"key":"LiquidBronze"},{"floor":18.0,"key":"SpeedPotion"},{"floor":39.0,"key":"FearPotion"},{"floor":42,"key":"Fire Potion"},{"floor":45,"key":"Dexterity Potion"},{"floor":47,"key":"GamblersBrew"},{"floor":48,"key":"Strength Potion"}],"is_trial":false,"path_per_floor":["M","M","?","M","M","R","E","R","T","T","?","M","M","E","R","B",null,"M","?","M","M","T","R","$","M","T","R","M","M","R","E","R","B",null,"M","?","M","T","M","E","R","M","T","R","M","E","M","M","R","B",null],"character_chosen":"HERMIT","items_purchased":["Mercury Hourglass","hermit:Glare","Boot","Mind Blast","LiquidBronze"],"campfire_rested":5,"item_purchase_floors":[24,24,24,24,24],"current_hp_per_floor":[74,74,74,68,55,55,41,63,63,63,63,63,63,61,61,37,92,80,74,38,37,37,79,79,62,62,62,59,59,92,73,73,55,92,83,83,80,80,80,67,67,58,58,92,88,87,65,65,92,26],"gold":448,"neow_bonus":"RANDOM_COMMON_RELIC","is_daily":false,"chose_seed":false,"campfire_upgraded":5,"win_rate":0.0,"timestamp":1608119091,"path_taken":["M","?","?","?","M","R","E","R","T","?","?","M","?","E","R","BOSS","M","?","M","M","?","R","$","?","T","R","M","M","R","E","R","BOSS","M","?","?","?","M","E","R","M","T","R","M","E","M","M","R","BOSS"],"items_purchased_type":["Relic","Card","Relic","Card","Potion"],"build_version":"2020-12-13","purchased_purges":0,"victory":true,"max_hp_per_floor":[75,75,75,75,75,75,75,75,75,75,75,75,75,75,75,75,92,92,92,92,92,92,92,92,92,92,92,92,92,92,92,92,92,92,92,92,92,92,92,92,92,92,92,92,92,92,92,92,92,92],"card_choices":[{"not_picked":["hermit:Desperado","hermit:PistolWhip"],"picked":"hermit:NoHoldsBarred","floor":1.0},{"not_picked":["hermit:TakeAim","hermit:Midnight"],"picked":"hermit:LoneWolf","floor":2.0},{"not_picked":["hermit:Misfire","hermit:Snipe"],"picked":"hermit:GoldenBullet","floor":4.0},{"not_picked":["hermit:BodyArmor","hermit:TrackingShot"],"picked":"hermit:Maintenance","floor":5.0},{"not_picked":["hermit:Vantage","hermit:Ricochet"],"picked":"hermit:HighCaliber","floor":7.0},{"not_picked":["hermit:WideOpen","hermit:Quickdraw"],"picked":"hermit:FlashPowder","floor":11.0},{"not_picked":["hermit:Adapt","hermit:Showdown"],"picked":"hermit:Grudge","floor":12.0},{"not_picked":["hermit:WideOpen","hermit:Shortfuse"],"picked":"hermit:Gestalt","floor":13.0},{"not_picked":["hermit:Reprieve","hermit:Dive"],"picked":"hermit:TakeCover","floor":14.0},{"not_picked":["hermit:Roughhouse","hermit:BlackWind"],"picked":"hermit:FatalDesire","floor":16.0},{"not_picked":["hermit:Dive+1","hermit:TakeCover"],"picked":"hermit:BodyArmor","floor":18.0},{"not_picked":["hermit:FullyLoaded","hermit:Coalescence+1"],"picked":"hermit:Glare","floor":20.0},{"not_picked":["hermit:Cheat","hermit:Vantage"],"picked":"hermit:FlashPowder","floor":21.0},{"not_picked":["hermit:Adapt","hermit:Desperado+1"],"picked":"hermit:Misfire","floor":25.0},{"not_picked":["hermit:Feint","hermit:SprayPray","hermit:Roulette"],"picked":"SKIP","floor":28.0},{"not_picked":["hermit:Vantage","hermit:Scavenge"],"picked":"hermit:BodyArmor","floor":29.0},{"not_picked":["hermit:Grudge","hermit:Roulette+1"],"picked":"hermit:Horror","floor":31.0},{"not_picked":["hermit:Roughhouse","hermit:HeroicBravado"],"picked":"hermit:RoundhouseKick","floor":33.0},{"not_picked":["hermit:Manifest+1","hermit:Feint"],"picked":"hermit:ShadowCloak","floor":35.0},{"not_picked":["hermit:Feint+1","hermit:Desperado+1","hermit:Quickdraw"],"picked":"SKIP","floor":37.0},{"not_picked":["hermit:Gambit","hermit:Dive"],"picked":"hermit:Snipe","floor":39.0},{"not_picked":["hermit:Quickdraw+1","hermit:TrackingShot+1"],"picked":"hermit:Headshot","floor":40.0},{"not_picked":["hermit:Headshot","hermit:TakeCover"],"picked":"hermit:Gestalt","floor":42},{"not_picked":["hermit:Ricochet+1","hermit:Gambit"],"picked":"hermit:Glare+1","floor":45},{"not_picked":["hermit:Maintenance","hermit:Desperado+1"],"picked":"hermit:TrackingShot+1","floor":46},{"not_picked":["hermit:Enervate","hermit:Snipe"],"picked":"hermit:LowProfile+1","floor":47},{"not_picked":["hermit:Malice+1","hermit:Midnight+1","hermit:Roulette+1"],"picked":"SKIP","floor":48}],"player_experience":631787,"relics_obtained":[{"floor":7.0,"key":"PreservedInsect"},{"floor":9.0,"key":"Regal Pillow"},{"floor":10.0,"key":"Ancient Tea Set"},{"floor":11.0,"key":"Oddly Smooth Stone"},{"floor":14.0,"key":"Vajra"},{"floor":17.0,"key":"Strawberry"},{"floor":17.0,"key":"Pear"},{"floor":17.0,"key":"Thread and Needle"},{"floor":22.0,"key":"Bottled Tornado"},{"floor":26.0,"key":"Centennial Puzzle"},{"floor":31.0,"key":"Whetstone"},{"floor":38.0,"key":"Bag of Preparation"},{"floor":40.0,"key":"War Paint"},{"floor":43,"key":"Letter Opener"},{"floor":46,"key":"Shuriken"}],"event_choices":[{"damage_healed":0.0,"max_hp_gain":0.0,"max_hp_loss":0.0,"gold_gain":0.0,"event_name":"Match and Keep!","player_choice":"3 cards matched","floor":3.0,"gold_loss":0.0,"damage_taken":0.0,"cards_obtained":["Dramatic Entrance","hermit:DeadOrAlive","hermit:Determination"]},{"damage_healed":0.0,"max_hp_gain":0.0,"max_hp_loss":0.0,"gold_gain":30.0,"event_name":"Dead Adventurer","player_choice":"Searched \u00272\u0027 times","floor":11.0,"gold_loss":0.0,"damage_taken":0.0},{"damage_healed":0.0,"max_hp_gain":0.0,"max_hp_loss":0.0,"gold_gain":0.0,"event_name":"Nest","player_choice":"Joined the Cult","floor":19.0,"gold_loss":0.0,"damage_taken":6.0,"cards_obtained":["RitualDagger"]},{"damage_healed":0.0,"max_hp_gain":0.0,"max_hp_loss":0.0,"gold_gain":0.0,"event_name":"Duplicator","player_choice":"Copied","floor":36.0,"gold_loss":0.0,"damage_taken":0.0,"cards_obtained":["hermit:Maintenance"]}],"is_beta":false,"boss_relics":[{"not_picked":["SlaversCollar","hermit:DentedPlate"],"picked":"Calling Bell"},{"not_picked":["Runic Pyramid","Velvet Choker"],"picked":"SacredBark"}],"items_purged_floors":[],"is_endless":false,"potions_floor_spawned":[1,2,4,11,13,18,39,42,45,47,48],"ascension_level":0}}