{"host":"Stella","time":1608126053,"event":{"mods":["2.2 Compatiblity","AchievementEnabler","BaseMod","Bestiary","Better Altar","Better Match","Better Sensory Stone","Better Skull","Better Third Choice","Block Reminder","Colored Map","Colored Powertips","DeckTracker","Displayed Cursed Tome","Minty Spire (QoL Compilation)","Relic Sorter","Relic Stats","StSLib","Synergy Search","Transform Curses","Unknown Chances"],"gold_per_floor":[116,128,11,11,25,56,56,84,84,84,112,112,126,126,126,126,126],"floor_reached":16,"playtime":1171,"items_purged":["Strike_G"],"score":236,"play_id":"757abb1e-d732-4514-889f-3322f72e9181","local_time":"20201216054053","is_ascension_mode":true,"campfire_choices":[{"data":"Dash","floor":7,"key":"SMITH"},{"floor":10,"key":"REST"},{"floor":15,"key":"REST"}],"circlet_count":0,"master_deck":["AscendersBane","Strike_G","Strike_G","Strike_G","Strike_G","Defend_G","Defend_G","Defend_G","Defend_G","Defend_G","Survivor","Neutralize","Accuracy","Blade Dance","Caltrops","Dash+1","Dodge and Roll","Blur","Well Laid Plans","Cloak And Dagger","Calculated Gamble","Injury"],"relics":["Ring of the Snake","HornCleat","FossilizedHelix","WingedGreaves","Prayer Wheel","Golden Idol"],"acts_visited":["Exordium"],"potions_floor_usage":[6,8,16],"damage_taken":[{"damage":9,"enemies":"Cultist","floor":1,"turns":6},{"damage":1,"enemies":"2 Louse","floor":2,"turns":3},{"damage":4,"enemies":"Jaw Worm","floor":5,"turns":5},{"damage":8,"enemies":"Gremlin Nob","floor":6,"turns":4},{"damage":16,"enemies":"3 Sentries","floor":8,"turns":7},{"damage":33,"enemies":"Lagavulin","floor":11,"turns":8},{"damage":0,"enemies":"Exordium Thugs","floor":13,"turns":4},{"damage":37,"enemies":"Slime Boss","floor":16,"turns":10}],"seed_played":"8617406943319531465","potions_obtained":[{"floor":0,"key":"Poison Potion"},{"floor":0,"key":"SteroidPotion"},{"floor":11,"key":"Explosive Potion"}],"is_trial":false,"path_per_floor":["M","M","$","$","M","E","R","E","T","R","E","?","M","?","R","B"],"character_chosen":"THE_SILENT","items_purchased":["Caltrops"],"campfire_rested":2,"item_purchase_floors":[3],"current_hp_per_floor":[50,49,49,49,45,37,37,21,21,40,7,7,7,7,26,0,0],"gold":126,"neow_bonus":"THREE_SMALL_POTIONS","is_daily":false,"chose_seed":false,"campfire_upgraded":1,"win_rate":0.0,"timestamp":1608126053,"path_taken":["M","M","?","$","M","E","R","E","T","R","E","?","?","?","R","BOSS"],"items_purchased_type":["Card"],"build_version":"2020-12-07","purchased_purges":1,"victory":false,"max_hp_per_floor":[66,66,66,66,66,66,66,66,66,66,66,66,66,66,66,66,66],"relic_stats":{"counters":[8,47],"Golden Idol":0,"Prayer Wheel":1,"obtain_stats":[{"HornCleat":6,"Golden Idol":14,"Prayer Wheel":11,"WingedGreaves":9,"FossilizedHelix":8,"Ring of the Snake":0},{"HornCleat":4,"Golden Idol":7,"Prayer Wheel":6,"WingedGreaves":5,"FossilizedHelix":5,"Ring of the Snake":0},{"HornCleat":18,"Golden Idol":37,"Prayer Wheel":33,"WingedGreaves":25,"FossilizedHelix":25,"Ring of the Snake":0}],"Ring of the Snake":[16]},"card_choices":[{"not_picked":["Backflip","Heel Hook"],"picked":"Accuracy","floor":1},{"not_picked":["Dagger Spray","Deadly Poison"],"picked":"Blade Dance","floor":2},{"not_picked":["Backflip","Deflect"],"picked":"Dash","floor":5},{"not_picked":["Backflip","Sucker Punch"],"picked":"Dodge and Roll","floor":6},{"not_picked":["Skewer","Grand Finale"],"picked":"Blur","floor":8},{"not_picked":["Dash","Quick Slash"],"picked":"Well Laid Plans","floor":11},{"not_picked":["Dash","Flying Knee"],"picked":"Cloak And Dagger","floor":13},{"not_picked":["Flying Knee","Flechettes"],"picked":"Calculated Gamble","floor":13}],"player_experience":379100,"relics_obtained":[{"floor":6,"key":"HornCleat"},{"floor":8,"key":"FossilizedHelix"},{"floor":9,"key":"WingedGreaves"},{"floor":11,"key":"Prayer Wheel"}],"event_choices":[{"damage_healed":0,"gold_gain":1,"player_choice":"1","damage_taken":0,"max_hp_gain":0,"max_hp_loss":0,"event_name":"betterStone:BetterStone","floor":12,"gold_loss":0},{"damage_healed":0,"gold_gain":0,"player_choice":"Take Wound","damage_taken":0,"relics_obtained":["Golden Idol"],"max_hp_gain":0,"max_hp_loss":0,"event_name":"Golden Idol","floor":14,"gold_loss":0,"cards_obtained":["Injury"]}],"is_beta":true,"boss_relics":[],"items_purged_floors":[3],"is_endless":false,"potions_floor_spawned":[2,11],"killed_by":"Slime Boss","ascension_level":20}}