{"host":"6xsbn6ynqlzwllfm","time":1608147221,"event":{"mods":["2.2 Compatiblity","BaseMod","Bestiary","Colored Map","Colored Powertips","Curses Come First","Downfall","Highlight Path","Keyboard Shortcuts","Minty Spire (QoL Compilation)","Quick Restart","Relic Stats","Slay the Relics Exporter","StSLib","SuperFastMode"],"gold_per_floor":[118,135,155,155,166,166,192,192,192,221,221,248,273,273,273,347,347,362,63,83,8,28,57,57,89,89,124,124,135,95,65,65,140,140,158,58,58,58],"floor_reached":39,"playtime":1214,"items_purged":["Guardian:Strike_Guardian","Guardian:Strike_Guardian"],"score":1041,"play_id":"5c99d0c5-7b23-4b15-8215-7bf25eeba608","local_time":"20201216143341","is_ascension_mode":true,"campfire_choices":[{"floor":6,"key":"RECALL"},{"floor":8,"key":"REST"},{"floor":11,"key":"REST"},{"floor":15,"key":"REST"},{"floor":24,"key":"REST"},{"floor":28,"key":"REST"},{"floor":32,"key":"REST"}],"circlet_count":0,"master_deck":["AscendersBane","Guardian:Strike_Guardian","Guardian:Defend_Guardian","Guardian:Defend_Guardian","Guardian:Defend_Guardian","Guardian:CurlUp","Guardian:TwinSlam","Guardian:EvasiveProtocol","Guardian:Reroute","Guardian:Recover","Guardian:PiercingHide","Guardian:VentSteam","Guardian:RevengeProtocol","Guardian:PrismaticBeam","Guardian:Harden","Guardian:EvasiveProtocol","Guardian:Recover+1","Guardian:FloatingOrbs","Guardian:StasisEngine","Guardian:Suspension"],"relics":["Fusion Hammer","WarpedTongs","MealTicket","Question Card","Guardian:SackOfGems","Blood Vial","Art of War","Omamori","Empty Cage","Vajra","Boot","Mercury Hourglass","Matryoshka","Red Mask","Calling Bell","Toy Ornithopter","Ornamental Fan","StoneCalendar"],"acts_visited":["Exordium","TheCity","TheBeyond"],"potions_floor_usage":[7,13,13,23,29,33,33],"damage_taken":[{"damage":0,"enemies":"Small Slimes","floor":1,"turns":4},{"damage":0,"enemies":"Cultist","floor":2,"turns":4},{"damage":1,"enemies":"2 Louse","floor":3,"turns":3},{"damage":3,"enemies":"Looter","floor":5,"turns":3},{"damage":9,"enemies":"3 Sentries","floor":7,"turns":7},{"damage":9,"enemies":"Lagavulin","floor":10,"turns":7},{"damage":40,"enemies":"Gremlin Nob","floor":13,"turns":5},{"damage":26,"enemies":"Slime Boss","floor":16,"turns":7},{"damage":0,"enemies":"Chosen","floor":18,"turns":4},{"damage":17,"enemies":"2 Thieves","floor":20,"turns":5},{"damage":6,"enemies":"Sentry and Sphere","floor":22,"turns":4},{"damage":5,"enemies":"Book of Stabbing","floor":23,"turns":6},{"damage":25,"enemies":"Slavers","floor":25,"turns":7},{"damage":22,"enemies":"Masked Bandits","floor":27,"turns":4},{"damage":6,"enemies":"Cultist and Chosen","floor":29,"turns":5},{"damage":25,"enemies":"Collector","floor":33,"turns":6},{"damage":0,"enemies":"Orb Walker","floor":35,"turns":4},{"damage":12,"enemies":"Donu and Deca","floor":38,"turns":9}],"seed_played":"2400487026415465678","potions_obtained":[{"floor":1,"key":"Weak Potion"},{"floor":5,"key":"Regen Potion"},{"floor":7,"key":"LiquidMemories"},{"floor":16,"key":"CultistPotion"},{"floor":20,"key":"Guardian:DefensiveModePotion"},{"floor":25,"key":"AttackPotion"},{"floor":27,"key":"LiquidMemories"},{"floor":31,"key":"PowerPotion"},{"floor":35,"key":"Fire Potion"}],"is_trial":false,"path_per_floor":["M","M","M","?","M","R","E","R","T","E","R","T","E","?","R","B",null,"M","$","M","?","M","E","R","E","T","?","R","M","$","?","R","B",null,"M","$","?","B",null],"character_chosen":"GUARDIAN","items_purchased":["Guardian:PrismaticBeam","Vajra","Guardian:FloatingOrbs"],"campfire_rested":6,"item_purchase_floors":[19,19,30],"current_hp_per_floor":[65,65,64,64,61,61,67,72,72,63,72,72,32,20,41,17,58,60,72,55,55,51,48,69,46,46,26,47,43,58,58,72,47,66,68,72,72,60],"gold":58,"neow_bonus":"BOSS_RELIC","is_daily":false,"chose_seed":false,"campfire_upgraded":0,"win_rate":0.0,"timestamp":1608147221,"path_taken":["M","M","M","?","?","R","E","R","T","E","R","?","E","?","R","BOSS","M","$","M","?","M","E","R","E","T","?","R","M","$","?","R","BOSS","M","?","?","BOSS"],"items_purchased_type":["Card","Relic","Card"],"build_version":"2020-12-13","purchased_purges":2,"victory":true,"max_hp_per_floor":[72,72,72,72,72,72,72,72,72,72,72,72,72,72,72,72,72,72,72,72,72,72,72,72,72,72,72,72,72,72,72,72,72,72,72,72,72,72],"relic_stats":{"Blood Vial":16,"counters":[18,94],"Ornamental Fan":[20],"MealTicket":31,"StoneCalendar":[52],"Art of War":[12],"Question Card":13,"Boot":[17],"obtain_stats":[{"Guardian:ModeShifter":0,"Vajra":19,"Guardian:SackOfGems":10,"StoneCalendar":34,"Omamori":14,"Question Card":9,"Empty Cage":17,"Boot":23,"WarpedTongs":4,"Mercury Hourglass":25,"Blood Vial":12,"Calling Bell":34,"Matryoshka":26,"Ornamental Fan":34,"MealTicket":7,"Fusion Hammer":0,"Art of War":13,"Red Mask":27,"Toy Ornithopter":34},{"Guardian:ModeShifter":0,"Vajra":9,"Guardian:SackOfGems":6,"StoneCalendar":16,"Omamori":7,"Question Card":5,"Empty Cage":8,"Boot":12,"WarpedTongs":3,"Mercury Hourglass":13,"Blood Vial":6,"Calling Bell":16,"Matryoshka":13,"Ornamental Fan":16,"MealTicket":5,"Fusion Hammer":0,"Art of War":7,"Red Mask":14,"Toy Ornithopter":16},{"Guardian:ModeShifter":0,"Vajra":44,"Guardian:SackOfGems":28,"StoneCalendar":81,"Omamori":33,"Question Card":21,"Empty Cage":40,"Boot":59,"WarpedTongs":11,"Mercury Hourglass":66,"Blood Vial":28,"Calling Bell":81,"Matryoshka":66,"Ornamental Fan":81,"MealTicket":21,"Fusion Hammer":0,"Art of War":33,"Red Mask":70,"Toy Ornithopter":81}],"Toy Ornithopter":0,"WarpedTongs":[83],"Mercury Hourglass":[118]},"card_choices":[{"not_picked":["Guardian:ShieldCharger","Guardian:Gem_Green"],"picked":"Guardian:Gem_Fragmented","floor":1},{"not_picked":["Guardian:FloatingOrbs","Guardian:Gem_Cyan"],"picked":"Guardian:EvasiveProtocol","floor":2},{"not_picked":["Guardian:CrystalBeam","Guardian:VentSteam"],"picked":"Guardian:Reroute","floor":3},{"not_picked":["Guardian:GuardianWhirl","Guardian:CrystalBeam"],"picked":"Guardian:Recover","floor":5},{"not_picked":["Guardian:SentryBeam","Guardian:Gem_Lightblue"],"picked":"Guardian:PiercingHide","floor":7},{"not_picked":["Guardian:HyperBeam_Guardian","Guardian:Planning","Guardian:PolyBeam"],"picked":"Guardian:Gem_Purple","floor":10},{"not_picked":["Guardian:RollAttack","Guardian:TemporalShield","Guardian:FuturePlans"],"picked":"Guardian:VentSteam","floor":13},{"not_picked":["Guardian:GemFire","Guardian:SphericShield","Guardian:AncientConstruct"],"picked":"Guardian:RevengeProtocol","floor":16},{"not_picked":["Guardian:ShieldCharger+1","Guardian:Emergency","Guardian:TemporalShield"],"picked":"Guardian:Gem_White","floor":18},{"not_picked":["Guardian:PiercingHide","Guardian:VentSteam","Guardian:RollAttack","Guardian:CrystalBeam"],"picked":"SKIP","floor":20},{"not_picked":["Guardian:TemporalStrike","Guardian:TemporalShield","Guardian:Repulse"],"picked":"Guardian:Harden","floor":22},{"not_picked":["Guardian:TemporalShield","Guardian:TimeSifter","Guardian:CrystalBeam"],"picked":"Guardian:Gem_Red","floor":23},{"not_picked":["Guardian:WalkerClaw+1","Guardian:Preprogram","Guardian:ShieldCharger"],"picked":"Guardian:EvasiveProtocol","floor":25},{"not_picked":["Guardian:Gem_Fragmented","Guardian:Gem_Lightblue","Guardian:RollAttack"],"picked":"Guardian:Recover+1","floor":27},{"not_picked":["Guardian:StasisField","Guardian:ExploitGems","Guardian:FierceBash"],"picked":"Guardian:StasisEngine","floor":33},{"not_picked":["Guardian:Gem_Red","Guardian:PiercingHide","Guardian:Gem_Green"],"picked":"Guardian:Suspension","floor":35}],"player_experience":1229313,"relics_obtained":[{"floor":7,"key":"MealTicket"},{"floor":9,"key":"Question Card"},{"floor":10,"key":"Guardian:SackOfGems"},{"floor":12,"key":"Blood Vial"},{"floor":13,"key":"Art of War"},{"floor":23,"key":"Boot"},{"floor":25,"key":"Mercury Hourglass"},{"floor":26,"key":"Matryoshka"},{"floor":27,"key":"Red Mask"},{"floor":34,"key":"Toy Ornithopter"},{"floor":34,"key":"Ornamental Fan"},{"floor":34,"key":"StoneCalendar"}],"event_choices":[{"damage_healed":0,"gold_gain":0,"player_choice":"Success","damage_taken":12,"relics_obtained":["Omamori"],"max_hp_gain":0,"max_hp_loss":0,"event_name":"Scrap Ooze","floor":14,"gold_loss":0},{"cards_removed":["Guardian:Defend_Guardian"],"damage_healed":0,"gold_gain":0,"player_choice":"Gave Gold","damage_taken":0,"max_hp_gain":0,"max_hp_loss":0,"event_name":"Beggar","floor":21,"gold_loss":75},{"damage_healed":0,"gold_gain":0,"player_choice":"Fought Bandits","damage_taken":0,"max_hp_gain":0,"max_hp_loss":0,"event_name":"Masked Bandits","floor":27,"gold_loss":0},{"damage_healed":0,"gold_gain":0,"player_choice":"Bought 2 Potions","damage_taken":0,"max_hp_gain":0,"max_hp_loss":0,"event_name":"The Woman in Blue","floor":31,"gold_loss":0},{"damage_healed":0,"gold_gain":0,"player_choice":"Took Portal","damage_taken":0,"max_hp_gain":0,"max_hp_loss":0,"event_name":"SecretPortal","floor":37,"gold_loss":0}],"is_beta":false,"boss_relics":[{"not_picked":["Coffee Dripper","Busted Crown"],"picked":"Empty Cage"},{"not_picked":["Tiny House","SacredBark"],"picked":"Calling Bell"}],"items_purged_floors":[19,36],"is_endless":false,"potions_floor_spawned":[1,5,7,16,20,25,27,35],"ascension_level":14}}