{"host":"csaqw07vjsqfysdp","time":1608077010,"event":{"mods":["AchievementEnabler","BaseMod","Colored Powertips","Downfall","Googly Eyes","Minty Spire (QoL Compilation)","Permanent Neow","Quick Restart","StSLib","Unceasing Turn Reminder"],"gold_per_floor":[111,111,286,286,123,151,8,35,35,50,50,61,72,97,97,202,202,218,218,143,43,56,89,89,122,122,150,162,174,211,223,235,349,361,387,419,431,454,21,52,52,52,52,3,3,3,3,3],"floor_reached":47,"playtime":1403,"items_purged":["Doubt","Reprogram"],"score":738,"play_id":"2e17b19b-8aae-462b-8114-60acf03c87d5","local_time":"20201215190330","is_ascension_mode":true,"campfire_choices":[{"floor":11,"key":"REST"},{"data":"Machine Learning","floor":15,"key":"SMITH"},{"data":"Zap","floor":24,"key":"SMITH"},{"floor":28,"key":"REST"},{"data":"Redo","floor":32,"key":"SMITH"},{"data":"Barrage","floor":41,"key":"SMITH"}],"circlet_count":0,"master_deck":["Strike_B+1","Defend_B+1","Defend_B+1","Defend_B+1","Defend_B+1","Zap+1","Dualcast","Machine Learning+1","Leap","Barrage+1","Cold Snap","Ball Lightning","Doom and Gloom","Defragment+1","Electrodynamics+1","Leap+1","Loop+1","Auto Shields","Echo Form+1","Redo+1","Echo Form+1","Sunder+1","Biased Cognition+1","Biased Cognition+1","Loop+1","Parasite"],"relics":["Cracked Core","Bag of Preparation","OrangePellets","PreservedInsect","Frozen Egg 2","Pantograph","Nuclear Battery","Enchiridion","Molten Egg 2","Strawberry","WingedGreaves","MawBank","HornCleat","Pear","Inserter","DollysMirror","Lizard Tail","Thread and Needle","Singing Bowl"],"acts_visited":["Exordium","TheCity","TheBeyond"],"potions_floor_usage":[33,42],"damage_taken":[{"damage":0,"enemies":"2 Louse","floor":1,"turns":2},{"damage":45,"enemies":"3 Sentries","floor":6,"turns":9},{"damage":32,"enemies":"Gremlin Nob","floor":8,"turns":4},{"damage":2,"enemies":"Jaw Worm","floor":10,"turns":3},{"damage":0,"enemies":"Cultist","floor":12,"turns":3},{"damage":10,"enemies":"3 Louse","floor":13,"turns":3},{"damage":22,"enemies":"Lagavulin","floor":14,"turns":4},{"damage":20,"enemies":"The Guardian","floor":16,"turns":11},{"damage":0,"enemies":"3 Byrds","floor":18,"turns":2},{"damage":9,"enemies":"Spheric Guardian","floor":22,"turns":2},{"damage":17,"enemies":"Book of Stabbing","floor":23,"turns":4},{"damage":44,"enemies":"Gremlin Leader","floor":25,"turns":4},{"damage":16,"enemies":"Book of Stabbing","floor":27,"turns":4},{"damage":23,"enemies":"Slavers","floor":30,"turns":2},{"damage":0,"enemies":"Automaton","floor":33,"turns":5},{"damage":12,"enemies":"3 Shapes","floor":35,"turns":3},{"damage":17,"enemies":"3 Darklings","floor":36,"turns":5},{"damage":23,"enemies":"4 Shapes","floor":38,"turns":6},{"damage":9,"enemies":"Giant Head","floor":40,"turns":6},{"damage":0,"enemies":"Maw","floor":42,"turns":2},{"damage":0,"enemies":"Writhing Mass","floor":47,"turns":2}],"seed_played":"-7865105678778855703","potions_obtained":[{"floor":8,"key":"SmokeBomb"},{"floor":10,"key":"Ancient Potion"},{"floor":12,"key":"PotionOfCapacity"},{"floor":25,"key":"Weak Potion"},{"floor":36,"key":"DuplicationPotion"}],"is_trial":false,"path_per_floor":["M","?","?","?","$","E","$","E","T","M","R","M","M","E","R","B",null,"M","?","?","$","M","E","R","E","T","E","R","T","E","?","R","B",null,"M","M","?","M","$","E","R","M","T","$","?","?","M"],"character_chosen":"DEFECT","items_purchased":["Self Repair","Barrage","OrangePellets","DollysMirror","Lizard Tail","Block Potion"],"campfire_rested":2,"item_purchase_floors":[5,5,7,39,39,44],"current_hp_per_floor":[75,80,80,80,80,42,42,17,17,22,46,53,50,35,35,47,80,80,64,64,64,62,52,52,22,22,13,39,39,26,26,26,58,97,92,82,97,74,74,65,65,65,65,65,65,65,65,65],"gold":3,"neow_bonus":"ONE_RANDOM_RARE_CARD","is_daily":false,"chose_seed":false,"campfire_upgraded":4,"win_rate":0.0,"timestamp":1608077010,"path_taken":["M","?","?","?","$","E","$","E","T","?","R","M","M","E","R","BOSS","M","?","?","?","?","E","R","E","T","E","R","?","E","?","R","BOSS","M","M","?","M","$","E","R","?","T","$","?","?","M"],"items_purchased_type":["Card","Card","Relic","Relic","Relic","Potion"],"build_version":"2020-12-13","purchased_purges":2,"victory":false,"max_hp_per_floor":[75,80,80,80,80,80,80,80,80,80,80,80,80,80,80,80,80,80,80,80,80,80,80,80,87,87,87,87,87,97,97,97,97,97,97,97,97,97,97,97,97,97,97,97,92,92,92,92],"card_choices":[{"not_picked":["Double Energy","Redo"],"picked":"Leap","floor":1},{"not_picked":["Static Discharge","Redo"],"picked":"Cold Snap","floor":6},{"not_picked":["Double Energy","Scrape"],"picked":"Ball Lightning","floor":8},{"not_picked":["Heatsinks+1","Streamline","Stack"],"picked":"SKIP","floor":10},{"not_picked":["Recycle","Thunder Strike"],"picked":"Doom and Gloom","floor":12},{"not_picked":["Streamline","Beam Cell","Turbo"],"picked":"SKIP","floor":13},{"not_picked":["Steam Power","Steam"],"picked":"Defragment+1","floor":14},{"not_picked":["Creative AI+1","Machine Learning+1"],"picked":"Electrodynamics+1","floor":16},{"not_picked":["Doom and Gloom+1","Heatsinks+1"],"picked":"Leap+1","floor":18},{"not_picked":["Streamline","Self Repair+1"],"picked":"Loop+1","floor":22},{"not_picked":["Tempest","Lockon+1","Consume"],"picked":"SKIP","floor":23},{"not_picked":["Recycle","Turbo"],"picked":"Auto Shields","floor":25},{"not_picked":["Rebound+1","Darkness"],"picked":"Echo Form+1","floor":27},{"not_picked":["Go for the Eyes+1","Steam+1"],"picked":"Redo","floor":30},{"not_picked":["Thunder Strike+1","Fission"],"picked":"Echo Form+1","floor":33},{"not_picked":["Turbo+1","Beam Cell+1","Steam Power"],"picked":"SKIP","floor":35},{"not_picked":["Coolheaded","Aggregate"],"picked":"Sunder+1","floor":36},{"not_picked":["Consume+1","Barrage+1"],"picked":"Biased Cognition+1","floor":38},{"not_picked":["Self Repair+1","Rebound+1"],"picked":"Loop+1","floor":40}],"player_experience":377631,"relics_obtained":[{"floor":6,"key":"Bag of Preparation"},{"floor":8,"key":"PreservedInsect"},{"floor":9,"key":"Frozen Egg 2"},{"floor":14,"key":"Pantograph"},{"floor":19,"key":"Enchiridion"},{"floor":23,"key":"Molten Egg 2"},{"floor":25,"key":"Strawberry"},{"floor":26,"key":"WingedGreaves"},{"floor":27,"key":"MawBank"},{"floor":29,"key":"HornCleat"},{"floor":30,"key":"Pear"},{"floor":40,"key":"Thread and Needle"},{"floor":43,"key":"Singing Bowl"}],"event_choices":[{"damage_healed":0,"gold_gain":0,"player_choice":"Donut","damage_taken":0,"max_hp_gain":5,"max_hp_loss":0,"event_name":"Big Fish","floor":2,"gold_loss":0},{"damage_healed":0,"gold_gain":175,"player_choice":"AGREE","damage_taken":0,"max_hp_gain":0,"max_hp_loss":0,"event_name":"Liars Game","floor":3,"gold_loss":0,"cards_obtained":["Doubt"]},{"damage_healed":0,"gold_gain":0,"cards_transformed":["Strike_B"],"player_choice":"Transformed","damage_taken":0,"max_hp_gain":0,"max_hp_loss":0,"event_name":"Transmorgrifier","floor":4,"gold_loss":0,"cards_obtained":["Reprogram"]},{"damage_healed":0,"gold_gain":0,"player_choice":"Obtained Book","damage_taken":16,"max_hp_gain":0,"max_hp_loss":0,"event_name":"Cursed Tome","floor":19,"gold_loss":0},{"cards_removed":["Strike_B"],"damage_healed":0,"gold_gain":0,"player_choice":"Gave Gold","damage_taken":0,"max_hp_gain":0,"max_hp_loss":0,"event_name":"Beggar","floor":20,"gold_loss":75},{"damage_healed":0,"gold_gain":0,"player_choice":"Simplicity","damage_taken":0,"max_hp_gain":0,"max_hp_loss":0,"event_name":"Back to Basics","floor":31,"gold_loss":0,"cards_upgraded":["Strike_B","Strike_B","Defend_B","Defend_B","Defend_B","Defend_B"]},{"cards_removed":["Self Repair"],"damage_healed":15,"gold_gain":0,"player_choice":"Offered Uncommon","damage_taken":0,"max_hp_gain":0,"max_hp_loss":0,"event_name":"Bonfire Elementals","floor":37,"gold_loss":0},{"damage_healed":0,"gold_gain":0,"player_choice":"Max HP","damage_taken":0,"max_hp_gain":0,"max_hp_loss":5,"event_name":"Winding Halls","floor":45,"gold_loss":0},{"cards_removed":["Strike_B"],"damage_healed":0,"gold_gain":0,"player_choice":"Removed Attack","damage_taken":0,"max_hp_gain":0,"max_hp_loss":0,"event_name":"Falling","floor":46,"gold_loss":0}],"is_beta":false,"boss_relics":[{"not_picked":["Runic Dome","Black Star"],"picked":"Nuclear Battery"},{"not_picked":["Velvet Choker","Coffee Dripper"],"picked":"Inserter"}],"items_purged_floors":[5,21],"is_endless":false,"potions_floor_spawned":[8,10,12,18,23,25,30,36,42],"killed_by":"Writhing Mass","ascension_level":3}}