{"host":"cwd5s03r1oaxs6mx","time":1608130624,"event":{"mods":["Act Like it!","BaseMod","Better Third Choice","BetterRewards","CapriCore","Card Filter","Colored Map","Custom Start","DeckTracker","Friendly Minions","Hubris","Infinite Spire","Minty Spire (QoL Compilation)","Quick Restart","Relic Stats","Shop Mod","Spicy Shops","StSLib","SuperFastMode"],"gold_per_floor":[115,115,135,148,162,162,162],"floor_reached":6,"playtime":762,"items_purged":["Strike_R","Defend_R","Strike_R","Defend_R"],"score":76,"play_id":"2a5e648a-4a98-4297-b074-a4a8c9de67d6","local_time":"20201216235704","is_ascension_mode":true,"campfire_choices":[],"circlet_count":0,"master_deck":["AscendersBane","Strike_R","Strike_R","Strike_R","Defend_R","Defend_R","Bash","Disarm","Trip","Twin Strike","Dropkick"],"relics":["Burning Blood","Membership Card","hubris:Zylophone","infinitespire:BottledMercury"],"acts_visited":["Exordium"],"potions_floor_usage":[6],"damage_taken":[{"damage":5,"enemies":"Cultist","floor":1,"turns":4},{"damage":14,"enemies":"Jaw Worm","floor":3,"turns":6},{"damage":4,"enemies":"Small Slimes","floor":4,"turns":4},{"damage":8,"enemies":"Blue Slaver","floor":5,"turns":5},{"damage":49,"enemies":"3 Sentries","floor":6,"turns":8}],"seed_played":"-3917254142838173527","potions_obtained":[{"floor":1,"key":"LiquidMemories"}],"is_trial":false,"path_per_floor":["M","$","M","M","M","E"],"character_chosen":"IRONCLAD","items_purchased":["Membership Card","Disarm","hubris:Zylophone","Trip","infinitespire:BottledMercury"],"campfire_rested":0,"item_purchase_floors":[0,0,0,0,0],"current_hp_per_floor":[69,57,49,51,49,0,0],"gold":162,"neow_bonus":"","is_daily":false,"chose_seed":false,"campfire_upgraded":0,"win_rate":0.0,"timestamp":1608130624,"path_taken":["M","?","M","M","M","E"],"items_purchased_type":["Relic","Card","Relic","Card","Relic"],"build_version":"2020-12-13","purchased_purges":4,"victory":false,"max_hp_per_floor":[75,75,75,75,75,75,75],"relic_stats":{"counters":[70,247],"obtain_stats":[{"infinitespire:BottledMercury":0,"Calipers":45,"hubris:CrystalStatue":10,"Sling":36,"Boot":55,"Philosopher\u0027s Stone":0,"hubris:DeckOfHolding":22,"Necronomicon":0,"MerchantsRug":0,"Pear":26,"Happy Flower":0,"Dead Branch":0,"Velvet Choker":0,"Oddly Smooth Stone":22,"Pen Nib":0,"infinitespire:Beetle Shell":41,"hubris:Zylophone":0,"SlaversCollar":0,"Runic Dome":17,"hubris:BottledHeart":21,"Shuriken":36,"Bronze Scales":46,"StrikeDummy":0,"infinitespire:PuzzleCube":11,"Pocketwatch":24,"Darkstone Periapt":0,"Regal Pillow":26,"Lantern":13,"Singing Bowl":12,"Mango":54,"Juzu Bracelet":13,"Bag of Preparation":9,"Empty Cage":0,"Ancient Tea Set":24,"Burning Blood":0,"ClockworkSouvenir":14,"hubris:BlackHole":17,"Dream Catcher":2,"hubris:Backtick":17,"hubris:Icosahedron":44,"Mummified Hand":31,"Pantograph":14,"Toolbox":54,"Tiny Chest":0,"Chemical X":0,"hubris:ChampionShield":0,"InkBottle":7,"Potion Belt":23,"infinitespire:CursedDice":7,"hubris:MedicalManual":0,"hubris:Towel":8,"Medical Kit":22,"Anchor":0,"infinitespire:Satchel":27,"Art of War":27,"Membership Card":22,"hubris:CrackedHourglass":17,"hubris:OldNail":9,"hubris:Potato":17,"infinitespire:Midas Blood":7},{"infinitespire:BottledMercury":49,"Calipers":43,"hubris:CrystalStatue":57,"Sling":40,"Boot":48,"Philosopher\u0027s Stone":25,"hubris:DeckOfHolding":35,"Necronomicon":25,"MerchantsRug":25,"Pear":36,"Happy Flower":52,"Dead Branch":25,"Velvet Choker":25,"Oddly Smooth Stone":35,"Pen Nib":25,"infinitespire:Beetle Shell":42,"hubris:Zylophone":25,"SlaversCollar":25,"Runic Dome":60,"hubris:BottledHeart":35,"Shuriken":40,"Bronze Scales":43,"StrikeDummy":0,"infinitespire:PuzzleCube":4,"Pocketwatch":9,"Darkstone Periapt":25,"Regal Pillow":10,"Lantern":58,"Singing Bowl":31,"Mango":47,"Juzu Bracelet":5,"Bag of Preparation":30,"Empty Cage":25,"Ancient Tea Set":36,"Burning Blood":0,"ClockworkSouvenir":5,"hubris:BlackHole":24,"Dream Catcher":26,"hubris:Backtick":6,"hubris:Icosahedron":42,"Mummified Hand":38,"Pantograph":31,"Toolbox":47,"Tiny Chest":25,"Chemical X":15,"hubris:ChampionShield":25,"InkBottle":3,"Potion Belt":64,"infinitespire:CursedDice":20,"hubris:MedicalManual":0,"hubris:Towel":3,"Medical Kit":35,"Anchor":25,"infinitespire:Satchel":37,"Art of War":11,"Membership Card":8,"hubris:CrackedHourglass":32,"hubris:OldNail":3,"hubris:Potato":6,"infinitespire:Midas Blood":30},{"infinitespire:BottledMercury":163,"Calipers":154,"hubris:CrystalStatue":191,"Sling":151,"Boot":159,"Philosopher\u0027s Stone":109,"hubris:DeckOfHolding":136,"Necronomicon":109,"MerchantsRug":109,"Pear":139,"Happy Flower":181,"Dead Branch":109,"Velvet Choker":109,"Oddly Smooth Stone":136,"Pen Nib":109,"infinitespire:Beetle Shell":153,"hubris:Zylophone":109,"SlaversCollar":109,"Runic Dome":202,"hubris:BottledHeart":136,"Shuriken":151,"Bronze Scales":154,"StrikeDummy":0,"infinitespire:PuzzleCube":12,"Pocketwatch":35,"Darkstone Periapt":109,"Regal Pillow":38,"Lantern":194,"Singing Bowl":124,"Mango":158,"Juzu Bracelet":19,"Bag of Preparation":121,"Empty Cage":109,"Ancient Tea Set":139,"Burning Blood":0,"ClockworkSouvenir":19,"hubris:BlackHole":106,"Dream Catcher":111,"hubris:Backtick":27,"hubris:Icosahedron":153,"Mummified Hand":146,"Pantograph":124,"Toolbox":158,"Tiny Chest":109,"Chemical X":59,"hubris:ChampionShield":109,"InkBottle":10,"Potion Belt":216,"infinitespire:CursedDice":85,"hubris:MedicalManual":0,"hubris:Towel":10,"Medical Kit":136,"Anchor":109,"infinitespire:Satchel":143,"Art of War":44,"Membership Card":32,"hubris:CrackedHourglass":128,"hubris:OldNail":10,"hubris:Potato":27,"infinitespire:Midas Blood":121}],"Burning Blood":263},"card_choices":[{"not_picked":["Sentinel","Shrug It Off","Dual Wield"],"picked":"SKIP","floor":1},{"not_picked":["Shockwave","Anger","Thunderclap"],"picked":"SKIP","floor":3},{"not_picked":["Dual Wield","Uppercut"],"picked":"Twin Strike","floor":4},{"not_picked":["Pummel","Carnage"],"picked":"Dropkick","floor":5}],"player_experience":921303,"relics_obtained":[],"event_choices":[],"is_beta":false,"boss_relics":[],"items_purged_floors":[0,0,2,2],"is_endless":false,"potions_floor_spawned":[1,3],"killed_by":"3 Sentries","ascension_level":20}}