{"host":"i9wanet4r0ff4t9y","time":1608112012,"event":{"mods":["2.2 Compatiblity","Act Like it!","BaseMod","Bestiary","Better Altar","Better Match","Better Note","Better Sensory Stone","Better Skull","Better Third Choice","Better Vampires","BetterRewards","CapriCore","Downfall","Minty Spire (QoL Compilation)","READ ME - Guardian Mod","READ ME - Snecko Mod","Relic Stats","Replay The Spire","Say the Spire","Spicy Shops","StSLib","The Disciple","Waifu the Spire"],"gold_per_floor":[117,117,132,132,148,173,253,288,311,338,348,348,31,47,47,146,146,160,172,13,29,47,81,81,108,131,131,156,6,40,54,54,157,157,172,222,2,0,15,41,41,54,80,91,109,34,34,67,67,92],"floor_reached":51,"playtime":2094,"items_purged":[],"score":1275,"play_id":"0d17ccd7-80eb-40fc-8f2b-0c37b7ef4591","local_time":"20201216104652","is_ascension_mode":true,"campfire_choices":[{"data":"ReplayTheSpireMod:LeadingStrike","floor":12,"key":"SMITH"},{"data":"Uppercut","floor":15,"key":"SMITH"},{"data":"Feed","floor":24,"key":"SMITH"},{"data":"ReplayTheSpireMod:Muscle Training","floor":32,"key":"SMITH"},{"data":"HandOfGreed","floor":41,"key":"SMITH"},{"data":"expansioncontent:TimeRipple","floor":49,"key":"SMITH"},{"data":"Reaper","floor":49,"key":"SMITH"}],"circlet_count":0,"master_deck":["Strike_R","Strike_R","Strike_R","Strike_R","Strike_R","Defend_R","Defend_R+1","Defend_R+1","Defend_R","Bash","expansioncontent:TimeRipple+1","Berserk","Pummel","Anger","Twin Strike","Pommel Strike","Evolve+1","Rage","ReplayTheSpireMod:Corrosion Curse","ReplayTheSpireMod:LeadingStrike+1","Disarm","Barricade+1","Uppercut+1","Metallicize+1","Inflame+1","Feed+1","Rupture+1","Clothesline","Flex","Flex","Metallicize+1","Heavy Blade+1","ReplayTheSpireMod:Muscle Training+1","SwitchThreat","ReplayTheSpireMod:Muscle Training+1","Brutality+1","Clothesline+1","Reaper+1","Pummel+1","Entrench+1","HandOfGreed+1","Feel No Pain+1","Blood for Blood+1","Spot Weakness+1","Ghostly Armor+1","Pain","Parasite","Inflame+1","Run Through+1","Iron Wave+1","Corruption+1","Replay:SS_hec_1+1","Cleave+1","ReplayTheSpireMod:Stacked+1"],"relics":["Burning Blood","Membership Card","Dead Branch","Peace Pipe","Vajra","Incense Burner","Lee\u0027s Waffle","Durian","Strawberry","Frozen Egg 2","War Paint","Snack Pack","Juzu Bracelet","MealTicket","Replay:Mystery Machine","White Beast Statue","Sling","CaptainsWheel","Cursed Key","Magic Flower","Thread and Needle","Regal Pillow","Potion Belt","betterAltar:BloodRelic","Bloody Idol","Iron Hammer","Replay:Kaleidoscope","Toy Ornithopter","Ooze Armor","StoneCalendar","Ornamental Fan","Red Mask","Prayer Wheel","Blue Doll","Shuriken","Replay:Arrowhead"],"acts_visited":["Exordium","TheCity","TheBeyond"],"potions_floor_usage":[8,11,16,16,18,19,21,22,23,28,28,28,33,35,36,40,42,44,45,48,50,50],"damage_taken":[{"damage":0,"enemies":"2 Louse","floor":1,"turns":2},{"damage":1,"enemies":"Cultist","floor":3,"turns":3},{"damage":0,"enemies":"Jaw Worm","floor":5,"turns":2},{"damage":16,"enemies":"Gremlin Nob","floor":6,"turns":3},{"damage":28,"enemies":"Replay:BlueRogue","floor":8,"turns":4},{"damage":14,"enemies":"Gremlin Nob","floor":10,"turns":3},{"damage":0,"enemies":"Exordium Thugs","floor":11,"turns":2},{"damage":4,"enemies":"3 Louse","floor":14,"turns":2},{"damage":0,"enemies":"The Guardian","floor":16,"turns":6},{"damage":0,"enemies":"Chosen","floor":18,"turns":3},{"damage":17,"enemies":"2 Thieves","floor":19,"turns":3},{"damage":5,"enemies":"Centurion and Healer","floor":21,"turns":5},{"damage":14,"enemies":"Chosen and Byrds","floor":22,"turns":3},{"damage":8,"enemies":"Book of Stabbing","floor":23,"turns":5},{"damage":0,"enemies":"Replay:Snechameleon","floor":25,"turns":7},{"damage":3,"enemies":"Gremlin Leader","floor":28,"turns":5},{"damage":10,"enemies":"Replay:Snechameleon","floor":30,"turns":4},{"damage":1,"enemies":"Snecko","floor":31,"turns":5},{"damage":36,"enemies":"Automaton","floor":33,"turns":9},{"damage":15,"enemies":"3 Darklings","floor":35,"turns":3},{"damage":0,"enemies":"Mind Bloom Boss Battle","floor":36,"turns":5},{"damage":0,"enemies":"Orb Walker","floor":39,"turns":3},{"damage":0,"enemies":"Giant Head","floor":40,"turns":6},{"damage":0,"enemies":"Sphere and 2 Shapes","floor":42,"turns":3},{"damage":10,"enemies":"Writhing Mass","floor":44,"turns":3},{"damage":1,"enemies":"4 Shapes","floor":45,"turns":1},{"damage":0,"enemies":"R_Hoarder","floor":48,"turns":4},{"damage":25,"enemies":"Donu and Deca","floor":50,"turns":7}],"seed_played":"6255137589775210423","potions_obtained":[{"floor":5,"key":"PowerPotion"},{"floor":6,"key":"Languid Potion"},{"floor":8,"key":"GamblersBrew"},{"floor":11,"key":"Dexterity Potion"},{"floor":14,"key":"Block Potion"},{"floor":16,"key":"Swift Potion"},{"floor":18,"key":"SkillPotion"},{"floor":19,"key":"HeartOfIron"},{"floor":21,"key":"Toxic Potion"},{"floor":22,"key":"Fire Potion"},{"floor":23,"key":"SkillPotion"},{"floor":25,"key":"hexamod:EctoCoolerPotion"},{"floor":28,"key":"Languid Potion"},{"floor":30,"key":"Regen Potion"},{"floor":31,"key":"Fire Potion"},{"floor":33,"key":"Adrenaline Potion"},{"floor":35,"key":"Toxic Potion"},{"floor":36,"key":"sneckomod:MuddlingPotion"},{"floor":39,"key":"Energy Potion"},{"floor":40,"key":"Death Potion"},{"floor":42,"key":"PowerPotion"},{"floor":44,"key":"BloodPotion"},{"floor":45,"key":"FearPotion"},{"floor":48,"key":"Adrenaline Potion"}],"is_trial":false,"path_per_floor":["M","?","M","?","M","E","T","E","T","E","M","R","$","M","R","B",null,"M","M","$","M","M","E","R","E","T","?","E","$","E","M","R","B",null,"M","?","$","?","M","E","R","M","T","M","M","?","?","E","R","B",null],"character_chosen":"IRONCLAD","items_purchased":["Membership Card","Dead Branch","Peace Pipe","Vajra","Incense Burner","Lee\u0027s Waffle","expansioncontent:TimeRipple","Berserk","Pummel","White Beast Statue","Sling","CaptainsWheel","Metallicize+1","Magic Flower","Thread and Needle","Flex","Replay:Kaleidoscope","HandOfGreed","Ornamental Fan"],"campfire_rested":0,"item_purchase_floors":[0,0,0,0,0,0,0,0,0,13,13,13,13,20,20,20,29,37,37],"current_hp_per_floor":[99,99,99,99,99,89,89,67,67,59,65,65,80,84,84,98,99,99,93,102,102,100,102,102,102,102,46,66,81,91,102,102,94,100,102,102,102,102,102,102,102,102,102,106,106,106,106,106,106,106],"gold":92,"neow_bonus":"","is_daily":false,"chose_seed":false,"campfire_upgraded":7,"win_rate":0.0,"timestamp":1608112012,"path_taken":["M","?","?","?","?","E","?","E","T","E","M","R","?","M","R","BOSS","M","M","$","M","M","E","R","E","T","?","E","$","E","M","R","BOSS","M","?","$","?","M","E","R","M","T","M","M","?","?","E","R","BOSS"],"items_purchased_type":["Relic","Relic","Relic","Relic","Relic","Relic","Card","Card","Card","Relic","Relic","Relic","Card","Relic","Relic","Card","Relic","Card","Relic"],"build_version":"2020-12-13","purchased_purges":0,"victory":true,"max_hp_per_floor":[99,99,99,99,99,99,99,99,99,99,99,99,99,99,99,99,99,99,102,102,102,102,102,102,102,102,102,102,102,102,102,102,102,102,102,102,102,102,102,102,102,102,102,106,106,106,106,106,106,106],"relic_stats":{"Lee\u0027s Waffle":55,"Regal Pillow":0,"counters":[184,860],"Dead Branch":[57],"Magic Flower":[36],"StoneCalendar":[0],"Juzu Bracelet":1,"War Paint":["Defend_R","Defend_R"],"Cursed Key":2,"Burning Blood":959,"Peace Pipe":0,"Ornamental Fan":[44],"Shuriken":[4],"Bloody Idol":15,"MealTicket":39,"Prayer Wheel":3,"obtain_stats":[{"Golden Egg":34,"Sling":47,"Old Coin":24,"Blood Vial":22,"Replay:Ringing Soul":47,"Sundial":17,"MealTicket":26,"Replay:Bottled Flurry":49,"Kunai":10,"Replay:Wax Seal":0,"Electric Blood":17,"betterAltar:BloodRelic":27,"ReplayTheSpireMod:Ring of Addiction":36,"Replay:Ancient Bell":34,"Akabeko":31,"Ooze Armor":34,"Bird Faced Urn":9,"Mark of Pain":17,"Regal Pillow":24,"Lantern":34,"Torii":47,"Singing Bowl":0,"Magic Flower":0,"StoneCalendar":0,"Blue Doll":43,"King of Hearts":47,"Replay:Multitool":25,"Bag of Preparation":54,"Cursed Key":34,"Burning Blood":0,"Pet Ghost":44,"Replay:Rubber Ducky":34,"Shovel":34,"Toolbox":0,"Chemical X":21,"InkBottle":34,"Paper Frog":23,"Potion Belt":36,"Lee\u0027s Waffle":44,"Thread and Needle":20,"PreservedInsect":22,"Omamori":42,"Ring of Greed":10,"Frozen Egg 2":0,"MawBank":27,"Replay:Arrowhead":48,"Busted Crown":17,"Ornamental Fan":37,"Bloody Idol":22,"Ring of Misfortune":36,"betterThird:SlimedRelic":3,"Turnip":23,"Art of War":40,"Garlic":12,"Durian":0,"ReplayTheSpireMod:Lightbulb":27,"Toy Ornithopter":28,"Ice Cream":6,"Calipers":6,"Nilry\u0027s Codex":22,"CeramicFish":24,"Vajra":8,"Lizard Tail":42,"Centennial Puzzle":2,"HornCleat":52,"FaceOfCleric":13,"DollysMirror":44,"Strawberry":10,"Prayer Wheel":40,"Iron Hammer":9,"Toxic Egg 2":36,"Girya":23,"Happy Flower":14,"ReplayTheSpireMod:CursedCoin":19,"Dead Branch":17,"Oddly Smooth Stone":41,"Letter Opener":9,"Replay:Kaleidoscope":37,"War Paint":6,"WarpedTongs":29,"Bottled Flame":26,"Replay:Baseball":38,"ReplayTheSpireMod:Shallot":27,"Shuriken":34,"Bronze Scales":45,"Molten Egg 2":43,"Onion Ring":54,"Simple Rune":27,"ReplayTheSpireMod:TigerMarble":23,"Grinning Jar":6,"ReplayFunnel":14,"Replay:PocketPolymizer":34,"Mango":40,"Juzu Bracelet":19,"Incense Burner":0,"Replay:Mystery Machine":26,"ClockworkSouvenir":44,"Nunchaku":45,"Chameleon Ring":49,"Pantograph":0,"Red Mask":41,"Red Skull":17,"Gremlin Food":37,"BargainBundle":19,"ReplayTheSpireMod:Ninjato":48,"Quantum Egg":42,"Replay:WaspNest":3,"Odd Mushroom":12,"Orichalcum":43,"White Beast Statue":36,"Mercury Hourglass":43,"Calling Bell":17,"Peace Pipe":0,"Strange Spoon":44,"CaptainsWheel":0,"Anchor":38,"Pondfish Scales":0,"ChewingGum":17,"Another Sword":47,"Snack Pack":28,"Bag of Marbles":0,"Coffee Dripper":0,"Membership Card":24,"FossilizedHelix":12,"TungstenRod":7},{"Golden Egg":146,"Sling":102,"Old Coin":92,"Blood Vial":39,"Replay:Ringing Soul":102,"Sundial":11,"MealTicket":14,"Replay:Bottled Flurry":153,"Kunai":33,"Replay:Wax Seal":28,"Electric Blood":62,"betterAltar:BloodRelic":171,"ReplayTheSpireMod:Ring of Addiction":47,"Replay:Ancient Bell":46,"Akabeko":94,"Ooze Armor":175,"Bird Faced Urn":7,"Mark of Pain":37,"Regal Pillow":14,"Lantern":46,"Torii":77,"Singing Bowl":104,"Magic Flower":28,"StoneCalendar":55,"Blue Doll":180,"King of Hearts":102,"Replay:Multitool":117,"Bag of Preparation":155,"Cursed Key":19,"Burning Blood":0,"Pet Ghost":75,"Replay:Rubber Ducky":122,"Shovel":46,"Toolbox":28,"Chemical X":13,"InkBottle":122,"Paper Frog":40,"Potion Belt":47,"Lee\u0027s Waffle":75,"Thread and Needle":167,"PreservedInsect":140,"Omamori":100,"Ring of Greed":134,"Frozen Egg 2":156,"MawBank":92,"Replay:Arrowhead":183,"Busted Crown":112,"Ornamental Fan":177,"Bloody Idol":39,"Ring of Misfortune":47,"betterThird:SlimedRelic":105,"Turnip":141,"Art of War":49,"Garlic":136,"Durian":156,"ReplayTheSpireMod:Lightbulb":92,"Toy Ornithopter":92,"Ice Cream":83,"Calipers":32,"Nilry\u0027s Codex":13,"CeramicFish":66,"Vajra":7,"Lizard Tail":24,"Centennial Puzzle":105,"HornCleat":54,"FaceOfCleric":9,"DollysMirror":151,"Strawberry":85,"Prayer Wheel":23,"Iron Hammer":33,"Toxic Egg 2":20,"Girya":115,"Happy Flower":36,"ReplayTheSpireMod:CursedCoin":113,"Dead Branch":11,"Oddly Smooth Stone":75,"Letter Opener":60,"Replay:Kaleidoscope":73,"War Paint":160,"WarpedTongs":67,"Bottled Flame":41,"Replay:Baseball":97,"ReplayTheSpireMod:Shallot":67,"Shuriken":46,"Bronze Scales":127,"Molten Egg 2":24,"Onion Ring":55,"Simple Rune":118,"ReplayTheSpireMod:TigerMarble":66,"Grinning Jar":106,"ReplayFunnel":137,"Replay:PocketPolymizer":122,"Mango":99,"Juzu Bracelet":113,"Incense Burner":156,"Replay:Mystery Machine":66,"ClockworkSouvenir":75,"Nunchaku":51,"Chameleon Ring":53,"Pantograph":55,"Red Mask":23,"Red Skull":11,"Gremlin Food":47,"BargainBundle":89,"ReplayTheSpireMod:Ninjato":129,"Quantum Egg":50,"Replay:WaspNest":29,"Odd Mushroom":9,"Orichalcum":100,"White Beast Statue":47,"Mercury Hourglass":75,"Calling Bell":11,"Peace Pipe":156,"Strange Spoon":151,"CaptainsWheel":0,"Anchor":123,"Pondfish Scales":130,"ChewingGum":138,"Another Sword":102,"Snack Pack":92,"Bag of Marbles":104,"Coffee Dripper":130,"Membership Card":66,"FossilizedHelix":34,"TungstenRod":59},{"Golden Egg":696,"Sling":464,"Old Coin":431,"Blood Vial":183,"Replay:Ringing Soul":464,"Sundial":38,"MealTicket":52,"Replay:Bottled Flurry":727,"Kunai":146,"Replay:Wax Seal":125,"Electric Blood":319,"betterAltar:BloodRelic":802,"ReplayTheSpireMod:Ring of Addiction":228,"Replay:Ancient Bell":224,"Akabeko":436,"Ooze Armor":825,"Bird Faced Urn":28,"Mark of Pain":174,"Regal Pillow":52,"Lantern":224,"Torii":381,"Singing Bowl":473,"Magic Flower":125,"StoneCalendar":286,"Blue Doll":845,"King of Hearts":464,"Replay:Multitool":528,"Bag of Preparation":741,"Cursed Key":81,"Burning Blood":0,"Pet Ghost":375,"Replay:Rubber Ducky":565,"Shovel":224,"Toolbox":125,"Chemical X":46,"InkBottle":565,"Paper Frog":188,"Potion Belt":228,"Lee\u0027s Waffle":375,"Thread and Needle":782,"PreservedInsect":668,"Omamori":460,"Ring of Greed":637,"Frozen Egg 2":749,"MawBank":431,"Replay:Arrowhead":853,"Busted Crown":501,"Ornamental Fan":833,"Bloody Idol":183,"Ring of Misfortune":228,"betterThird:SlimedRelic":475,"Turnip":671,"Art of War":239,"Garlic":644,"Durian":749,"ReplayTheSpireMod:Lightbulb":431,"Toy Ornithopter":431,"Ice Cream":404,"Calipers":142,"Nilry\u0027s Codex":46,"CeramicFish":335,"Vajra":28,"Lizard Tail":102,"Centennial Puzzle":475,"HornCleat":280,"FaceOfCleric":32,"DollysMirror":718,"Strawberry":409,"Prayer Wheel":101,"Iron Hammer":146,"Toxic Egg 2":85,"Girya":519,"Happy Flower":161,"ReplayTheSpireMod:CursedCoin":506,"Dead Branch":38,"Oddly Smooth Stone":375,"Letter Opener":306,"Replay:Kaleidoscope":363,"War Paint":759,"WarpedTongs":338,"Bottled Flame":193,"Replay:Baseball":448,"ReplayTheSpireMod:Shallot":338,"Shuriken":224,"Bronze Scales":593,"Molten Egg 2":102,"Onion Ring":286,"Simple Rune":534,"ReplayTheSpireMod:TigerMarble":335,"Grinning Jar":479,"ReplayFunnel":648,"Replay:PocketPolymizer":565,"Mango":458,"Juzu Bracelet":506,"Incense Burner":749,"Replay:Mystery Machine":335,"ClockworkSouvenir":375,"Nunchaku":256,"Chameleon Ring":267,"Pantograph":286,"Red Mask":101,"Red Skull":38,"Gremlin Food":228,"BargainBundle":422,"ReplayTheSpireMod:Ninjato":608,"Quantum Egg":245,"Replay:WaspNest":129,"Odd Mushroom":32,"Orichalcum":460,"White Beast Statue":228,"Mercury Hourglass":375,"Calling Bell":38,"Peace Pipe":749,"Strange Spoon":718,"CaptainsWheel":0,"Anchor":570,"Pondfish Scales":625,"ChewingGum":659,"Another Sword":464,"Snack Pack":431,"Bag of Marbles":473,"Coffee Dripper":625,"Membership Card":335,"FossilizedHelix":150,"TungstenRod":303}],"Toy Ornithopter":82},"card_choices":[{"not_picked":["Wild Strike","Perfected Strike"],"picked":"Evolve+1","floor":1},{"not_picked":["Anger","Flex"],"picked":"Rage","floor":3},{"not_picked":["Flex","Cleave"],"picked":"ReplayTheSpireMod:Corrosion Curse","floor":5},{"not_picked":["Rage","True Grit"],"picked":"ReplayTheSpireMod:LeadingStrike","floor":6},{"not_picked":["Sever Soul","Thunderclap"],"picked":"Disarm","floor":8},{"not_picked":["Replay:Many Hands","Clash"],"picked":"Barricade+1","floor":10},{"not_picked":["ReplayTheSpireMod:Strike From Hell","Sword Boomerang"],"picked":"Uppercut","floor":11},{"not_picked":["Sever Soul","Wild Strike"],"picked":"Inflame+1","floor":14},{"not_picked":["Berserk+1","Bludgeon"],"picked":"Feed","floor":16},{"not_picked":["True Grit+1","Armaments"],"picked":"Rupture+1","floor":18},{"not_picked":["Warcry+1","Second Wind"],"picked":"Clothesline","floor":19},{"not_picked":["Warcry","Battle Trance"],"picked":"Flex","floor":21},{"not_picked":["Thunderclap","Feel No Pain+1"],"picked":"Metallicize+1","floor":22},{"not_picked":["Bludgeon","Flame Barrier"],"picked":"Heavy Blade+1","floor":23},{"not_picked":["Dropkick","Havoc+1"],"picked":"ReplayTheSpireMod:Muscle Training","floor":25},{"not_picked":["Run Through+1","Wild Strike+1"],"picked":"ReplayTheSpireMod:Muscle Training+1","floor":28},{"not_picked":["Dropkick","Run Through"],"picked":"Brutality+1","floor":30},{"not_picked":["Perfected Strike","Sword Boomerang"],"picked":"Clothesline+1","floor":31},{"not_picked":["Hemogenesis","Replay:Many Hands"],"picked":"Reaper","floor":33},{"not_picked":["Thunderclap","Uppercut"],"picked":"Pummel+1","floor":35},{"not_picked":["Shrug It Off","True Grit+1"],"picked":"Entrench+1","floor":36},{"not_picked":["Clash+1","Flex"],"picked":"Feel No Pain+1","floor":39},{"not_picked":["Shrug It Off+1","Perfected Strike"],"picked":"Blood for Blood+1","floor":40},{"not_picked":["Rage","Carnage"],"picked":"Spot Weakness+1","floor":42},{"not_picked":["Sword Boomerang","Clash"],"picked":"Ghostly Armor+1","floor":42},{"not_picked":["Replay:Undeath\u0027s Touch+1","Metallicize+1"],"picked":"Inflame+1","floor":44},{"not_picked":["Dual Wield+1","Wild Strike"],"picked":"Run Through+1","floor":44},{"not_picked":["Thunderclap","ReplayTheSpireMod:Muscle Training"],"picked":"Iron Wave+1","floor":45},{"not_picked":["Shrug It Off","Twin Strike+1"],"picked":"Corruption+1","floor":45},{"not_picked":["Replay:SS_fish_3+1","Finesse+1"],"picked":"Replay:SS_hec_1+1","floor":46},{"not_picked":["Perfected Strike+1","ReplayTheSpireMod:Strike From Hell+1"],"picked":"Cleave+1","floor":46},{"not_picked":["Intimidate","Sword Boomerang"],"picked":"ReplayTheSpireMod:Stacked+1","floor":48}],"player_experience":357824,"relics_obtained":[{"floor":6,"key":"War Paint"},{"floor":7,"key":"Snack Pack"},{"floor":8,"key":"Juzu Bracelet"},{"floor":9,"key":"MealTicket"},{"floor":10,"key":"Replay:Mystery Machine"},{"floor":23,"key":"Regal Pillow"},{"floor":25,"key":"Potion Belt"},{"floor":26,"key":"Blood Vial"},{"floor":28,"key":"Iron Hammer"},{"floor":30,"key":"Toy Ornithopter"},{"floor":36,"key":"StoneCalendar"},{"floor":40,"key":"Prayer Wheel"},{"floor":43,"key":"Blue Doll"},{"floor":48,"key":"Replay:Arrowhead"}],"event_choices":[{"cards_removed":["Doubt"],"damage_healed":0,"gold_gain":0,"player_choice":"Purged","damage_taken":0,"max_hp_gain":0,"max_hp_loss":0,"event_name":"Purifier","floor":2,"gold_loss":0},{"damage_healed":0,"gold_gain":0,"player_choice":"Bought 0 Potions","damage_taken":0,"max_hp_gain":0,"max_hp_loss":0,"event_name":"The Woman in Blue","floor":4,"gold_loss":0},{"damage_healed":0,"gold_gain":0,"player_choice":" RottenVial Idol ","damage_taken":56,"relics_obtained":["betterAltar:BloodRelic","Bloody Idol"],"max_hp_gain":102,"max_hp_loss":46,"event_name":"betterAltar:BetterAltar","floor":27,"potions_obtained":[],"relics_lost":["Blood Vial"],"gold_loss":0},{"damage_healed":0,"gold_gain":0,"player_choice":"Fight","damage_taken":0,"max_hp_gain":0,"max_hp_loss":0,"event_name":"MindBloom","floor":36,"gold_loss":0},{"damage_healed":0,"gold_gain":0,"player_choice":"Paid","damage_taken":0,"relics_obtained":["Red Mask"],"max_hp_gain":0,"max_hp_loss":0,"event_name":"Tomb of Lord Red Mask","floor":38,"gold_loss":2},{"damage_healed":0,"gold_gain":0,"player_choice":"2","damage_taken":0,"max_hp_gain":0,"max_hp_loss":0,"event_name":"betterMatch:BetterMatch","floor":46,"gold_loss":0,"cards_obtained":["betterMatch:ColorlessUncommonCard","betterMatch:CommonCard"]},{"damage_healed":0,"gold_gain":0,"player_choice":"Gave Potion","damage_taken":0,"relics_obtained":["Shuriken"],"max_hp_gain":0,"max_hp_loss":0,"event_name":"WeMeetAgain","floor":47,"gold_loss":0}],"is_beta":false,"boss_relics":[{"not_picked":["Astrolabe","Runic Pyramid"],"picked":"Cursed Key"},{"not_picked":["Empty Cage","Runic Cube"],"picked":"Ooze Armor"}],"items_purged_floors":[],"is_endless":false,"potions_floor_spawned":[5,6,8,11,14,16,18,19,21,22,23,25,28,30,31,33,35,36,39,40,42,44,45,48],"ascension_level":5}}