{"host":"z9grmtg2w0nmz8n1","time":1608078542,"event":{"mods":["Aspiration","Bard","BaseMod","Beaked The Cultist","Better Altar","Better Match","Better Third Choice","BetterRewards","CCEM","Colored Map","Conspire","GifTheSpireLib","Googly Eyes","Highlight Path","Hubris","Infinite Spire","Jedi Mod","Jorbs\u0027s Wanderer Trilogy","Minty Spire (QoL Compilation)","Permanent Neow","Replay The Spire","Spicy Shops","StSLib","Stuff the Spire","The Bug Knight"],"gold_per_floor":[117,67,67,16,29,55,73,85,111,143,15,30,55,55,55,156,156,173,173,206,218,118,118,118],"floor_reached":23,"playtime":1331,"items_purged":["Eruption","Strike_P"],"score":246,"play_id":"9cbc253d-5b65-4c84-ba68-db4a74162472","local_time":"20201215222902","is_ascension_mode":true,"campfire_choices":[{"floor":15,"key":"REST"}],"circlet_count":0,"master_deck":["Strike_P","Strike_P","Defend_P","Defend_P","Defend_P","Vigilance","JustLucky","PathToVictory+1","BowlingBash","PathToVictory","Weave","InnerPeace","Consecrate"],"relics":["PureWater","NeowsBlessing","infinitespire:Beetle Shell","Art of War","jedi:cryingmask","Black Star","Red Mask"],"acts_visited":["Exordium","TheCity"],"potions_floor_usage":[7,10,13,16,23],"damage_taken":[{"damage":0,"enemies":"Jaw Worm","floor":1,"turns":1},{"damage":0,"enemies":"Small Slimes","floor":5,"turns":1},{"damage":0,"enemies":"3 Sentries","floor":6,"turns":1},{"damage":0,"enemies":"Cultist","floor":7,"turns":2},{"damage":0,"enemies":"Looter","floor":8,"turns":2},{"damage":33,"enemies":"Lagavulin","floor":10,"turns":5},{"damage":0,"enemies":"3 Louse","floor":12,"turns":2},{"damage":18,"enemies":"3 Sentries","floor":13,"turns":7},{"damage":30,"enemies":"Hexaghost","floor":16,"turns":7},{"damage":18,"enemies":"Shell Parasite","floor":18,"turns":6},{"damage":28,"enemies":"Masked Bandits","floor":20,"turns":4},{"damage":14,"enemies":"Spheric Guardian","floor":21,"turns":4},{"damage":14,"enemies":"Gremlin Leader","floor":23,"turns":2}],"seed_played":"7620453589435356717","potions_obtained":[{"floor":1,"key":"jedi:StrikingPotion"},{"floor":3,"key":"Elixir"},{"floor":3,"key":"Energy Potion"},{"floor":12,"key":"DuplicationPotion"},{"floor":13,"key":"EssenceOfSteel"},{"floor":21,"key":"Languid Potion"}],"is_trial":false,"path_per_floor":["M","?","?","$","M","E","M","M","T","E","$","M","E","?","R","B",null,"M","?","?","M","$","E"],"character_chosen":"WATCHER","items_purchased":["PathToVictory+1","Consecrate"],"campfire_rested":1,"item_purchase_floors":[4,11],"current_hp_per_floor":[72,72,72,72,72,72,72,72,72,39,39,39,21,21,42,12,72,54,54,26,12,12,0,0],"gold":118,"neow_bonus":"THREE_ENEMY_KILL","is_daily":false,"chose_seed":false,"campfire_upgraded":0,"win_rate":0.0,"timestamp":1608078542,"path_taken":["M","?","?","$","M","E","M","M","T","E","$","?","E","?","R","BOSS","M","?","?","M","$","E"],"items_purchased_type":["Card","Card"],"build_version":"2020-12-13","purchased_purges":2,"victory":false,"max_hp_per_floor":[72,72,72,72,72,72,72,72,72,72,72,72,72,72,72,72,72,72,72,72,72,72,72,72],"card_choices":[{"not_picked":["Evaluate","Adaptation"],"picked":"JustLucky","floor":1},{"not_picked":["MasterReality","Evaluate"],"picked":"BowlingBash","floor":5},{"not_picked":["Conclude","Ragnarok"],"picked":"PathToVictory","floor":6},{"not_picked":["EmptyBody","CrushJoints"],"picked":"Weave","floor":7},{"not_picked":["FlurryOfBlows","CrushJoints","Replay:Hum"],"picked":"SKIP","floor":8},{"not_picked":["Protect","Replay:AtTheReady"],"picked":"InnerPeace","floor":10},{"not_picked":["Meditate","Replay:AtTheReady","SashWhip"],"picked":"SKIP","floor":12},{"not_picked":["WindmillStrike","TalkToTheHand","FlyingSleeves"],"picked":"SKIP","floor":13},{"not_picked":["BowlingBash","EmptyFist+1","Meditate+1"],"picked":"SKIP","floor":18},{"not_picked":["Sanctity","WheelKick","CrushJoints"],"picked":"SKIP","floor":21}],"player_experience":559549,"relics_obtained":[{"floor":6,"key":"infinitespire:Beetle Shell"},{"floor":10,"key":"Art of War"},{"floor":13,"key":"jedi:cryingmask"},{"floor":20,"key":"Red Mask"}],"event_choices":[{"cards_removed":["Defend_P"],"damage_healed":0,"gold_gain":0,"player_choice":"Card Removal","damage_taken":0,"max_hp_gain":0,"max_hp_loss":0,"event_name":"The Cleric","floor":2,"gold_loss":50},{"damage_healed":0,"gold_gain":0,"player_choice":"Got Potions","damage_taken":0,"max_hp_gain":0,"max_hp_loss":0,"event_name":"Lab","floor":3,"gold_loss":0},{"cards_removed":["Strike_P"],"damage_healed":0,"gold_gain":0,"player_choice":"Forget","damage_taken":0,"max_hp_gain":0,"max_hp_loss":0,"event_name":"Living Wall","floor":14,"gold_loss":0},{"damage_healed":0,"gold_gain":0,"player_choice":"Fought Bandits","damage_taken":0,"max_hp_gain":0,"max_hp_loss":0,"event_name":"Masked Bandits","floor":20,"gold_loss":0}],"is_beta":false,"boss_relics":[{"not_picked":["CCEMRelics:TransientCore","hubris:TerracottaHorce"],"picked":"Black Star"}],"items_purged_floors":[11,22],"is_endless":false,"potions_floor_spawned":[1,5,6,12,13,21],"killed_by":"Gremlin Leader","ascension_level":1}}