{"host":"8aazbu429xvxw5ti","time":1608132230,"event":{"mods":["2.2 Compatiblity","BaseMod","Colored Map","DeckTracker","Highlight Path","Keyboard Shortcuts","Minty Spire (QoL Compilation)","Permanent Neow","Quick Restart","StSLib","SuperFastMode","everything is the same but u backflip on backflip"],"gold_per_floor":[362,375,385,69,89,89,107,107,133,133,148,174,193,203,203,300,300,316,329,346,357,371,371,371,371,444,444,213,213,213,213,213,309,309,319,329,18,18,36,36,136,164,164,179,79,91,0,17,17,17],"floor_reached":51,"playtime":2943,"items_purged":["Strike_R","Strike_R"],"score":946,"play_id":"ae552f44-5a64-4de2-99db-c66c5b7679e5","local_time":"20201217002350","is_ascension_mode":true,"campfire_choices":[{"data":"Offering","floor":6.0,"key":"SMITH"},{"data":"Perfected Strike","floor":8.0,"key":"SMITH"},{"data":"Perfected Strike","floor":15.0,"key":"SMITH"},{"data":"Dual Wield","floor":23.0,"key":"SMITH"},{"data":"Evolve","floor":25.0,"key":"SMITH"},{"floor":32.0,"key":"REST"},{"data":"Double Tap","floor":40.0,"key":"SMITH"},{"floor":49.0,"key":"REST"}],"circlet_count":0,"master_deck":["Strike_R","Strike_R","Defend_R+1","Defend_R","Defend_R","Bash","Perfected Strike+1","Offering+1","Master of Strategy+1","Perfected Strike+1","Dual Wield+1","Double Tap+1","Battle Trance","Twin Strike+1","Evolve+1","Pommel Strike+1","Necronomicurse","Immolate","Headbutt","Impervious","Madness","Madness","Wild Strike+1","Whirlwind","Battle Trance","Pommel Strike+1"],"relics":["Burning Blood","Blood Vial","Vajra","PreservedInsect","MealTicket","Runic Cube","Self Forming Clay","Pen Nib","Necronomicon","Empty Cage","Lee\u0027s Waffle","War Paint","Red Mask"],"acts_visited":["Exordium","TheCity","TheBeyond"],"potions_floor_usage":[50,50],"damage_taken":[{"damage":1.0,"enemies":"Cultist","floor":1.0,"turns":4.0},{"damage":7.0,"enemies":"2 Louse","floor":2.0,"turns":2.0},{"damage":7.0,"enemies":"Small Slimes","floor":3.0,"turns":3.0},{"damage":6.0,"enemies":"2 Fungi Beasts","floor":5.0,"turns":3.0},{"damage":7.0,"enemies":"3 Louse","floor":7.0,"turns":4.0},{"damage":10.0,"enemies":"Exordium Thugs","floor":11.0,"turns":5.0},{"damage":6.0,"enemies":"Gremlin Nob","floor":12.0,"turns":2.0},{"damage":6.0,"enemies":"Large Slime","floor":13.0,"turns":3.0},{"damage":11.0,"enemies":"Gremlin Gang","floor":14.0,"turns":3.0},{"damage":66.0,"enemies":"The Guardian","floor":16.0,"turns":8.0},{"damage":6.0,"enemies":"Spheric Guardian","floor":18.0,"turns":2.0},{"damage":12.0,"enemies":"Chosen","floor":19.0,"turns":3.0},{"damage":10.0,"enemies":"Snecko","floor":20.0,"turns":3.0},{"damage":18.0,"enemies":"Shelled Parasite and Fungi","floor":21.0,"turns":2.0},{"damage":18.0,"enemies":"Chosen and Byrds","floor":22.0,"turns":3.0},{"damage":25.0,"enemies":"Automaton","floor":33.0,"turns":4.0},{"damage":28.0,"enemies":"3 Darklings","floor":35.0,"turns":3.0},{"damage":6.0,"enemies":"Orb Walker","floor":36.0,"turns":1.0},{"damage":42.0,"enemies":"Writhing Mass","floor":39.0,"turns":5.0},{"damage":19.0,"enemies":"Reptomancer","floor":42.0,"turns":2.0},{"damage":6.0,"enemies":"4 Shapes","floor":44.0,"turns":2.0},{"damage":25.0,"enemies":"Maw","floor":46.0,"turns":4.0},{"damage":11.0,"enemies":"Spire Growth","floor":48.0,"turns":3.0},{"damage":49,"enemies":"Donu and Deca","floor":50,"turns":4}],"seed_played":"2143037188396015052","potions_obtained":[{"floor":1.0,"key":"LiquidBronze"},{"floor":3.0,"key":"BloodPotion"},{"floor":11.0,"key":"Block Potion"},{"floor":14.0,"key":"SneckoOil"},{"floor":19.0,"key":"SpeedPotion"},{"floor":20.0,"key":"SteroidPotion"},{"floor":31.0,"key":"Energy Potion"},{"floor":39.0,"key":"DuplicationPotion"},{"floor":42.0,"key":"GamblersBrew"},{"floor":44.0,"key":"Weak Potion"},{"floor":48.0,"key":"Energy Potion"}],"is_trial":false,"path_per_floor":["M","M","M","$","M","R","M","R","T","T","M","E","M","M","R","B",null,"M","M","M","M","M","R","?","R","T","?","$","?","?","?","R","B",null,"M","M","$","?","M","R","?","E","T","M","$","M","?","M","R","B",null],"character_chosen":"IRONCLAD","items_purchased":["Master of Strategy","Blood Vial","Pen Nib","Impervious","Lee\u0027s Waffle"],"campfire_rested":2,"item_purchase_floors":[4,4,28,37,37],"current_hp_per_floor":[56,55,54,54,56,56,57,57,57,57,55,73,75,72,72,14,64,66,62,60,50,40,40,40,40,40,40,55,39,24,24,49,32,72,52,54,92,80,46,46,46,35,35,37,52,35,35,32,59,18],"gold":17,"neow_bonus":"TWO_FIFTY_GOLD","is_daily":false,"chose_seed":false,"campfire_upgraded":6,"win_rate":0.0,"timestamp":1608132230,"path_taken":["M","M","M","$","M","R","M","R","T","?","M","E","M","M","R","BOSS","M","M","M","M","M","R","?","R","T","?","$","?","?","?","R","BOSS","M","M","$","?","M","R","?","E","T","?","$","M","?","M","R","BOSS"],"items_purchased_type":["Card","Relic","Relic","Card","Relic"],"build_version":"2020-12-13","purchased_purges":2,"victory":true,"max_hp_per_floor":[80,80,80,80,80,80,80,80,80,80,80,80,80,80,80,80,80,80,80,80,80,80,80,80,80,80,80,80,80,85,85,85,85,85,85,85,92,92,92,92,92,92,92,92,92,92,92,92,92,92],"card_choices":[{"not_picked":["Searing Blow","Pommel Strike"],"picked":"Perfected Strike","floor":1.0},{"not_picked":["Havoc","Fire Breathing","Anger"],"picked":"SKIP","floor":2.0},{"not_picked":["Burning Pact","Body Slam"],"picked":"Offering","floor":3.0},{"not_picked":["Shockwave","Clash","Searing Blow"],"picked":"SKIP","floor":5.0},{"not_picked":["Entrench","Spot Weakness","Intimidate"],"picked":"SKIP","floor":7.0},{"not_picked":["Evolve","Whirlwind"],"picked":"Perfected Strike","floor":11.0},{"not_picked":["Entrench","Flex","Body Slam"],"picked":"SKIP","floor":12.0},{"not_picked":["Havoc","Body Slam","Entrench"],"picked":"SKIP","floor":13.0},{"not_picked":["Metallicize","Warcry"],"picked":"Dual Wield","floor":14.0},{"not_picked":["Immolate","Limit Break"],"picked":"Double Tap","floor":16.0},{"not_picked":["Heavy Blade","Rupture+1","Fire Breathing"],"picked":"SKIP","floor":18.0},{"not_picked":["True Grit","Hemokinesis"],"picked":"Battle Trance","floor":19.0},{"not_picked":["Havoc","Combust"],"picked":"Twin Strike+1","floor":20.0},{"not_picked":["Headbutt","Sword Boomerang"],"picked":"Evolve","floor":21.0},{"not_picked":["Rampage","True Grit"],"picked":"Pommel Strike+1","floor":22.0},{"not_picked":["Juggernaut","Corruption"],"picked":"Immolate","floor":33.0},{"not_picked":["Warcry","Cleave"],"picked":"Headbutt","floor":35.0},{"not_picked":["Iron Wave+1","Rampage+1","True Grit+1"],"picked":"SKIP","floor":36.0},{"not_picked":["Spot Weakness","Disarm"],"picked":"Wild Strike+1","floor":39.0},{"not_picked":["Evolve+1","Body Slam"],"picked":"Whirlwind","floor":42.0},{"not_picked":["Feel No Pain","Ghostly Armor+1","Cleave"],"picked":"SKIP","floor":44.0},{"not_picked":["Sword Boomerang","Thunderclap+1"],"picked":"Battle Trance","floor":46.0},{"not_picked":["Sentinel+1","Flex"],"picked":"Pommel Strike+1","floor":48.0}],"player_experience":424260,"relics_obtained":[{"floor":9.0,"key":"Vajra"},{"floor":10.0,"key":"PreservedInsect"},{"floor":12.0,"key":"MealTicket"},{"floor":26.0,"key":"Self Forming Clay"},{"floor":29.0,"key":"Necronomicon"},{"floor":42.0,"key":"War Paint"}],"event_choices":[{"damage_healed":0.0,"max_hp_gain":0.0,"max_hp_loss":0.0,"gold_gain":0.0,"event_name":"Ghosts","player_choice":"Ignored","floor":24.0,"gold_loss":0.0,"damage_taken":0.0},{"damage_healed":0.0,"max_hp_gain":0.0,"max_hp_loss":0.0,"gold_gain":0.0,"event_name":"Vampires","player_choice":"Ignored","floor":27.0,"gold_loss":0.0,"damage_taken":0.0},{"damage_healed":0.0,"max_hp_gain":0.0,"max_hp_loss":0.0,"gold_gain":0.0,"event_name":"Cursed Tome","player_choice":"Obtained Book","floor":29.0,"gold_loss":0.0,"damage_taken":16.0},{"damage_healed":0.0,"max_hp_gain":5.0,"max_hp_loss":0.0,"gold_gain":0.0,"event_name":"Forgotten Altar","player_choice":"Shed Blood","floor":30.0,"gold_loss":0.0,"damage_taken":20.0},{"damage_healed":0.0,"max_hp_gain":0.0,"max_hp_loss":0.0,"gold_gain":0.0,"event_name":"Lab","player_choice":"Got Potions","floor":31.0,"gold_loss":0.0,"damage_taken":0.0},{"damage_healed":0.0,"max_hp_gain":0.0,"max_hp_loss":0.0,"gold_gain":0.0,"event_name":"Winding Halls","player_choice":"Embrace Madness","floor":38.0,"gold_loss":0.0,"damage_taken":12.0,"cards_obtained":["Madness","Madness"]},{"damage_healed":0.0,"max_hp_gain":0.0,"max_hp_loss":0.0,"gold_gain":100.0,"event_name":"Golden Shrine","player_choice":"Pray","floor":41.0,"gold_loss":0.0,"damage_taken":0.0},{"damage_healed":0.0,"max_hp_gain":0.0,"max_hp_loss":0.0,"gold_gain":0.0,"event_name":"Tomb of Lord Red Mask","player_choice":"Paid","floor":47.0,"gold_loss":91.0,"damage_taken":0.0,"relics_obtained":["Red Mask"]}],"is_beta":false,"boss_relics":[{"not_picked":["Ectoplasm","Philosopher\u0027s Stone"],"picked":"Runic Cube"},{"not_picked":["Calling Bell","Cursed Key"],"picked":"Empty Cage"}],"items_purged_floors":[28,45],"is_endless":false,"potions_floor_spawned":[1,3,11,14,19,20,21,39,42,44,48],"ascension_level":8}}