{"host":"utqe55yv0jihe4d6","time":1608094505,"event":{"mods":["2.2 Compatiblity","AchievementEnabler","BaseMod","Block Reminder","Colored Map","Colored Powertips","Minty Spire (QoL Compilation)","Quick Restart","Rare Cards Sparkle","Relic Stats","SuperFastMode"],"gold_per_floor":[211,221,221,32,32,32,48,48,75,88,117,129,129,158,158,229,229,241,35,35,50,77,77,104,104,104],"floor_reached":25,"playtime":680,"items_purged":[],"score":458,"play_id":"2382d577-e4c3-462d-97a8-e5ec96ef831c","local_time":"20201215235505","is_ascension_mode":true,"campfire_choices":[{"data":"Cold Snap","floor":6.0,"key":"SMITH"},{"data":"Undo","floor":8.0,"key":"SMITH"},{"floor":13.0,"key":"REST"},{"data":"Doom and Gloom","floor":15.0,"key":"SMITH"},{"floor":23,"key":"REST"}],"circlet_count":0,"master_deck":["AscendersBane","Strike_B","Strike_B","Strike_B","Strike_B+1","Defend_B","Defend_B","Defend_B","Defend_B","Zap","Dualcast","Ball Lightning+1","Cold Snap+1","Undo+1","Seek","Storm","Doom and Gloom+1","Machine Learning","Coolheaded","Capacitor","Regret","FTL+1"],"relics":["Cracked Core","OrangePellets","Art of War","Anchor","Akabeko","Centennial Puzzle","Cursed Key","Membership Card","Whetstone"],"acts_visited":["Exordium","TheCity"],"potions_floor_usage":[24,25,25],"damage_taken":[{"damage":4.0,"enemies":"Jaw Worm","floor":1.0,"turns":5.0},{"damage":2.0,"enemies":"Cultist","floor":2.0,"turns":4.0},{"damage":10.0,"enemies":"Small Slimes","floor":7.0,"turns":2.0},{"damage":9.0,"enemies":"Exordium Thugs","floor":10.0,"turns":4.0},{"damage":2.0,"enemies":"3 Sentries","floor":11.0,"turns":8.0},{"damage":0.0,"enemies":"2 Fungi Beasts","floor":12.0,"turns":3.0},{"damage":15.0,"enemies":"Lagavulin","floor":14.0,"turns":7.0},{"damage":13.0,"enemies":"The Guardian","floor":16.0,"turns":10.0},{"damage":12.0,"enemies":"2 Thieves","floor":18.0,"turns":3.0},{"damage":26,"enemies":"Shell Parasite","floor":21,"turns":6},{"damage":50,"enemies":"Slavers","floor":24,"turns":5},{"damage":8,"enemies":"Snecko","floor":25,"turns":4}],"seed_played":"-6828041811249559001","potions_obtained":[{"floor":1.0,"key":"Regen Potion"},{"floor":7.0,"key":"DistilledChaos"},{"floor":14.0,"key":"Dexterity Potion"},{"floor":24,"key":"Swift Potion"}],"is_trial":false,"path_per_floor":["M","M","?","$","T","R","M","R","T","M","E","M","R","E","R","B",null,"M","$","?","M","T","R","E","M"],"character_chosen":"DEFECT","items_purchased":["OrangePellets","Cold Snap","Membership Card","Capacitor"],"campfire_rested":2,"item_purchase_floors":[4,4,19,19],"current_hp_per_floor":[60,58,58,58,58,58,48,48,48,39,37,37,58,43,43,30,61,49,49,49,23,23,44,8,0,0],"gold":104,"neow_bonus":"HUNDRED_GOLD","is_daily":false,"chose_seed":false,"campfire_upgraded":3,"win_rate":0.0,"timestamp":1608094505,"path_taken":["M","M","?","$","?","R","M","R","T","?","E","M","R","E","R","BOSS","M","$","?","M","?","R","E","M"],"items_purchased_type":["Relic","Card","Relic","Card"],"build_version":"2020-12-13","purchased_purges":0,"victory":false,"max_hp_per_floor":[71,71,71,71,71,71,71,71,71,71,71,71,71,71,71,71,71,71,71,71,71,71,71,71,71,71],"relic_stats":{"OrangePellets":[5],"Centennial Puzzle":[15],"counters":[12,61],"Art of War":[7],"Whetstone":["FTL","Strike_B"],"Cursed Key":1,"obtain_stats":[{"OrangePellets":4,"Anchor":9,"Centennial Puzzle":14,"Art of War":5,"Membership Card":19,"Whetstone":24,"Cracked Core":0,"Cursed Key":17,"Akabeko":11},{"OrangePellets":2,"Anchor":3,"Centennial Puzzle":7,"Art of War":2,"Membership Card":9,"Whetstone":11,"Cracked Core":0,"Cursed Key":8,"Akabeko":5},{"OrangePellets":9,"Anchor":11,"Centennial Puzzle":33,"Art of War":9,"Membership Card":46,"Whetstone":57,"Cracked Core":0,"Cursed Key":43,"Akabeko":23}]},"card_choices":[{"not_picked":["Force Field","Compile Driver"],"picked":"Ball Lightning","floor":1.0},{"not_picked":["Stack","Gash","Skim"],"picked":"SKIP","floor":2.0},{"not_picked":["Double Energy","Steam"],"picked":"Undo","floor":7.0},{"not_picked":["Hello World","Redo","Leap"],"picked":"SKIP","floor":10.0},{"not_picked":["Hello World","Redo","Leap"],"picked":"SKIP","floor":10.0},{"not_picked":["Ball Lightning","Redo"],"picked":"Seek","floor":11.0},{"not_picked":["Stack","Redo"],"picked":"Storm","floor":12.0},{"not_picked":["Force Field","Ball Lightning"],"picked":"Doom and Gloom","floor":14.0},{"not_picked":["Amplify","Core Surge"],"picked":"Machine Learning","floor":16.0},{"not_picked":["Steam","Go for the Eyes"],"picked":"Coolheaded","floor":18.0},{"not_picked":["Compile Driver","Streamline","Go for the Eyes"],"picked":"SKIP","floor":21},{"not_picked":["Rebound","Cold Snap"],"picked":"FTL","floor":24}],"player_experience":2766734,"relics_obtained":[{"floor":5.0,"key":"Art of War"},{"floor":9.0,"key":"Anchor"},{"floor":11.0,"key":"Akabeko"},{"floor":14.0,"key":"Centennial Puzzle"},{"floor":24,"key":"Whetstone"}],"event_choices":[{"damage_healed":0.0,"max_hp_gain":0.0,"max_hp_loss":0.0,"gold_gain":0.0,"event_name":"Upgrade Shrine","player_choice":"Upgraded","floor":3.0,"gold_loss":0.0,"damage_taken":0.0,"cards_upgraded":["Ball Lightning"]},{"damage_healed":0,"gold_gain":0,"player_choice":"Ignored","damage_taken":0,"max_hp_gain":0,"max_hp_loss":0,"event_name":"The Mausoleum","floor":20,"gold_loss":0}],"is_beta":false,"boss_relics":[{"not_picked":["Busted Crown","Snecko Eye"],"picked":"Cursed Key"}],"items_purged_floors":[],"is_endless":false,"potions_floor_spawned":[1,7,14,21,24],"killed_by":"Snecko","ascension_level":20}}