{"host":"q5vpntglr38zhb0c","time":1608114160,"event":{"mods":["BaseMod","Colored Map","DeckTracker","Keyboard Shortcuts","Minty Spire (QoL Compilation)","Permanent Neow","StSLib","SuperFastMode","everything is the same but u backflip on backflip"],"gold_per_floor":[118,43,43,54,54,79,91,91,146,173,173,185,185,185,185,266,266,279,291,306,34,49,49,61,61,88,130,130,80,80,111,111,195,195,212,39,39,60,10,45,45,79,106,106,148,148,189,205,205,205,205,205,205,49,49,49],"floor_reached":55,"playtime":2497,"items_purged":["Strike_R","Strike_R","Strike_R","Strike_R"],"score":2058,"play_id":"5c4bc092-e05a-43a9-9e84-bd3da628161e","local_time":"20201216192240","is_ascension_mode":true,"campfire_choices":[{"data":"Demon Form","floor":8,"key":"SMITH"},{"data":"Pommel Strike","floor":11,"key":"SMITH"},{"data":"Dark Embrace","floor":13,"key":"SMITH"},{"data":"Fire Breathing","floor":15,"key":"SMITH"},{"data":"Sword Boomerang","floor":23,"key":"SMITH"},{"data":"Immolate","floor":25,"key":"SMITH"},{"data":"Shrug It Off","floor":32,"key":"SMITH"},{"data":"Demon Form","floor":41,"key":"SMITH"},{"floor":44,"key":"REST"},{"floor":49,"key":"RECALL"},{"data":"Shrug It Off","floor":53,"key":"SMITH"}],"circlet_count":0,"master_deck":["AscendersBane","Defend_R","Defend_R","Defend_R","Defend_R","Bash","Pommel Strike+1","Dark Embrace+1","Demon Form+1","Hemokinesis","Fire Breathing+1","Shrug It Off+1","Immolate+1","Sword Boomerang+1","Barricade","Demon Form+1","Shockwave","Power Through+1","Reaper","Shrug It Off+1","Feel No Pain"],"relics":["Burning Blood","NeowsBlessing","Smiling Mask","Bag of Preparation","CeramicFish","Snecko Eye","Lee\u0027s Waffle","Bronze Scales","Strawberry","Happy Flower","SacredBark","Medical Kit","WingedGreaves","Anchor","Oddly Smooth Stone","Paper Frog","Red Skull"],"acts_visited":["Exordium","TheCity","TheBeyond","TheEnding"],"potions_floor_usage":[16,20,27,33,40,45,51],"damage_taken":[{"damage":0,"enemies":"Cultist","floor":1,"turns":1},{"damage":0,"enemies":"2 Louse","floor":4,"turns":1},{"damage":0,"enemies":"3 Sentries","floor":6,"turns":2},{"damage":6,"enemies":"Jaw Worm","floor":7,"turns":3},{"damage":36,"enemies":"Gremlin Nob","floor":10,"turns":4},{"damage":13,"enemies":"2 Fungi Beasts","floor":12,"turns":3},{"damage":37,"enemies":"Slime Boss","floor":16,"turns":7},{"damage":18,"enemies":"Chosen","floor":18,"turns":4},{"damage":41,"enemies":"3 Byrds","floor":19,"turns":4},{"damage":2,"enemies":"Snecko","floor":20,"turns":3},{"damage":35,"enemies":"Centurion and Healer","floor":22,"turns":6},{"damage":2,"enemies":"Chosen and Byrds","floor":24,"turns":3},{"damage":5,"enemies":"Slavers","floor":27,"turns":3},{"damage":30,"enemies":"Book of Stabbing","floor":31,"turns":3},{"damage":47,"enemies":"Automaton","floor":33,"turns":7},{"damage":0,"enemies":"3 Darklings","floor":35,"turns":3},{"damage":0,"enemies":"3 Shapes","floor":38,"turns":5},{"damage":37,"enemies":"Reptomancer","floor":40,"turns":5},{"damage":51,"enemies":"Nemesis","floor":42,"turns":5},{"damage":9,"enemies":"Reptomancer","floor":45,"turns":5},{"damage":11,"enemies":"Giant Head","floor":47,"turns":6},{"damage":2,"enemies":"3 Darklings","floor":48,"turns":3},{"damage":75,"enemies":"Donu and Deca","floor":50,"turns":6},{"damage":30,"enemies":"Awakened One","floor":51,"turns":7},{"damage":87,"enemies":"Shield and Spear","floor":55,"turns":3}],"seed_played":"-9093275577422106829","potions_obtained":[{"floor":6,"key":"Regen Potion"},{"floor":12,"key":"Swift Potion"},{"floor":16,"key":"BlessingOfTheForge"},{"floor":19,"key":"SkillPotion"},{"floor":22,"key":"Fruit Juice"},{"floor":27,"key":"BloodPotion"},{"floor":33,"key":"LiquidMemories"},{"floor":40,"key":"ColorlessPotion"},{"floor":42,"key":"DistilledChaos"}],"is_trial":false,"path_per_floor":["M","$","?","M","?","E","M","R","T","E","R","M","R","?","R","B",null,"M","M","M","$","M","R","M","R","T","E","?","$","?","E","R","B",null,"M","$","?","M","$","E","R","E","T","R","E","?","E","M","R","B","B",null,"R","$","E"],"character_chosen":"IRONCLAD","items_purchased":["Lee\u0027s Waffle","Sword Boomerang","Medical Kit","Feel No Pain","ElixirPotion"],"campfire_rested":1,"item_purchase_floors":[21,21,36,54,54],"current_hp_per_floor":[74,74,74,75,75,75,75,75,75,45,45,38,38,38,38,22,62,50,15,19,82,53,53,57,57,57,70,70,70,70,46,46,23,76,82,82,82,88,88,57,57,12,12,40,37,37,59,94,94,62,63,86,86,86,0,0],"gold":49,"neow_bonus":"THREE_ENEMY_KILL","is_daily":false,"chose_seed":false,"campfire_upgraded":9,"win_rate":0.0,"timestamp":1608114160,"path_taken":["M","?","?","?","?","E","?","R","T","E","R","M","R","?","R","BOSS","M","M","M","$","M","R","M","R","T","E","?","$","?","E","R","BOSS","M","$","?","M","$","E","R","E","T","R","E","?","E","M","R","BOSS","BOSS","R","$","E"],"items_purchased_type":["Relic","Card","Relic","Card","Potion"],"build_version":"2020-12-13","purchased_purges":4,"victory":false,"max_hp_per_floor":[75,75,75,75,75,75,75,75,75,75,75,75,75,75,75,75,75,75,75,75,82,82,82,82,82,82,94,94,94,94,94,94,94,94,94,94,94,94,94,94,94,94,94,94,94,94,94,94,94,94,94,94,94,94,94,94],"card_choices":[{"not_picked":["Flex","Heavy Blade"],"picked":"Pommel Strike","floor":1},{"not_picked":["Sentinel","Rage","Dark Embrace"],"picked":"SKIP","floor":4},{"not_picked":["Sword Boomerang","Searing Blow","Thunderclap"],"picked":"SKIP","floor":6},{"not_picked":["Warcry","Anger"],"picked":"Fire Breathing","floor":7},{"not_picked":["Havoc","Sentinel"],"picked":"Shrug It Off","floor":10},{"not_picked":["Reckless Charge","Body Slam","Shrug It Off"],"picked":"SKIP","floor":12},{"not_picked":["Berserk","Exhume"],"picked":"Immolate","floor":16},{"not_picked":["True Grit+1","Battle Trance+1","Whirlwind"],"picked":"SKIP","floor":18},{"not_picked":["Wild Strike","Metallicize","Whirlwind"],"picked":"SKIP","floor":19},{"not_picked":["Havoc","Wild Strike+1","Reckless Charge"],"picked":"SKIP","floor":20},{"not_picked":["Rampage","Body Slam","Disarm"],"picked":"SKIP","floor":22},{"not_picked":["Second Wind","True Grit","Heavy Blade"],"picked":"SKIP","floor":24},{"not_picked":["Infernal Blade","Havoc"],"picked":"Barricade","floor":27},{"not_picked":["Cleave","Pommel Strike+1","Reaper"],"picked":"SKIP","floor":31},{"not_picked":["Juggernaut","Limit Break"],"picked":"Demon Form","floor":33},{"not_picked":["Wild Strike+1","Disarm","Infernal Blade+1"],"picked":"SKIP","floor":35},{"not_picked":["Sword Boomerang","Flex"],"picked":"Shockwave","floor":38},{"not_picked":["Sever Soul","Headbutt"],"picked":"Power Through+1","floor":40},{"not_picked":["Headbutt","Sword Boomerang","Body Slam"],"picked":"SKIP","floor":42},{"not_picked":["Warcry","Spot Weakness"],"picked":"Reaper","floor":45},{"not_picked":["Brutality","Shockwave"],"picked":"Shrug It Off","floor":47},{"not_picked":["Wild Strike","Thunderclap","Headbutt+1"],"picked":"SKIP","floor":48}],"player_experience":1294625,"relics_obtained":[{"floor":6,"key":"Smiling Mask"},{"floor":10,"key":"Bag of Preparation"},{"floor":26,"key":"Bronze Scales"},{"floor":27,"key":"Strawberry"},{"floor":31,"key":"Happy Flower"},{"floor":40,"key":"WingedGreaves"},{"floor":42,"key":"Anchor"},{"floor":43,"key":"Oddly Smooth Stone"},{"floor":45,"key":"Paper Frog"},{"floor":47,"key":"Red Skull"}],"event_choices":[{"damage_healed":0,"gold_gain":0,"cards_transformed":["Strike_R"],"player_choice":"Transformed","damage_taken":0,"max_hp_gain":0,"max_hp_loss":0,"event_name":"Transmorgrifier","floor":3,"gold_loss":0,"cards_obtained":["Dark Embrace"]},{"damage_healed":0,"gold_gain":0,"player_choice":"2 cards matched","damage_taken":0,"max_hp_gain":0,"max_hp_loss":0,"event_name":"Match and Keep!","floor":5,"gold_loss":0,"cards_obtained":["Demon Form","Hemokinesis"]},{"damage_healed":0,"gold_gain":0,"player_choice":"Searched \u00272\u0027 times","damage_taken":0,"relics_obtained":["CeramicFish"],"max_hp_gain":0,"max_hp_loss":0,"event_name":"Dead Adventurer","floor":14,"gold_loss":0},{"damage_healed":0,"gold_gain":0,"player_choice":"Ignored","damage_taken":0,"max_hp_gain":0,"max_hp_loss":0,"event_name":"Vampires","floor":28,"gold_loss":0},{"damage_healed":0,"gold_gain":0,"player_choice":"Memory 1","damage_taken":0,"max_hp_gain":0,"max_hp_loss":0,"event_name":"SensoryStone","floor":37,"gold_loss":0},{"damage_healed":0,"gold_gain":0,"player_choice":"Ignored","damage_taken":0,"max_hp_gain":0,"max_hp_loss":0,"event_name":"Tomb of Lord Red Mask","floor":46,"gold_loss":0}],"is_beta":false,"boss_relics":[{"not_picked":["Astrolabe","SlaversCollar"],"picked":"Snecko Eye"},{"not_picked":["Empty Cage","Calling Bell"],"picked":"SacredBark"}],"items_purged_floors":[2,21,29,39],"is_endless":false,"potions_floor_spawned":[6,12,16,18,19,22,27,33,35,40,42],"killed_by":"Shield and Spear","ascension_level":20}}