{"host":"ufl0k2so27eic2iy","time":1608138258,"event":{"mods":["BaseMod","Minty Spire (QoL Compilation)","StSLib","The Animator"],"gold_per_floor":[125,135,135,153,228,272,296,296,296,308,358,389,278,296,296,370,370,382,137,337,356,376,376,376],"floor_reached":23,"playtime":1100,"items_purged":["animator:Strike","animator:Strike"],"score":338,"play_id":"85eade6c-1808-48b4-b7ca-f9352297c92b","local_time":"20201216170418","is_ascension_mode":true,"campfire_choices":[{"floor":8,"key":"REST"},{"data":"animator:Ara","floor":15,"key":"SMITH"}],"circlet_count":0,"master_deck":["AscendersBane","animator:Strike_Rewrite","animator:Defend_Rewrite","animator:Strike","animator:Defend","animator:Defend","animator:Defend","animator:YoshinoHaruhiko","animator:ShizuruNakatsu","animator:LuciaKonohana","animator:Shimako","animator:Raven","animator:SougenEsaka","animator:Ara+1","animator:ZankiKiguchi","animator:Shichika","animator:ChihayaOhtori","animator:Boros","animator:SougenEsaka","animator:Kagari","animator:ZankiKiguchi"],"relics":["animator:LivingPicture","animator:TheMissingPiece","animator:ShionDessert","Boot","Torii","Sozu","Membership Card"],"acts_visited":["Exordium","TheCity"],"potions_floor_usage":[6,6,14],"damage_taken":[{"damage":8,"enemies":"Jaw Worm","floor":1,"turns":6},{"damage":0,"enemies":"Cultist","floor":2,"turns":4},{"damage":7,"enemies":"2 Louse","floor":4,"turns":4},{"damage":32,"enemies":"3 Sentries","floor":6,"turns":9},{"damage":6,"enemies":"Red Slaver","floor":10,"turns":4},{"damage":1,"enemies":"Exordium Thugs","floor":12,"turns":5},{"damage":7,"enemies":"Gremlin Gang","floor":14,"turns":6},{"damage":14,"enemies":"The Guardian","floor":16,"turns":10},{"damage":22,"enemies":"Spheric Guardian","floor":18,"turns":5},{"damage":6,"enemies":"Shell Parasite","floor":21,"turns":5},{"damage":15,"enemies":"Snake Plant","floor":22,"turns":5},{"damage":28,"enemies":"Book of Stabbing","floor":23,"turns":4}],"seed_played":"8819837253655655100","potions_obtained":[{"floor":2,"key":"Block Potion"},{"floor":3,"key":"CultistPotion"},{"floor":12,"key":"Regen Potion"},{"floor":16,"key":"SmokeBomb"}],"is_trial":false,"path_per_floor":["M","M","?","M","?","E","T","R","T","M","?","M","$","M","R","B",null,"M","$","?","M","M","E"],"character_chosen":"THE_ANIMATOR","items_purchased":["animator:Shichika","Membership Card","animator:Kagari","animator:ZankiKiguchi"],"campfire_rested":1,"item_purchase_floors":[13,19,19,19],"current_hp_per_floor":[52,53,53,46,35,3,3,23,23,17,17,16,16,25,25,11,54,37,37,37,37,22,0,0],"gold":376,"neow_bonus":"TEN_PERCENT_HP_BONUS","is_daily":false,"chose_seed":true,"campfire_upgraded":1,"win_rate":0.0,"timestamp":1608138258,"path_taken":["M","M","?","?","?","E","?","R","T","M","?","?","$","M","R","BOSS","M","$","?","M","M","E"],"items_purchased_type":["Card","Relic","Card","Card"],"build_version":"2020-12-13","purchased_purges":2,"victory":false,"max_hp_per_floor":[66,67,67,67,67,67,67,67,67,67,67,67,67,68,68,68,68,68,68,68,68,68,68,68],"card_choices":[{"not_picked":["animator:Emonzaemon","animator:Sloth"],"picked":"animator:LuciaKonohana","floor":1},{"not_picked":["animator:Rena","animator:RoyMustang"],"picked":"animator:Shimako","floor":2},{"not_picked":["animator:SilverFang","animator:Shimako"],"picked":"animator:Raven","floor":4},{"not_picked":["animator:Chibimoth","animator:Kagari"],"picked":"animator:SougenEsaka","floor":6},{"not_picked":["animator:Illya","animator:Genos"],"picked":"animator:Ara","floor":10},{"not_picked":["animator:Laby","animator:Assassin"],"picked":"animator:ZankiKiguchi","floor":12},{"not_picked":["animator:Elsword","animator:Illya"],"picked":"animator:ChihayaOhtori","floor":14},{"not_picked":["animator:Saber","animator:AkaneSenri"],"picked":"animator:Boros","floor":16},{"not_picked":["animator:Shimako","animator:YoshinoHaruhiko"],"picked":"animator:SougenEsaka","floor":18},{"not_picked":["animator:Add","animator:Caster","animator:Shimako"],"picked":"SKIP","floor":21},{"not_picked":["animator:ZankiKiguchi","animator:Hitei","animator:ElricAlphonse"],"picked":"SKIP","floor":22}],"player_experience":2303341,"relics_obtained":[{"floor":6,"key":"animator:ShionDessert"},{"floor":7,"key":"Boot"},{"floor":9,"key":"Torii"}],"event_choices":[{"damage_healed":0,"gold_gain":0,"player_choice":"Got Potions","damage_taken":0,"max_hp_gain":0,"max_hp_loss":0,"event_name":"Lab","floor":3,"gold_loss":0},{"damage_healed":0,"gold_gain":75,"player_choice":"Gather Gold","damage_taken":11,"max_hp_gain":0,"max_hp_loss":0,"event_name":"World of Goop","floor":5,"gold_loss":0},{"damage_healed":0,"gold_gain":50,"player_choice":"Pray","damage_taken":0,"max_hp_gain":0,"max_hp_loss":0,"event_name":"Golden Shrine","floor":11,"gold_loss":0},{"damage_healed":0,"gold_gain":200,"player_choice":"Gold","damage_taken":0,"max_hp_gain":0,"max_hp_loss":0,"event_name":"Wheel of Change","floor":20,"gold_loss":0}],"is_beta":false,"boss_relics":[{"not_picked":["SacredBark","animator:VividPicture"],"picked":"Sozu"}],"items_purged_floors":[13,19],"is_endless":false,"potions_floor_spawned":[2,12,16,18],"killed_by":"Book of Stabbing","ascension_level":15}}