{"host":"Kdaddybrian","time":1608161697,"event":{"mods":["AchievementEnabler","BaseMod","Colored Powertips","Minty Spire (QoL Compilation)","Rare Cards Sparkle","Relic Stats","StSLib"],"gold_per_floor":[111,123,140,158,158,158,170,170,170,197,272,272,288,300,300,396,396,411,424,56,68,81,81,81,94,94,94,18,118,143,143,143,239,239,252,27,79,31,31,31,41,41,41,57,72,72,89,0,0,0],"floor_reached":51,"playtime":3373,"items_purged":["Strike_G"],"score":1049,"play_id":"0fb996e4-964c-4eac-8df8-6b34b9c72f3b","local_time":"20201216183457","is_ascension_mode":true,"campfire_choices":[{"data":"Blade Dance","floor":6.0,"key":"SMITH"},{"data":"Venomology","floor":8.0,"key":"SMITH"},{"data":"Neutralize","floor":15.0,"key":"SMITH"},{"floor":23.0,"key":"REST"},{"floor":27.0,"key":"REST"},{"floor":32.0,"key":"REST"},{"floor":40.0,"key":"REST"},{"floor":49.0,"key":"REST"}],"circlet_count":0,"master_deck":["AscendersBane","Defend_G","Defend_G","Defend_G","Defend_G","Defend_G","Survivor","Neutralize+1","PiercingWail","Heel Hook","Blade Dance+1","Venomology+1","Deadly Poison","Envenom","Dagger Throw+1","Burst","Infinite Blades","Catalyst","Footwork","Leg Sweep","PiercingWail+1","Prepared","Bouncing Flask","Deflect+1","Noxious Fumes","Calculated Gamble","Footwork","Catalyst","Acrobatics","Footwork","Footwork","Shame","Finisher+1","Adrenaline","Crippling Poison+1"],"relics":["Ring of the Snake","Molten Egg 2","Letter Opener","Fusion Hammer","Toy Ornithopter","Ninja Scroll","Tough Bandages","Bottled Tornado","InkBottle","Sundial","Cursed Key","Medical Kit","Gambling Chip","Red Mask"],"acts_visited":["Exordium","TheCity","TheBeyond"],"potions_floor_usage":[50,50,50,50],"damage_taken":[{"damage":0.0,"enemies":"2 Louse","floor":1.0,"turns":5.0},{"damage":0.0,"enemies":"Small Slimes","floor":2.0,"turns":7.0},{"damage":0.0,"enemies":"Cultist","floor":3.0,"turns":5.0},{"damage":4.0,"enemies":"3 Louse","floor":4.0,"turns":3.0},{"damage":4.0,"enemies":"2 Fungi Beasts","floor":7.0,"turns":3.0},{"damage":16.0,"enemies":"3 Sentries","floor":10.0,"turns":10.0},{"damage":0.0,"enemies":"Blue Slaver","floor":13.0,"turns":2.0},{"damage":6.0,"enemies":"Looter","floor":14.0,"turns":3.0},{"damage":25.0,"enemies":"The Guardian","floor":16.0,"turns":14.0},{"damage":7.0,"enemies":"Chosen","floor":18.0,"turns":5.0},{"damage":17.0,"enemies":"Shell Parasite","floor":19.0,"turns":4.0},{"damage":27.0,"enemies":"Snake Plant","floor":21.0,"turns":6.0},{"damage":9.0,"enemies":"Snecko","floor":22.0,"turns":4.0},{"damage":9.0,"enemies":"Centurion and Healer","floor":25.0,"turns":7.0},{"damage":4.0,"enemies":"Colosseum Slavers","floor":29.0,"turns":3.0},{"damage":4.0,"enemies":"Colosseum Nobs","floor":29.0,"turns":5.0},{"damage":17.0,"enemies":"Slavers","floor":30.0,"turns":5.0},{"damage":80.0,"enemies":"Collector","floor":33.0,"turns":7.0},{"damage":6.0,"enemies":"3 Shapes","floor":35.0,"turns":4.0},{"damage":55.0,"enemies":"2 Orb Walkers","floor":37.0,"turns":5.0},{"damage":0.0,"enemies":"Orb Walker","floor":41.0,"turns":5.0},{"damage":16.0,"enemies":"Maw","floor":44.0,"turns":8.0},{"damage":0.0,"enemies":"Spire Growth","floor":45.0,"turns":5.0},{"damage":3.0,"enemies":"Reptomancer","floor":46.0,"turns":2.0},{"damage":1.0,"enemies":"3 Darklings","floor":47.0,"turns":6.0},{"damage":60,"enemies":"Awakened One","floor":50,"turns":13}],"seed_played":"-8525486546596256319","potions_obtained":[{"floor":0.0,"key":"DuplicationPotion"},{"floor":0.0,"key":"SkillPotion"},{"floor":0.0,"key":"BlessingOfTheForge"},{"floor":3.0,"key":"Block Potion"},{"floor":10.0,"key":"Poison Potion"},{"floor":14.0,"key":"SteroidPotion"},{"floor":18.0,"key":"CunningPotion"},{"floor":21.0,"key":"Weak Potion"},{"floor":25.0,"key":"BlessingOfTheForge"},{"floor":29.0,"key":"BlessingOfTheForge"},{"floor":30.0,"key":"SpeedPotion"},{"floor":41.0,"key":"FearPotion"},{"floor":45.0,"key":"DuplicationPotion"},{"floor":47.0,"key":"Ancient Potion"}],"is_trial":false,"path_per_floor":["M","M","M","M","?","R","M","R","T","E","?","?","M","M","R","B",null,"M","M","$","M","M","R","?","M","T","R","$","?","E","T","R","B",null,"M","$","?","$","?","R","M","?","T","M","M","E","M","?","R","B",null],"character_chosen":"THE_SILENT","items_purchased":["Toy Ornithopter","Footwork","Leg Sweep","Noxious Fumes","Medical Kit","Catalyst","PowerPotion"],"campfire_rested":5,"item_purchase_floors":[20,20,20,28,36,36,38],"current_hp_per_floor":[63,63,63,59,64,64,60,60,60,44,33,33,33,27,27,2,57,50,33,33,16,12,34,34,30,30,52,52,49,47,47,69,4,57,51,51,1,1,1,23,23,23,23,22,22,29,28,28,50,10],"gold":0,"neow_bonus":"THREE_SMALL_POTIONS","is_daily":false,"chose_seed":false,"campfire_upgraded":3,"win_rate":0.0,"timestamp":1608161697,"path_taken":["M","M","M","M","?","R","M","R","T","E","?","?","M","M","R","BOSS","M","M","$","M","?","R","?","M","T","R","$","?","E","?","R","BOSS","M","$","?","$","?","R","?","?","T","M","?","E","M","?","R","BOSS"],"items_purchased_type":["Relic","Card","Card","Card","Relic","Card","Potion"],"build_version":"2020-12-07","purchased_purges":1,"victory":true,"max_hp_per_floor":[70,70,70,70,75,75,75,75,75,75,75,75,75,75,75,75,75,75,75,75,75,75,75,75,75,75,75,75,75,75,75,75,75,75,75,75,75,75,75,75,75,75,75,75,75,75,75,75,75,75],"relic_stats":{"Tough Bandages":[225],"counters":[26,146],"Sundial":[6],"Gambling Chip":[21],"Letter Opener":[529],"Cursed Key":1,"Medical Kit":[8],"obtain_stats":[{"Letter Opener":10,"Bottled Tornado":29,"Cursed Key":34,"Medical Kit":36,"Tough Bandages":29,"Ninja Scroll":26,"Sundial":31,"Gambling Chip":37,"Molten Egg 2":9,"Fusion Hammer":17,"Red Mask":48,"Toy Ornithopter":20,"InkBottle":30,"Ring of the Snake":0},{"Letter Opener":6,"Bottled Tornado":16,"Cursed Key":18,"Medical Kit":19,"Tough Bandages":16,"Ninja Scroll":14,"Sundial":17,"Gambling Chip":20,"Molten Egg 2":5,"Fusion Hammer":9,"Red Mask":25,"Toy Ornithopter":11,"InkBottle":17,"Ring of the Snake":0},{"Letter Opener":33,"Bottled Tornado":86,"Cursed Key":98,"Medical Kit":102,"Tough Bandages":86,"Ninja Scroll":78,"Sundial":91,"Gambling Chip":107,"Molten Egg 2":23,"Fusion Hammer":52,"Red Mask":133,"Toy Ornithopter":61,"InkBottle":91,"Ring of the Snake":0}],"Toy Ornithopter":105,"InkBottle":[36],"Ring of the Snake":[52]},"card_choices":[{"not_picked":["Concentrate","Outmaneuver"],"picked":"PiercingWail","floor":1.0},{"not_picked":["Concentrate","Backflip"],"picked":"Heel Hook","floor":2.0},{"not_picked":["Underhanded Strike","Poisoned Stab"],"picked":"Blade Dance","floor":3.0},{"not_picked":["PiercingWail","Cloak And Dagger"],"picked":"Slice","floor":4.0},{"not_picked":["Dodge and Roll","Prepared"],"picked":"Venomology","floor":7.0},{"not_picked":["Prepared","Outmaneuver"],"picked":"Deadly Poison","floor":10.0},{"not_picked":["Dodge and Roll","Slice+1"],"picked":"Envenom","floor":13.0},{"not_picked":["Distraction","Reflex"],"picked":"Dagger Throw+1","floor":14.0},{"not_picked":["Storm of Steel","Venomology"],"picked":"Burst","floor":16.0},{"not_picked":["Endless Agony+1","Accuracy"],"picked":"Infinite Blades","floor":18.0},{"not_picked":["Dagger Throw+1","Poisoned Stab+1"],"picked":"Catalyst","floor":19.0},{"not_picked":["Acrobatics","Underhanded Strike+1"],"picked":"PiercingWail+1","floor":21.0},{"not_picked":["Blade Dance","Concentrate+1","Cloak And Dagger"],"picked":"SKIP","floor":22.0},{"not_picked":["Sucker Punch+1","Cloak And Dagger"],"picked":"Deflect+1","floor":25.0},{"not_picked":["Dagger Throw+1","Dagger Spray+1"],"picked":"Calculated Gamble","floor":29.0},{"not_picked":["Escape Plan","Deflect"],"picked":"Footwork","floor":30.0},{"not_picked":["Flying Knee+1","Deadly Poison+1","Bouncing Flask"],"picked":"SKIP","floor":35.0},{"not_picked":["Blade Dance","Dagger Throw+1"],"picked":"Acrobatics","floor":37.0},{"not_picked":["Deadly Poison+1","Slice+1"],"picked":"Footwork","floor":41.0},{"not_picked":["Blur","Choke+1"],"picked":"Finisher+1","floor":44.0},{"not_picked":["Setup+1","Outmaneuver+1"],"picked":"Adrenaline","floor":45.0},{"not_picked":["Quick Slash+1","Underhanded Strike+1"],"picked":"Crippling Poison+1","floor":47.0}],"player_experience":2858108,"relics_obtained":[{"floor":9.0,"key":"Molten Egg 2"},{"floor":10.0,"key":"Letter Opener"},{"floor":26.0,"key":"Ninja Scroll"},{"floor":29.0,"key":"Tough Bandages"},{"floor":29.0,"key":"Bottled Tornado"},{"floor":30.0,"key":"InkBottle"},{"floor":31.0,"key":"Sundial"},{"floor":37.0,"key":"Gambling Chip"}],"event_choices":[{"damage_healed":0.0,"max_hp_gain":5.0,"max_hp_loss":0.0,"gold_gain":0.0,"event_name":"Big Fish","player_choice":"Donut","floor":5.0,"gold_loss":0.0,"damage_taken":0.0},{"damage_healed":0.0,"max_hp_gain":0.0,"max_hp_loss":0.0,"gold_gain":75.0,"event_name":"World of Goop","player_choice":"Gather Gold","floor":11.0,"gold_loss":0.0,"damage_taken":11.0},{"cards_removed":["Strike_G"],"damage_healed":0.0,"max_hp_gain":0.0,"max_hp_loss":0.0,"gold_gain":0.0,"event_name":"Purifier","player_choice":"Purged","floor":12.0,"gold_loss":0.0,"damage_taken":0.0},{"damage_healed":0.0,"max_hp_gain":0.0,"max_hp_loss":0.0,"gold_gain":0.0,"cards_transformed":["Strike_G","Strike_G"],"event_name":"Drug Dealer","player_choice":"Became Test Subject","floor":24.0,"gold_loss":0.0,"damage_taken":0.0,"cards_obtained":["Prepared","Bouncing Flask"]},{"damage_healed":0.0,"max_hp_gain":0.0,"max_hp_loss":0.0,"gold_gain":0.0,"event_name":"Colosseum","player_choice":"Fight","floor":29.0,"gold_loss":0.0,"damage_taken":0.0},{"damage_healed":0.0,"max_hp_gain":0.0,"max_hp_loss":0.0,"gold_gain":0.0,"event_name":"Colosseum","player_choice":"Fought Nobs","floor":29.0,"gold_loss":0.0,"damage_taken":0.0},{"damage_healed":0.0,"max_hp_gain":0.0,"max_hp_loss":0.0,"gold_gain":0.0,"event_name":"Mysterious Sphere","player_choice":"Fight","floor":37.0,"gold_loss":0.0,"damage_taken":0.0},{"damage_healed":0.0,"max_hp_gain":0.0,"max_hp_loss":0.0,"gold_gain":0.0,"cards_transformed":["Strike_G"],"event_name":"Transmorgrifier","player_choice":"Transformed","floor":39.0,"gold_loss":0.0,"damage_taken":0.0,"cards_obtained":["Footwork"]},{"cards_removed":["Slice"],"damage_healed":0.0,"max_hp_gain":0.0,"max_hp_loss":0.0,"gold_gain":0.0,"event_name":"Purifier","player_choice":"Purged","floor":42.0,"gold_loss":0.0,"damage_taken":0.0},{"damage_healed":0.0,"max_hp_gain":0.0,"max_hp_loss":0.0,"gold_gain":0.0,"event_name":"Tomb of Lord Red Mask","player_choice":"Paid","floor":48.0,"gold_loss":89.0,"damage_taken":0.0,"relics_obtained":["Red Mask"]}],"is_beta":true,"boss_relics":[{"not_picked":["HoveringKite","Philosopher\u0027s Stone"],"picked":"Fusion Hammer"},{"not_picked":["Coffee Dripper","SlaversCollar"],"picked":"Cursed Key"}],"items_purged_floors":[20],"is_endless":false,"potions_floor_spawned":[2,3,10,13,14,18,21,25,29,29,30,41,45,47],"ascension_level":10}}