{"host":"31q8uht4v38sth7r","time":1608131702,"event":{"mods":["BaseMod","Colored Map","Downfall","Highlight Path","Minty Spire (QoL Compilation)","Permanent Neow","StSLib"],"gold_per_floor":[99,99,115,142,142,168,168,186,186,186],"floor_reached":9,"playtime":476,"items_purged":[],"score":83,"play_id":"a19da78e-bce6-4206-88db-0f748503c5dc","local_time":"20201216231502","is_ascension_mode":true,"campfire_choices":[{"floor":1,"key":"RECALL"}],"circlet_count":0,"master_deck":["champ:Strike","champ:Strike","champ:Strike","champ:Strike","champ:Defend","champ:Defend","champ:Defend","champ:Execute","champ:Taunt","champ:EnchantCrown","champ:DeathBlow","champ:GladiatorStyle","champ:EndlessRage","champ:FlashCut","champ:EnchantShield"],"relics":["champ:ChampionCrown","Orichalcum","Dream Catcher","Strawberry"],"acts_visited":["Exordium"],"potions_floor_usage":[],"damage_taken":[{"damage":5,"enemies":"Cultist","floor":3,"turns":4},{"damage":81,"enemies":"Gremlin Nob","floor":4,"turns":5},{"damage":53,"enemies":"Lagavulin","floor":6,"turns":6},{"damage":23,"enemies":"2 Louse","floor":8,"turns":2},{"damage":34,"enemies":"3 Sentries","floor":9,"turns":3}],"seed_played":"-6767855257605257400","potions_obtained":[{"floor":6,"key":"Swift Potion"},{"floor":8,"key":"sneckomod:MuddlingPotion"}],"is_trial":false,"path_per_floor":["R","?","M","E","?","E","T","M","E"],"character_chosen":"THE_CHAMP","items_purchased":[],"campfire_rested":0,"item_purchase_floors":[],"current_hp_per_floor":[90,90,90,54,54,27,34,31,0,0],"gold":186,"neow_bonus":"THREE_RARE_CARDS","is_daily":false,"chose_seed":false,"campfire_upgraded":0,"win_rate":0.0,"timestamp":1608131702,"path_taken":["R","?","M","E","?","E","T","M","E"],"items_purchased_type":[],"build_version":"2020-12-13","purchased_purges":0,"victory":false,"max_hp_per_floor":[90,90,90,90,90,90,97,97,97,97],"card_choices":[{"not_picked":["champ:EnchantShield","champ:HeavySlash"],"picked":"champ:EnchantCrown","floor":0},{"not_picked":["champ:StanceDance","champ:DefensiveShout"],"picked":"champ:DeathBlow","floor":3},{"not_picked":["champ:PerfectedStrike","champ:DefensiveStyle"],"picked":"champ:GladiatorStyle","floor":4},{"not_picked":["champ:IronFortress","champ:EnragedBash"],"picked":"champ:FlashCut","floor":6},{"not_picked":["champ:DefensiveShout","champ:RageSigil"],"picked":"champ:EnchantShield","floor":8}],"player_experience":1048162,"relics_obtained":[{"floor":4,"key":"Orichalcum"},{"floor":6,"key":"Dream Catcher"},{"floor":7,"key":"Strawberry"}],"event_choices":[{"cards_removed":["Doubt"],"damage_healed":0,"gold_gain":0,"player_choice":"Card Removal","damage_taken":0,"max_hp_gain":0,"max_hp_loss":0,"event_name":"The Cleric","floor":2,"gold_loss":0},{"damage_healed":0,"gold_gain":0,"cards_transformed":["champ:Defend"],"player_choice":"Change","damage_taken":0,"max_hp_gain":0,"max_hp_loss":0,"event_name":"Living Wall","floor":5,"gold_loss":0,"cards_obtained":["champ:EndlessRage"]}],"is_beta":false,"boss_relics":[],"items_purged_floors":[],"is_endless":false,"potions_floor_spawned":[6,8],"killed_by":"3 Sentries","ascension_level":4}}