{"host":"i3w38rq1z4slkels","time":1608101874,"event":{"mods":["2.2 Compatiblity","Act Like it!","BaseMod","Better Match","Better Vampires","BetterRewards","Conspire","Downfall","Minty Spire (QoL Compilation)","Rare Cards Sparkle","Replay The Spire","StSLib"],"gold_per_floor":[99,130,130,160,160,172,224,74,94,94,4,14,26,26,44,139,139,139,139,139,192,204,204,282,9,9,43,43,28,46,57,57,57],"floor_reached":32,"playtime":2219,"items_purged":["sneckomod:Strike"],"score":491,"play_id":"48ef5f29-5ab2-4df3-be0e-adb21afabd5f","local_time":"20201216135754","is_ascension_mode":false,"campfire_choices":[{"floor":1,"key":"RECALL"},{"data":"sneckomod:MorePower","floor":8,"key":"SMITH"},{"data":"sneckomod:Restock","floor":10,"key":"SMITH"},{"data":"sneckomod:UnlimitedRolls","floor":18,"key":"SMITH"},{"data":"sneckomod:SnekBite","floor":20,"key":"SMITH"},{"data":"sneckomod:Unknown2Cost","floor":23,"key":"SMITH"},{"data":"sneckomod:Mudshield","floor":26,"key":"SMITH"}],"circlet_count":0,"master_deck":["sneckomod:Strike","sneckomod:Strike","sneckomod:Defend+1","sneckomod:Defend","sneckomod:TailWhip","sneckomod:SnekBite+1","sneckomod:Unknown","sneckomod:Unknown","sneckomod:Restock+1","sneckomod:MorePower+1","sneckomod:Unknown2Cost+1","sneckomod:Unknown0Cost+1","sneckomod:Mudshield+1","sneckomod:UnknownRarePower+1","sneckomod:UnknownUncommonAttack+1","sneckomod:UnknownClassGUARDIAN+1","sneckomod:UnlimitedRolls+1","sneckomod:UnknownExhaust+1","sneckomod:UnknownStrength+1","sneckomod:Unknown3Cost+1","hexamod:ThirdSeal","sneckomod:UnknownRareSkill+1","sneckomod:WideSting+1","sneckomod:UnknownRarePower+1"],"relics":["sneckomod:SneckoSoul","downfall:HeartsMalice","FaceOfCleric","downfall:HeartBlessingRed","downfall:HeartBlessingBlue","BranchBurnRelic","downfall:BrokenWingStatue","ReplayTheSpireMod:DimensionalGlitch","downfall:RedIOU","Blue Doll","Bottled Flame","conspire:DeflatedDodgeball","Prayer Wheel"],"acts_visited":["Exordium","TheCity"],"potions_floor_usage":[25,25],"damage_taken":[{"damage":0,"enemies":"Gremlin Nob","floor":2,"turns":1},{"damage":0,"enemies":"Small Slimes","floor":3,"turns":1},{"damage":0,"enemies":"3 Sentries","floor":4,"turns":1},{"damage":0,"enemies":"Cultist","floor":6,"turns":2},{"damage":0,"enemies":"2 Louse","floor":9,"turns":1},{"damage":0,"enemies":"downfall:FleeingMerchant","floor":11,"turns":4},{"damage":6,"enemies":"Exordium Wildlife","floor":12,"turns":7},{"damage":5,"enemies":"2 Fungi Beasts","floor":13,"turns":3},{"damage":13,"enemies":"Large Slime","floor":15,"turns":6},{"damage":3,"enemies":"downfall:Watcher","floor":16,"turns":8},{"damage":7,"enemies":"Shell Parasite","floor":22,"turns":3},{"damage":5,"enemies":"downfall:FleeingMerchant","floor":25,"turns":4},{"damage":20,"enemies":"Slavers","floor":27,"turns":3},{"damage":0,"enemies":"downfall:FleeingMerchant","floor":29,"turns":4},{"damage":54,"enemies":"conspire:FuzzyDice","floor":30,"turns":10},{"damage":45,"enemies":"Snake Plant","floor":31,"turns":5},{"damage":8,"enemies":"Shelled Parasite and Fungi","floor":32,"turns":2}],"seed_played":"-8401973887961041830","potions_obtained":[{"floor":6,"key":"Explosive Potion"},{"floor":9,"key":"Explosive Potion"},{"floor":12,"key":"ColorlessPotion"}],"is_trial":false,"path_per_floor":["R","E","M","E","?","M","T","R","M","R","$","M","M","?","M","B",null,"R","?","R","?","M","R","T","$","R","E","?","$","M","M","M"],"character_chosen":"THE_SNECKO","items_purchased":["conspire:DeflatedDodgeball"],"campfire_rested":0,"item_purchase_floors":[25],"current_hp_per_floor":[90,90,90,90,90,92,92,102,103,103,105,101,98,98,92,91,113,113,113,113,113,110,110,110,115,115,101,101,102,49,6,0,0],"gold":57,"neow_bonus":"THREE_ENEMY_KILL","is_daily":false,"chose_seed":false,"campfire_upgraded":6,"win_rate":0.0,"timestamp":1608101874,"path_taken":["R","E","M","E","?","M","T","R","?","R","$","M","M","?","M","BOSS","R","?","R","?","M","R","T","$","R","E","?","$","?","M","M"],"items_purchased_type":["Relic"],"build_version":"2020-12-13","purchased_purges":1,"victory":false,"max_hp_per_floor":[90,90,90,90,90,92,92,102,103,103,105,107,109,109,111,113,113,113,113,113,113,115,115,115,117,117,119,119,120,121,123,123,123],"card_choices":[{"not_picked":["sneckomod:UnknownCommonAttack","sneckomod:SoulRoll"],"picked":"sneckomod:Restock","floor":2},{"not_picked":["sneckomod:UnknownCommonSkill","sneckomod:UnknownCommonAttack","sneckomod:DiceBoulder"],"picked":"SKIP","floor":3},{"not_picked":["sneckomod:DiceBlock","sneckomod:UnknownBlock"],"picked":"sneckomod:MorePower","floor":4},{"not_picked":["sneckomod:UnknownCommonSkill","sneckomod:Unknown1Cost"],"picked":"sneckomod:Unknown2Cost","floor":6},{"not_picked":["sneckomod:UnknownX","sneckomod:Unknown2Cost","sneckomod:UnknownVulnerable"],"picked":"SKIP","floor":9},{"not_picked":["sneckomod:UnknownClassSLIMEBOUND+1","sneckomod:UnknownClassTHE_CHAMP_GRAY+1"],"picked":"sneckomod:Unknown0Cost+1","floor":11},{"not_picked":["sneckomod:UnknownClassRED","sneckomod:WideSting"],"picked":"sneckomod:Mudshield","floor":11},{"not_picked":["sneckomod:UnknownUncommonAttack+1","sneckomod:UnknownClassTHE_CHAMP_GRAY+1"],"picked":"sneckomod:UnknownRarePower+1","floor":12},{"not_picked":["sneckomod:DiceBoulder","sneckomod:SnakeSap","sneckomod:QuickBite"],"picked":"SKIP","floor":12},{"not_picked":["sneckomod:UnknownClassSLIMEBOUND+1","sneckomod:UnknownRarePower+1"],"picked":"sneckomod:UnknownUncommonAttack+1","floor":13},{"not_picked":["sneckomod:Nope","sneckomod:QuickBite","sneckomod:SoulDraw"],"picked":"SKIP","floor":13},{"not_picked":["sneckomod:UnknownUncommonAttack+1","sneckomod:UnknownBlock+1"],"picked":"sneckomod:UnknownClassGUARDIAN+1","floor":15},{"not_picked":["sneckomod:UnknownVulnerable","sneckomod:UnknownCommonSkill","sneckomod:DiceBlock"],"picked":"SKIP","floor":15},{"not_picked":["sneckomod:UnknownRareAttack","sneckomod:Mudshield"],"picked":"sneckomod:UnlimitedRolls","floor":16},{"not_picked":["sneckomod:UnknownCommonAttack+1","sneckomod:UnknownClassBLUE+1"],"picked":"sneckomod:UnknownExhaust+1","floor":16},{"not_picked":["sneckomod:UnknownVulnerable+1","sneckomod:UnknownClassGUARDIAN+1"],"picked":"sneckomod:UnknownStrength+1","floor":22},{"not_picked":["sneckomod:SlitherStrike","sneckomod:UnknownX+1","sneckomod:DefensiveFlair"],"picked":"SKIP","floor":22},{"not_picked":["sneckomod:UnknownCommonAttack+1","sneckomod:UnknownWeak+1"],"picked":"sneckomod:Unknown3Cost+1","floor":25},{"not_picked":["hexamod:FourthSeal","hexamod:FirstSeal"],"picked":"hexamod:ThirdSeal","floor":25},{"not_picked":["sneckomod:DefensiveFlair","sneckomod:UnknownClassGREEN","sneckomod:WideSting"],"picked":"SKIP","floor":25},{"not_picked":["sneckomod:UnknownClassGREEN+1","sneckomod:Unknown2Cost+1"],"picked":"sneckomod:UnknownRareSkill+1","floor":27},{"not_picked":["sneckomod:ImprovisedGuard","sneckomod:QuickBite","sneckomod:UnknownUncommonSkill"],"picked":"SKIP","floor":27},{"not_picked":["sneckomod:UnknownX","sneckomod:UnknownVulnerable+1","sneckomod:UnknownCommonAttack"],"picked":"SKIP","floor":29},{"not_picked":["sneckomod:UnknownWeak+1","sneckomod:UnknownBlock+1","sneckomod:Unknown2Cost+1"],"picked":"SKIP","floor":29},{"not_picked":["sneckomod:UnknownUncommonAttack","sneckomod:QuickMove","sneckomod:Restock"],"picked":"SKIP","floor":29},{"not_picked":["sneckomod:RainOfDice","sneckomod:DiceBlock"],"picked":"sneckomod:WideSting+1","floor":30},{"not_picked":["sneckomod:Unknown2Cost+1","sneckomod:Unknown+1","sneckomod:Unknown0Cost+1"],"picked":"SKIP","floor":30},{"not_picked":["sneckomod:UnknownClassTHE_CHAMP_GRAY","sneckomod:Nope","sneckomod:QuickBite"],"picked":"SKIP","floor":30},{"not_picked":["sneckomod:ImprovisedAttack","sneckomod:UnknownCommonSkill+1","sneckomod:SoulRoll"],"picked":"SKIP","floor":30},{"not_picked":["sneckomod:UnknownClassRED+1","sneckomod:Unknown3Cost+1"],"picked":"sneckomod:UnknownRarePower+1","floor":31},{"not_picked":["sneckomod:SlitherStrike","sneckomod:Unknown1Cost","sneckomod:QuickMove"],"picked":"SKIP","floor":31},{"not_picked":["sneckomod:UnknownClassPURPLE","sneckomod:Nope","sneckomod:SoulDraw"],"picked":"SKIP","floor":31},{"not_picked":["sneckomod:UnknownClassTHE_CHAMP_GRAY","sneckomod:RainOfDice","sneckomod:UnknownUncommonPower"],"picked":"SKIP","floor":31}],"player_experience":424430,"relics_obtained":[{"floor":2,"key":"Dead Branch"},{"floor":4,"key":"Replay:Mystery Machine"},{"floor":21,"key":"Blue Doll"},{"floor":24,"key":"Bottled Flame"},{"floor":27,"key":"Prayer Wheel"}],"event_choices":[{"damage_healed":0,"gold_gain":0,"player_choice":"Trade","damage_taken":0,"relics_obtained":["FaceOfCleric"],"max_hp_gain":0,"max_hp_loss":0,"event_name":"FaceTrader","floor":5,"gold_loss":0}],"is_beta":false,"boss_relics":[{"not_picked":["Replay:Bronze Core","Runic Dome"],"picked":"ReplayTheSpireMod:DimensionalGlitch"}],"items_purged_floors":[11],"is_endless":false,"potions_floor_spawned":[6,9,12,15,16,22],"killed_by":"Shelled Parasite and Fungi","ascension_level":0}}