{"host":"nox","time":1608115944,"event":{"mods":["BaseMod","Colored Powertips","Minty Spire (QoL Compilation)","Quick Restart","Replay The Spire","StSLib"],"gold_per_floor":[109,120,193,217,229,272,284,324,336,374,404,433,457,469,469],"floor_reached":14,"playtime":662,"items_purged":[],"score":134,"play_id":"e4b6e8b8-7608-4958-9bf6-339bbc9533b0","local_time":"20201216175224","is_ascension_mode":true,"campfire_choices":[{"data":"Noxious Fumes","floor":7.0,"key":"SMITH"}],"circlet_count":0,"master_deck":["Strike_G","Strike_G","Strike_G","Strike_G","Strike_G","Defend_G","Defend_G","Defend_G","Defend_G","Defend_G","Survivor","Neutralize","Heel Hook","Sucker Punch","Leg Sweep","Noxious Fumes+1","Blade Dance","Pot Of Greed","Pot Of Greed","Fluid Movement","Accuracy","Accuracy"],"relics":["Ring of the Snake","MawBank","Ancient Tea Set","Ornamental Fan","Blue Candle","Grinning Jar"],"acts_visited":["Exordium"],"potions_floor_usage":[13,14],"damage_taken":[{"damage":3.0,"enemies":"Jaw Worm","floor":1.0,"turns":4.0},{"damage":1.0,"enemies":"Small Slimes","floor":2.0,"turns":3.0},{"damage":5.0,"enemies":"Cultist","floor":4.0,"turns":4.0},{"damage":6.0,"enemies":"3 Sentries","floor":6.0,"turns":13.0},{"damage":16.0,"enemies":"Lagavulin","floor":8.0,"turns":8.0},{"damage":14.0,"enemies":"Gremlin Nob","floor":10.0,"turns":5.0},{"damage":11.0,"enemies":"Lots of Slimes","floor":11.0,"turns":3.0},{"damage":0.0,"enemies":"Large Slime","floor":12.0,"turns":4.0},{"damage":0,"enemies":"3 Louse","floor":13,"turns":3},{"damage":5,"enemies":"3 Sentries","floor":14,"turns":2}],"seed_played":"-5435612873881867798","potions_obtained":[{"floor":2.0,"key":"Poison Potion"},{"floor":3.0,"key":"LiquidMemories"},{"floor":3.0,"key":"EssenceOfSteel"},{"floor":10.0,"key":"EssenceOfSteel"},{"floor":11.0,"key":"SteroidPotion"},{"floor":13,"key":"ColorlessPotion"}],"is_trial":false,"path_per_floor":["M","M","?","M","$","E","R","E","T","E","M","M","M","E"],"character_chosen":"THE_SILENT","items_purchased":[],"campfire_rested":0,"item_purchase_floors":[],"current_hp_per_floor":[74,73,54,49,49,43,43,27,27,13,2,2,2,0,0],"gold":469,"neow_bonus":"TEN_PERCENT_HP_BONUS","is_daily":false,"chose_seed":false,"campfire_upgraded":1,"win_rate":0.0,"timestamp":1608115944,"path_taken":["M","M","?","?","$","E","R","E","T","E","M","M","?","E"],"items_purchased_type":[],"build_version":"2020-11-17","purchased_purges":0,"victory":false,"max_hp_per_floor":[77,77,77,77,77,77,77,77,77,77,77,77,77,77,77],"card_choices":[{"not_picked":["Slice","Endless Agony"],"picked":"Heel Hook","floor":1.0},{"not_picked":["Deadly Poison","Underhanded Strike"],"picked":"Sucker Punch","floor":2.0},{"not_picked":["Backflip","Distraction"],"picked":"Leg Sweep","floor":4.0},{"not_picked":["Dagger Throw","Distraction"],"picked":"Noxious Fumes","floor":6.0},{"not_picked":["Acrobatics","Poisoned Stab"],"picked":"Blade Dance","floor":8.0},{"not_picked":["Grand Finale","Choke"],"picked":"Fluid Movement","floor":10.0},{"not_picked":["Sneak Up","Dagger Spray","Caltrops"],"picked":"SKIP","floor":11.0},{"not_picked":["Reflex","Sneak Up"],"picked":"Accuracy","floor":12.0},{"not_picked":["Heel Hook","Deadly Poison"],"picked":"Accuracy","floor":13}],"player_experience":130784,"relics_obtained":[{"floor":3.0,"key":"MawBank"},{"floor":6.0,"key":"Ancient Tea Set"},{"floor":8.0,"key":"Ornamental Fan"},{"floor":9.0,"key":"Blue Candle"},{"floor":10.0,"key":"Grinning Jar"}],"event_choices":[],"is_beta":true,"boss_relics":[],"items_purged_floors":[],"is_endless":false,"potions_floor_spawned":[2,10,11,13],"killed_by":"3 Sentries","ascension_level":4}}