{"host":"m3herrhkesxm9ooc","time":1608102870,"event":{"mods":["BaseMod","Hermit","Minty Spire (QoL Compilation)","StSLib","The Hierophant"],"gold_per_floor":[117,117,185,122,140,167,183,183,236,236,236,247,265,278,278,352,352,369,369,54,54,66,78,123,135,147,159,159],"floor_reached":27,"playtime":739,"items_purged":[],"score":401,"play_id":"6bd7bca4-b7a0-4ea4-b14c-cb3b2c384e49","local_time":"20201216161430","is_ascension_mode":true,"campfire_choices":[{"floor":8,"key":"REST"},{"floor":11,"key":"REST"},{"data":"hermit:HighCaliber","floor":15,"key":"SMITH"},{"data":"hermit:Gestalt","floor":23,"key":"SMITH"},{"floor":25,"key":"REST"}],"circlet_count":0,"master_deck":["AscendersBane","hermit:Strike_Hermit","hermit:Strike_Hermit","hermit:Strike_Hermit","hermit:Strike_Hermit","hermit:Defend_Hermit+1","hermit:Defend_Hermit","hermit:Defend_Hermit","hermit:Defend_Hermit","hermit:Snapshot","hermit:Covet+1","hermit:Determination","hermit:HighCaliber+1","hermit:Feint","hermit:Glare","hermit:Virtue","hermit:Grudge","hermit:Horror","hermit:Reprieve","hermit:Gestalt+1","hermit:HighCaliber","Shame","Decay","hermit:Malice"],"relics":["hermit:Momento","Centennial Puzzle","Eternal Feather","Nunchaku","Black Star","Membership Card","Mummified Hand","MawBank","hermit:Spyglass","Question Card","Frozen Egg 2"],"acts_visited":["Exordium","TheCity"],"potions_floor_usage":[16,16,18,24],"damage_taken":[{"damage":0,"enemies":"Small Slimes","floor":1,"turns":3},{"damage":11,"enemies":"2 Louse","floor":5,"turns":4},{"damage":27,"enemies":"Gremlin Nob","floor":6,"turns":4},{"damage":2,"enemies":"Jaw Worm","floor":7,"turns":4},{"damage":0,"enemies":"Gremlin Gang","floor":12,"turns":4},{"damage":7,"enemies":"Blue Slaver","floor":13,"turns":3},{"damage":10,"enemies":"Red Slaver","floor":14,"turns":2},{"damage":51,"enemies":"The Guardian","floor":16,"turns":13},{"damage":26,"enemies":"Spheric Guardian","floor":18,"turns":4},{"damage":54,"enemies":"Gremlin Leader","floor":24,"turns":7},{"damage":50,"enemies":"Book of Stabbing","floor":27,"turns":5}],"seed_played":"8148255908858747","potions_obtained":[{"floor":5,"key":"Swift Potion"},{"floor":7,"key":"Dexterity Potion"},{"floor":10,"key":"hermit:BlackBile"},{"floor":16,"key":"FearPotion"}],"is_trial":false,"path_per_floor":["M","?","?","?","M","E","M","R","T","?","R","M","M","M","R","B",null,"M","?","$","?","?","R","E","R","T","E"],"character_chosen":"HERMIT","items_purchased":["Membership Card","Mummified Hand","hermit:HighCaliber","Strength Potion"],"campfire_rested":3,"item_purchase_floors":[20,20,20,20],"current_hp_per_floor":[71,48,48,48,37,10,8,40,40,40,72,72,65,55,64,13,62,44,44,44,44,44,56,18,53,53,11,11],"gold":159,"neow_bonus":"TEN_PERCENT_HP_BONUS","is_daily":false,"chose_seed":false,"campfire_upgraded":2,"win_rate":0.0,"timestamp":1608102870,"path_taken":["M","?","?","?","M","E","?","R","T","?","R","?","M","M","R","BOSS","M","?","$","?","?","R","E","R","T","E"],"items_purchased_type":["Relic","Relic","Card","Potion"],"build_version":"2020-12-13","purchased_purges":0,"victory":false,"max_hp_per_floor":[78,78,78,78,78,78,78,78,78,78,78,78,78,78,78,78,78,78,78,78,78,78,78,78,78,78,78,78],"card_choices":[{"not_picked":["hermit:SprayPray","hermit:TrackingShot"],"picked":"hermit:Determination","floor":1},{"not_picked":["hermit:CalledShot","hermit:WideOpen"],"picked":"hermit:HighCaliber","floor":5},{"not_picked":["hermit:LuckOfTheDraw","hermit:CalledShot"],"picked":"hermit:Feint","floor":6},{"not_picked":["hermit:Roulette","hermit:HighNoon"],"picked":"hermit:Glare","floor":7},{"not_picked":["hermit:Dive","hermit:Ricochet"],"picked":"hermit:Virtue","floor":12},{"not_picked":["hermit:Feint","hermit:Roulette"],"picked":"hermit:Grudge","floor":13},{"not_picked":["hermit:Desperado","hermit:Feint"],"picked":"hermit:Horror","floor":14},{"not_picked":["hermit:OverwhelmingPower","hermit:Dissolve"],"picked":"hermit:Reprieve","floor":16},{"not_picked":["hermit:Misfire","hermit:CalledShot"],"picked":"hermit:Gestalt","floor":18},{"not_picked":["hermit:Enervate","hermit:LuckOfTheDraw"],"picked":"hermit:Malice","floor":24}],"player_experience":631046,"relics_obtained":[{"floor":6,"key":"Eternal Feather"},{"floor":9,"key":"Nunchaku"},{"floor":24,"key":"hermit:Spyglass"},{"floor":24,"key":"Question Card"},{"floor":26,"key":"Frozen Egg 2"}],"event_choices":[{"damage_healed":0,"gold_gain":0,"player_choice":"Entered Light","damage_taken":23,"max_hp_gain":0,"max_hp_loss":0,"event_name":"Shining Light","floor":2,"gold_loss":0,"cards_upgraded":["hermit:Covet","hermit:Defend_Hermit"]},{"damage_healed":0,"gold_gain":68,"player_choice":"Gained Gold","damage_taken":0,"max_hp_gain":0,"max_hp_loss":0,"event_name":"Golden Wing","floor":3,"gold_loss":0},{"damage_healed":0,"gold_gain":0,"player_choice":"Paid Gold","damage_taken":0,"relics_obtained":["Centennial Puzzle"],"max_hp_gain":0,"max_hp_loss":0,"event_name":"WeMeetAgain","floor":4,"gold_loss":63},{"damage_healed":0,"gold_gain":0,"player_choice":"Got Potions","damage_taken":0,"max_hp_gain":0,"max_hp_loss":0,"event_name":"Lab","floor":10,"gold_loss":0},{"damage_healed":0,"gold_gain":0,"player_choice":"Ignored","damage_taken":0,"max_hp_gain":0,"max_hp_loss":0,"event_name":"Ghosts","floor":19,"gold_loss":0},{"damage_healed":0,"gold_gain":0,"player_choice":"Stole Relic","damage_taken":0,"relics_obtained":["MawBank"],"max_hp_gain":0,"max_hp_loss":0,"event_name":"Addict","floor":21,"gold_loss":0,"cards_obtained":["Shame"]},{"damage_healed":0,"gold_gain":0,"player_choice":"Smashed Altar","damage_taken":0,"max_hp_gain":0,"max_hp_loss":0,"event_name":"Forgotten Altar","floor":22,"gold_loss":0,"cards_obtained":["Decay"]}],"is_beta":false,"boss_relics":[{"not_picked":["Pandora\u0027s Box","Runic Dome"],"picked":"Black Star"}],"items_purged_floors":[],"is_endless":false,"potions_floor_spawned":[5,7,16],"killed_by":"Book of Stabbing","ascension_level":15}}