{"host":"f5n4tidiz2n5sooh","time":1608105654,"event":{"mods":["BaseMod","Colored Map","Minty Spire (QoL Compilation)","Relic Stats","StSLib"],"gold_per_floor":[165,184,184,184,197,197,226,226,279,290,318,318,344,56,56,56,56],"floor_reached":16,"playtime":434,"items_purged":["Strike_R"],"score":236,"play_id":"84578318-4ceb-4e2e-95fa-2c631a4b16bf","local_time":"20201216020054","is_ascension_mode":true,"campfire_choices":[{"data":"Wild Strike","floor":6,"key":"SMITH"},{"floor":8,"key":"REST"},{"data":"Bash","floor":15,"key":"SMITH"}],"circlet_count":0,"master_deck":["AscendersBane","Strike_R+1","Strike_R","Strike_R","Defend_R","Defend_R+1","Defend_R+1","Defend_R","Bash+1","Wild Strike+1","Cleave","Spot Weakness","Clothesline","Corruption"],"relics":["Tiny House","Ancient Tea Set","Blood Vial","Pantograph","Incense Burner","Membership Card","Strawberry"],"acts_visited":["Exordium"],"potions_floor_usage":[7,7,11,16],"damage_taken":[{"damage":0,"enemies":"Cultist","floor":1,"turns":3},{"damage":3,"enemies":"2 Louse","floor":2,"turns":2},{"damage":0,"enemies":"Small Slimes","floor":5,"turns":3},{"damage":6,"enemies":"3 Sentries","floor":7,"turns":6},{"damage":12,"enemies":"Exordium Wildlife","floor":10,"turns":2},{"damage":22,"enemies":"Gremlin Nob","floor":11,"turns":4},{"damage":24,"enemies":"3 Sentries","floor":13,"turns":8},{"damage":39,"enemies":"The Guardian","floor":16,"turns":7}],"seed_played":"-5189088399754556556","potions_obtained":[{"floor":0,"key":"PowerPotion"},{"floor":1,"key":"DistilledChaos"},{"floor":7,"key":"Ancient Potion"},{"floor":11,"key":"Strength Potion"}],"is_trial":false,"path_per_floor":["M","M","?","?","M","R","E","R","T","M","E","?","E","$","R","B"],"character_chosen":"IRONCLAD","items_purchased":["Membership Card","Strawberry"],"campfire_rested":1,"item_purchase_floors":[14,14],"current_hp_per_floor":[73,70,63,39,39,39,33,57,57,47,27,27,5,12,12,0,0],"gold":56,"neow_bonus":"BOSS_RELIC","is_daily":false,"chose_seed":false,"campfire_upgraded":2,"win_rate":0.0,"timestamp":1608105654,"path_taken":["M","?","?","?","?","R","E","R","T","M","E","?","E","?","R","BOSS"],"items_purchased_type":["Relic","Relic"],"build_version":"2020-12-13","purchased_purges":1,"victory":false,"max_hp_per_floor":[80,80,80,80,80,80,80,80,80,80,80,80,80,87,87,87,87],"relic_stats":{"Blood Vial":8,"counters":[8,35],"Pantograph":25,"obtain_stats":[{"Blood Vial":9,"Tiny House":0,"Pantograph":11,"Strawberry":14,"Incense Burner":13,"Membership Card":14,"Ancient Tea Set":7,"Burning Blood":0},{"Blood Vial":4,"Tiny House":0,"Pantograph":6,"Strawberry":7,"Incense Burner":7,"Membership Card":7,"Ancient Tea Set":4,"Burning Blood":0},{"Blood Vial":14,"Tiny House":0,"Pantograph":20,"Strawberry":28,"Incense Burner":28,"Membership Card":28,"Ancient Tea Set":14,"Burning Blood":0}]},"card_choices":[{"not_picked":["Entrench","Thunderclap"],"picked":"Wild Strike","floor":0},{"not_picked":["Twin Strike","Power Through"],"picked":"Cleave","floor":1},{"not_picked":["Flex","Battle Trance"],"picked":"Spot Weakness","floor":2},{"not_picked":["Clash","Perfected Strike"],"picked":"Clothesline","floor":5},{"not_picked":["Armaments","Combust","Intimidate"],"picked":"SKIP","floor":7},{"not_picked":["Heavy Blade","Rampage","Iron Wave"],"picked":"SKIP","floor":10},{"not_picked":["Searing Blow","Headbutt"],"picked":"Corruption","floor":11},{"not_picked":["Whirlwind","Dropkick","Dual Wield"],"picked":"SKIP","floor":13}],"player_experience":1892837,"relics_obtained":[{"floor":7,"key":"Ancient Tea Set"},{"floor":9,"key":"Blood Vial"},{"floor":11,"key":"Pantograph"},{"floor":13,"key":"Incense Burner"}],"event_choices":[{"cards_removed":["Strike_R"],"damage_healed":0,"gold_gain":0,"player_choice":"Card Removal","damage_taken":7,"max_hp_gain":0,"max_hp_loss":0,"event_name":"Golden Wing","floor":3,"gold_loss":0},{"damage_healed":0,"gold_gain":0,"player_choice":"Entered Light","damage_taken":24,"max_hp_gain":0,"max_hp_loss":0,"event_name":"Shining Light","floor":4,"gold_loss":0,"cards_upgraded":["Strike_R","Defend_R"]},{"damage_healed":0,"gold_gain":0,"player_choice":"Fled","damage_taken":0,"max_hp_gain":0,"max_hp_loss":0,"event_name":"Scrap Ooze","floor":12,"gold_loss":0}],"is_beta":false,"boss_relics":[],"items_purged_floors":[14],"is_endless":false,"potions_floor_spawned":[1,7,11],"killed_by":"The Guardian","ascension_level":20}}