{"host":"0cm5wy4nhuju7tij","time":1608111322,"event":{"mods":["2.2 Compatiblity","AchievementEnabler","BaseMod","Better Third Choice","BetterRewards","Colored Powertips","Curses Come First","Custom Start","Displayed Cursed Tome","Downfall","Energized Spire","Filter the Spire","Fireblade Mod","Highlight Path","Minty Spire (QoL Compilation)","Permanent Neow","Railgun Mod","Robot Space Explorer","Shop Mod","Spicy Shops","StSLib","The Mystic","The Servant 0.9.4"],"gold_per_floor":[117,136,30,49,60,60,77,77,77,42,53,128,128,147,147,247,247,263,263,263],"floor_reached":19,"playtime":903,"items_purged":[],"score":169,"play_id":"905f29e1-c3f6-4245-a20f-0b7cfff10a8c","local_time":"20201216043522","is_ascension_mode":true,"campfire_choices":[{"data":"Luminosity","floor":6,"key":"SMITH"},{"floor":8,"key":"REST"},{"data":"SilverBlades","floor":13,"key":"SMITH"},{"floor":15,"key":"REST"}],"circlet_count":0,"master_deck":["Strike_S","Strike_S","Strike_S","Strike_S","Defend_S","Defend_S","Defend_S","Defend_S","KidneyShot","Exchange","Alleviate","ShatteredReality","Luminosity+1","Defy","Unruled","ShiftingGears","Spin","SilverBlades+1","Sunlight","Solidify","Rearm"],"relics":["Uniform","Blood Vial","Black Star"],"acts_visited":["Exordium","TheCity"],"potions_floor_usage":[],"damage_taken":[{"damage":5,"enemies":"Cultist","floor":1,"turns":6},{"damage":3,"enemies":"Small Slimes","floor":2,"turns":4},{"damage":14,"enemies":"2 Louse","floor":4,"turns":4},{"damage":11,"enemies":"2 Fungi Beasts","floor":5,"turns":4},{"damage":6,"enemies":"Blue Slaver","floor":7,"turns":4},{"damage":7,"enemies":"Red Slaver","floor":11,"turns":3},{"damage":11,"enemies":"Lots of Slimes","floor":14,"turns":2},{"damage":40,"enemies":"Hexaghost","floor":16,"turns":11},{"damage":58,"enemies":"3 Byrds","floor":18,"turns":6},{"damage":13,"enemies":"Shell Parasite","floor":19,"turns":2}],"seed_played":"7891476252488988596","potions_obtained":[{"floor":0,"key":"BlessingOfTheForge"},{"floor":0,"key":"Strength Potion"},{"floor":0,"key":"ColorlessPotion"},{"floor":1,"key":"EntropicBrew"}],"is_trial":false,"path_per_floor":["M","M","$","M","M","R","M","R","T","?","M","?","R","M","R","B",null,"M","M"],"character_chosen":"THE_SERVANT","items_purchased":["Luminosity","Defy"],"campfire_rested":2,"item_purchase_floors":[3,3],"current_hp_per_floor":[60,57,57,43,32,32,26,45,45,61,56,45,45,36,55,17,65,7,0,0],"gold":263,"neow_bonus":"THREE_SMALL_POTIONS","is_daily":false,"chose_seed":false,"campfire_upgraded":2,"win_rate":0.0,"timestamp":1608111322,"path_taken":["M","M","$","?","M","R","M","R","T","?","M","?","R","M","R","BOSS","M","M"],"items_purchased_type":["Card","Card"],"build_version":"2020-12-13","purchased_purges":0,"victory":false,"max_hp_per_floor":[65,65,65,65,65,65,65,65,65,65,65,65,65,65,65,65,65,65,65,65],"card_choices":[{"not_picked":["BottledTime","Collapse"],"picked":"Alleviate","floor":1},{"not_picked":["BottledTime","Starlight"],"picked":"ShatteredReality","floor":2},{"not_picked":["KillingDoll","Replace"],"picked":"Unruled","floor":4},{"not_picked":["Revamp","Hightail"],"picked":"ShiftingGears","floor":5},{"not_picked":["Defy","Unruled"],"picked":"Spin","floor":7},{"not_picked":["StarChef","TimeWarp"],"picked":"SilverBlades","floor":11},{"not_picked":["Starlight","Sabotage"],"picked":"Sunlight","floor":14},{"not_picked":["Sunlight","TheWorld"],"picked":"Solidify","floor":16},{"not_picked":["Alleviate","Deadline"],"picked":"Rearm","floor":18}],"player_experience":232885,"relics_obtained":[{"floor":9,"key":"Blood Vial"}],"event_choices":[{"damage_healed":16,"gold_gain":0,"player_choice":"Healed","damage_taken":0,"max_hp_gain":0,"max_hp_loss":0,"event_name":"The Cleric","floor":10,"gold_loss":35},{"damage_healed":0,"gold_gain":75,"player_choice":"Gold","damage_taken":11,"max_hp_gain":0,"max_hp_loss":0,"event_name":"betterThird:BetterGoop","floor":12,"gold_loss":0}],"is_beta":false,"boss_relics":[{"not_picked":["Busted Crown","energizedSpire:MagnifyingGlass"],"picked":"Black Star"}],"items_purged_floors":[],"is_endless":false,"potions_floor_spawned":[1,2,11],"killed_by":"Shell Parasite","ascension_level":1}}