{"host":"hgkb2zpbo2dcws21","time":1608125562,"event":{"mods":["AchievementEnabler","BaseMod","Colored Map","Colored Powertips","Custom Start","DeckTracker","KOR Keyword Fix","Minty Spire (QoL Compilation)","StSLib","SuperFastMode"],"gold_per_floor":[113,113,130,130,147,147,160,160,206,226,226,151,151,151],"floor_reached":13,"playtime":285,"items_purged":["Strike_G"],"score":143,"play_id":"d564c5a6-3d1c-48af-9c40-173b32eaf4c8","local_time":"20201216223242","is_ascension_mode":true,"campfire_choices":[{"data":"Footwork","floor":6,"key":"SMITH"},{"data":"Tactician","floor":8,"key":"SMITH"}],"circlet_count":0,"master_deck":["AscendersBane","Strike_G","Strike_G","Strike_G","Strike_G","Defend_G","Defend_G","Defend_G","Defend_G","Defend_G","Survivor","Neutralize","Envenom+1","Footwork+1","Predator","Prepared","Tactician+1","Acrobatics"],"relics":["Ring of the Snake","Pen Nib"],"acts_visited":["Exordium"],"potions_floor_usage":[5,10,13,13],"damage_taken":[{"damage":12,"enemies":"Jaw Worm","floor":1,"turns":7},{"damage":7,"enemies":"Small Slimes","floor":3,"turns":6},{"damage":4,"enemies":"Cultist","floor":5,"turns":3},{"damage":13,"enemies":"Large Slime","floor":7,"turns":9},{"damage":19,"enemies":"Exordium Wildlife","floor":10,"turns":8},{"damage":12,"enemies":"3 Sentries","floor":13,"turns":4}],"seed_played":"-450647916230104212","potions_obtained":[{"floor":1,"key":"BlessingOfTheForge"},{"floor":3,"key":"DistilledChaos"},{"floor":4,"key":"EntropicBrew"}],"is_trial":false,"path_per_floor":["M","?","M","?","M","R","M","R","T","M","?","$","E"],"character_chosen":"THE_SILENT","items_purchased":[],"campfire_rested":0,"item_purchase_floors":[],"current_hp_per_floor":[47,47,40,40,36,36,23,23,23,4,4,4,0,0],"gold":151,"neow_bonus":"THREE_RARE_CARDS","is_daily":false,"chose_seed":false,"campfire_upgraded":2,"win_rate":0.0,"timestamp":1608125562,"path_taken":["M","?","M","?","M","R","M","R","T","?","?","?","E"],"items_purchased_type":[],"build_version":"2020-12-13","purchased_purges":1,"victory":false,"max_hp_per_floor":[60,60,60,60,60,60,60,60,60,60,60,60,60,60],"card_choices":[{"not_picked":["A Thousand Cuts","Malaise"],"picked":"Envenom","floor":0},{"not_picked":["Sucker Punch","Outmaneuver"],"picked":"Footwork","floor":1},{"not_picked":["Footwork","Deflect"],"picked":"Predator","floor":3},{"not_picked":["Finisher","PiercingWail"],"picked":"Prepared","floor":5},{"not_picked":["Well Laid Plans","Deadly Poison"],"picked":"Tactician","floor":7},{"not_picked":["Concentrate","Backflip"],"picked":"Acrobatics","floor":10}],"player_experience":1077016,"relics_obtained":[{"floor":9,"key":"Pen Nib"}],"event_choices":[{"damage_healed":0,"gold_gain":0,"player_choice":"Grow","damage_taken":0,"max_hp_gain":0,"max_hp_loss":0,"event_name":"Living Wall","floor":2,"gold_loss":0,"cards_upgraded":["Envenom"]},{"damage_healed":0,"gold_gain":0,"player_choice":"Got Potions","damage_taken":0,"max_hp_gain":0,"max_hp_loss":0,"event_name":"Lab","floor":4,"gold_loss":0},{"damage_healed":0,"gold_gain":0,"player_choice":"Ignored","damage_taken":0,"max_hp_gain":0,"max_hp_loss":0,"event_name":"Shining Light","floor":11,"gold_loss":0}],"is_beta":false,"boss_relics":[],"items_purged_floors":[12],"is_endless":false,"potions_floor_spawned":[1,3],"killed_by":"3 Sentries","ascension_level":18}}