{"host":"gx04ak8ofzo346nl","time":1608123105,"event":{"mods":["BaseMod","Colored Map","Duelist Mod","Friendly Minions","Googly Eyes","Minty Spire (QoL Compilation)","Replay The Spire","StSLib","The Animator","The Construct","The Cursed","The Disciple","The Necromancer","The Servant 0.9.4"],"gold_per_floor":[128,159,179,208,228,228,228],"floor_reached":6,"playtime":784,"items_purged":[],"score":40,"play_id":"73017af4-11aa-4156-8b55-af9a8d97d624","local_time":"20201216045145","is_ascension_mode":false,"campfire_choices":[],"circlet_count":0,"master_deck":["animator:Strike_Konosuba","animator:Defend_Konosuba","animator:Strike","animator:Strike","animator:Strike","animator:Defend","animator:Defend","animator:Defend","animator:Kazuma","animator:Aqua","animator:Vanir","animator:PandorasActor","animator:Darkness","animator:Megumin+2"],"relics":["animator:LivingPicture","animator:TheMissingPiece","animator:PurgingStone"],"acts_visited":["Exordium"],"potions_floor_usage":[4,6],"damage_taken":[{"damage":1,"enemies":"Cultist","floor":1,"turns":5},{"damage":0,"enemies":"2 Louse","floor":2,"turns":2},{"damage":0,"enemies":"Small Slimes","floor":3,"turns":3},{"damage":9,"enemies":"Exordium Thugs","floor":4,"turns":10},{"damage":0,"enemies":"Large Slime","floor":5,"turns":8},{"damage":69,"enemies":"Lagavulin","floor":6,"turns":12}],"seed_played":"1793533353982483272","potions_obtained":[{"floor":1,"key":"SkillPotion"},{"floor":3,"key":"Swift Potion"}],"is_trial":false,"path_per_floor":["M","M","M","M","M","E"],"character_chosen":"THE_ANIMATOR","items_purchased":[],"campfire_rested":0,"item_purchase_floors":[],"current_hp_per_floor":[72,72,73,66,68,1,1],"gold":228,"neow_bonus":"TEN_PERCENT_HP_BONUS","is_daily":false,"chose_seed":false,"campfire_upgraded":0,"win_rate":0.0,"timestamp":1608123105,"path_taken":["M","?","M","M","M","E"],"items_purchased_type":[],"build_version":"2020-12-13","purchased_purges":0,"victory":false,"max_hp_per_floor":[72,72,73,73,73,73,73],"card_choices":[{"not_picked":["animator:GazelDwargon","animator:FielNirvalen"],"picked":"animator:Vanir","floor":1},{"not_picked":["animator:Benimaru","animator:Ciel"],"picked":"animator:PandorasActor","floor":2},{"not_picked":["animator:ChlammyZell","animator:Togame"],"picked":"animator:Darkness","floor":3},{"not_picked":["animator:Chris","animator:Kazuma"],"picked":"animator:Megumin","floor":4},{"not_picked":["animator:DolaCouronne","animator:Hakurou","animator:Jibril"],"picked":"SKIP","floor":5}],"player_experience":178858,"relics_obtained":[],"event_choices":[],"is_beta":false,"boss_relics":[],"items_purged_floors":[],"is_endless":false,"potions_floor_spawned":[1,3],"killed_by":"Lagavulin","ascension_level":0}}