{"host":"is2s59edl8twrhoj","time":1608092146,"event":{"mods":["BaseMod","Colored Map","Colored Powertips","DeckTracker","Minty Spire (QoL Compilation)","StSLib"],"gold_per_floor":[119,44,56,73,73,73,89,89,89],"floor_reached":8,"playtime":363,"items_purged":["Strike_G"],"score":84,"play_id":"896e28f4-47ab-498a-b2be-62970f1baa0d","local_time":"20201216041546","is_ascension_mode":true,"campfire_choices":[{"data":"Neutralize","floor":6,"key":"SMITH"}],"circlet_count":0,"master_deck":["AscendersBane","Strike_G","Strike_G","Strike_G","Strike_G+1","Defend_G+1","Defend_G","Defend_G","Defend_G","Defend_G","Survivor","Neutralize+1","Grand Finale","Acrobatics","Skewer"],"relics":["Ring of the Snake"],"acts_visited":["Exordium"],"potions_floor_usage":[8],"damage_taken":[{"damage":10,"enemies":"Small Slimes","floor":1,"turns":6},{"damage":1,"enemies":"Jaw Worm","floor":3,"turns":6},{"damage":0,"enemies":"Cultist","floor":4,"turns":3},{"damage":14,"enemies":"Exordium Thugs","floor":7,"turns":8},{"damage":24,"enemies":"Lagavulin","floor":8,"turns":5}],"seed_played":"-5349344733643180877","potions_obtained":[{"floor":1,"key":"SpeedPotion"},{"floor":3,"key":"SteroidPotion"},{"floor":7,"key":"EssenceOfSteel"}],"is_trial":false,"path_per_floor":["M","$","M","M","?","R","M","E"],"character_chosen":"THE_SILENT","items_purchased":[],"campfire_rested":0,"item_purchase_floors":[],"current_hp_per_floor":[49,49,48,48,28,28,14,0,0],"gold":89,"neow_bonus":"ONE_RANDOM_RARE_CARD","is_daily":false,"chose_seed":false,"campfire_upgraded":1,"win_rate":0.0,"timestamp":1608092146,"path_taken":["M","$","M","M","?","R","M","E"],"items_purchased_type":[],"build_version":"2020-12-13","purchased_purges":1,"victory":false,"max_hp_per_floor":[66,66,66,66,66,66,66,66,66],"card_choices":[{"not_picked":["Escape Plan","Deflect","Cloak And Dagger"],"picked":"SKIP","floor":1},{"not_picked":["Bane","Underhanded Strike"],"picked":"Acrobatics","floor":3},{"not_picked":["Bane","Concentrate","Sucker Punch"],"picked":"SKIP","floor":4},{"not_picked":["All Out Attack","Deflect"],"picked":"Skewer","floor":7}],"player_experience":625570,"relics_obtained":[],"event_choices":[{"damage_healed":0,"gold_gain":0,"player_choice":"Entered Light","damage_taken":20,"max_hp_gain":0,"max_hp_loss":0,"event_name":"Shining Light","floor":5,"gold_loss":0,"cards_upgraded":["Strike_G","Defend_G"]}],"is_beta":false,"boss_relics":[],"items_purged_floors":[2],"is_endless":false,"potions_floor_spawned":[1,3,7],"killed_by":"Lagavulin","ascension_level":15}}