{"host":"awsx6hu75lh7tsqd","time":1608102519,"event":{"mods":["AchievementEnabler","BaseMod","BetterRewards","Colored Map","Hubris","Minty Spire (QoL Compilation)","Shop Mod","StSLib","The Cursed"],"gold_per_floor":[118,118,118,128,128,157,157,177,252,30,65,84,119,130,130,230,230,247,263,286,307,307,362,362,362,362],"floor_reached":25,"playtime":2977,"items_purged":["TheCursedMod:Strike_TheCursed"],"score":418,"play_id":"f8f1e0e2-8697-4de4-a0ca-831fdac35181","local_time":"20201216000839","is_ascension_mode":false,"campfire_choices":[{"data":"TheCursedMod:CursedAmulet","floor":7,"key":"SMITH"},{"data":"TheCursedMod:Neurasthenia","floor":15,"key":"SMITH"},{"floor":24,"key":"REST"}],"circlet_count":0,"master_deck":["TheCursedMod:CursedWand+1","TheCursedMod:CleanUpWorkshop+1","TheCursedMod:Dregs","TheCursedMod:CursedAmulet+1","TheCursedMod:FleshFromBone","TheCursedMod:HellsGateOpen","TheCursedMod:SmokeScreen","TheCursedMod:SpitefulStrike","TheCursedMod:Neurasthenia+1","TheCursedMod:SpitefulStrike","TheCursedMod:DemonSword","TheCursedMod:StunningStrike","TheCursedMod:Evocation","TheCursedMod:DarkBarrier","TheCursedMod:BloodBarrier","TheCursedMod:Torture","TheCursedMod:DemonSword","TheCursedMod:HellfireBreathing","TheCursedMod:SpitefulPlan","hubris:Greed","TheCursedMod:CircleOfBlood+1","hubris:Greed","hubris:Greed","hubris:Greed","TheCursedMod:NeowsMight","hubris:Greed"],"relics":["TheCursedMod:BlackMagic101","NeowsBlessing","Boot","Bronze Scales","hubris:SlimyHat","Pandora\u0027s Box","hubris:Towel","Bag of Marbles"],"acts_visited":["Exordium","TheCity"],"potions_floor_usage":[11,13,13,13,25],"damage_taken":[{"damage":0,"enemies":"Small Slimes","floor":1,"turns":1},{"damage":0,"enemies":"2 Louse","floor":4,"turns":1},{"damage":0,"enemies":"3 Sentries","floor":6,"turns":1},{"damage":0,"enemies":"Jaw Worm","floor":8,"turns":3},{"damage":0,"enemies":"Lagavulin","floor":11,"turns":9},{"damage":0,"enemies":"Blue Slaver","floor":12,"turns":4},{"damage":25,"enemies":"3 Sentries","floor":13,"turns":6},{"damage":0,"enemies":"Gremlin Gang","floor":14,"turns":4},{"damage":26,"enemies":"The Guardian","floor":16,"turns":11},{"damage":17,"enemies":"2 Thieves","floor":18,"turns":4},{"damage":3,"enemies":"Shell Parasite","floor":19,"turns":4},{"damage":13,"enemies":"Centurion and Healer","floor":20,"turns":6},{"damage":6,"enemies":"Snecko","floor":21,"turns":5},{"damage":21,"enemies":"Slavers","floor":23,"turns":5},{"damage":48,"enemies":"Gremlin Leader","floor":25,"turns":5}],"seed_played":"-7180903310813068042","potions_obtained":[{"floor":1,"key":"Energy Potion"},{"floor":8,"key":"SteroidPotion"},{"floor":11,"key":"Swift Potion"},{"floor":12,"key":"SpeedPotion"},{"floor":18,"key":"Dexterity Potion"},{"floor":23,"key":"SkillPotion"}],"is_trial":false,"path_per_floor":["M","?","?","M","?","E","R","M","T","$","E","M","E","M","R","B",null,"M","M","M","M","?","E","R","E"],"character_chosen":"THE_CURSED","items_purchased":["TheCursedMod:FleshFromBone","TheCursedMod:HellsGateOpen","TheCursedMod:SmokeScreen"],"campfire_rested":1,"item_purchase_floors":[10,10,10],"current_hp_per_floor":[75,75,75,75,68,68,68,68,68,68,68,68,43,43,43,17,75,58,55,42,40,40,19,41,0,0],"gold":362,"neow_bonus":"THREE_ENEMY_KILL","is_daily":false,"chose_seed":false,"campfire_upgraded":2,"win_rate":0.0,"timestamp":1608102519,"path_taken":["M","?","?","M","?","E","R","M","T","?","E","M","E","M","R","BOSS","M","M","?","M","?","E","R","E"],"items_purchased_type":["Card","Card","Card"],"build_version":"2020-12-13","purchased_purges":1,"victory":false,"max_hp_per_floor":[75,75,75,75,75,75,75,75,75,75,75,75,75,75,75,75,75,75,75,75,75,75,75,75,75,75],"card_choices":[{"not_picked":["TheCursedMod:StingEye","TheCursedMod:CircleOfFlame"],"picked":"TheCursedMod:CursedAmulet","floor":1},{"not_picked":["TheCursedMod:Evocation","TheCursedMod:BlessingInDisguise","TheCursedMod:CursedBoomerang"],"picked":"SKIP","floor":4},{"not_picked":["TheCursedMod:SpreadPlague","TheCursedMod:LuckyCharm","TheCursedMod:BlessingInDisguise"],"picked":"SKIP","floor":6},{"not_picked":["TheCursedMod:SpreadPlague","TheCursedMod:AshesToAshes","TheCursedMod:Torture"],"picked":"SKIP","floor":8},{"not_picked":["TheCursedMod:EmpowerCircles","TheCursedMod:VitalStrike","TheCursedMod:ReleasedKnowledge"],"picked":"SKIP","floor":11},{"not_picked":["TheCursedMod:WearCloak","TheCursedMod:TacticalStrike"],"picked":"TheCursedMod:SpitefulStrike","floor":12},{"not_picked":["TheCursedMod:Wield","TheCursedMod:VitalStrike"],"picked":"TheCursedMod:Neurasthenia","floor":13},{"not_picked":["TheCursedMod:CircleOfCorruption","TheCursedMod:CursedBlade"],"picked":"TheCursedMod:SpitefulStrike","floor":14},{"not_picked":["TheCursedMod:ParallelWorld","TheCursedMod:ShockAndAwe"],"picked":"TheCursedMod:DemonSword","floor":16},{"not_picked":["TheCursedMod:TacticalStrike","TheCursedMod:StingEye"],"picked":"TheCursedMod:HellfireBreathing","floor":18},{"not_picked":["TheCursedMod:BlessingInDisguise+1","TheCursedMod:VitalStrike"],"picked":"TheCursedMod:SpitefulPlan","floor":19},{"not_picked":["TheCursedMod:FleshFromBone","TheCursedMod:CircleOfCorruption"],"picked":"TheCursedMod:CircleOfBlood+1","floor":20},{"not_picked":["TheCursedMod:CircleOfAmplification+1","TheCursedMod:CursedShiv","TheCursedMod:AbyssShockwave"],"picked":"SKIP","floor":21},{"not_picked":["TheCursedMod:CursedStaff","TheCursedMod:FuryStrike"],"picked":"TheCursedMod:NeowsMight","floor":23}],"player_experience":103194,"relics_obtained":[{"floor":6,"key":"Boot"},{"floor":11,"key":"Bronze Scales"},{"floor":13,"key":"hubris:SlimyHat"},{"floor":23,"key":"Bag of Marbles"}],"event_choices":[{"damage_healed":0,"gold_gain":0,"player_choice":"Grow","damage_taken":0,"max_hp_gain":0,"max_hp_loss":0,"event_name":"Living Wall","floor":2,"gold_loss":0,"cards_upgraded":["TheCursedMod:CleanUpWorkshop"]},{"cards_removed":["TheCursedMod:Defend_TheCursed"],"damage_healed":0,"gold_gain":0,"player_choice":"Card Removal","damage_taken":7,"max_hp_gain":0,"max_hp_loss":0,"event_name":"Golden Wing","floor":5,"gold_loss":0}],"is_beta":false,"boss_relics":[{"not_picked":["Tiny House","hubris:VirtuousBlindfold"],"picked":"Pandora\u0027s Box"}],"items_purged_floors":[10],"is_endless":false,"potions_floor_spawned":[1,8,11,12,18,23],"killed_by":"Gremlin Leader","ascension_level":0}}