{"host":"fo1pcjb7ykmk7tjo","time":1608142995,"event":{"mods":["BaseMod","Colored Map","Downfall","Hermit","Hubris","Infinite Spire","Marisa????????","Minty Spire (QoL Compilation)","Replay The Spire","StSLib","The Disciple","The Servant 0.9.4"],"gold_per_floor":[117,117,214,227,238,238,243,243],"floor_reached":7,"playtime":137,"items_purged":[],"score":41,"play_id":"9fc85c6c-b500-44ca-93c4-b55003049c16","local_time":"20201216192315","is_ascension_mode":false,"campfire_choices":[{"data":"infinitespire:NeuralNetwork","floor":6,"key":"SMITH"}],"circlet_count":0,"master_deck":["hermit:Strike_Hermit","hermit:Strike_Hermit","hermit:Strike_Hermit","hermit:Strike_Hermit","hermit:Defend_Hermit","hermit:Defend_Hermit","hermit:Defend_Hermit","hermit:Defend_Hermit","hermit:Snapshot","hermit:Covet","hermit:Coalescence","ReplayTheSpireMod:Faulty Equipment","Guardian:Aged","infinitespire:NeuralNetwork+1","ReplayTheSpireMod:Splinters","hermit:FlashPowder","hermit:CursedWeapon","hermit:Scavenge","hermit:FlashPowder","hermit:Adapt"],"relics":["hermit:Momento","NeowsBlessing"],"acts_visited":["Exordium"],"potions_floor_usage":[],"damage_taken":[{"damage":0.0,"enemies":"2 Louse","floor":1.0,"turns":1.0},{"damage":0,"enemies":"Jaw Worm","floor":4,"turns":2},{"damage":0,"enemies":"Small Slimes","floor":5,"turns":1},{"damage":6,"enemies":"3 Sentries","floor":7,"turns":2}],"seed_played":"-1721645084567959430","potions_obtained":[{"floor":1.0,"key":"Explosive Potion"}],"is_trial":false,"path_per_floor":["M","?","?","M","M","R","E"],"character_chosen":"HERMIT","items_purchased":[],"campfire_rested":0,"item_purchase_floors":[],"current_hp_per_floor":[75,75,75,75,75,75,69,69],"gold":243,"neow_bonus":"THREE_ENEMY_KILL","is_daily":false,"chose_seed":false,"campfire_upgraded":1,"win_rate":0.0,"timestamp":1608142995,"path_taken":["M","?","?","?","M","R","E"],"items_purchased_type":[],"build_version":"2020-12-13","purchased_purges":0,"victory":false,"max_hp_per_floor":[75,75,75,75,75,75,75,75],"card_choices":[{"not_picked":["hermit:LuckOfTheDraw","hermit:Glare"],"picked":"hermit:Coalescence","floor":1.0},{"not_picked":["ReplayTheSpireMod:Echoes of Time","infinitespire:DeathsTouch"],"picked":"infinitespire:NeuralNetwork","floor":2.0},{"not_picked":["hermit:Desperado","hermit:Showdown"],"picked":"hermit:FlashPowder","floor":3},{"not_picked":["hermit:Vantage","hermit:LowProfile"],"picked":"hermit:CursedWeapon","floor":3},{"not_picked":["hermit:GhostlyPresence","hermit:GoldenBullet"],"picked":"hermit:Scavenge","floor":3},{"not_picked":["hermit:HoleUp","hermit:Ricochet"],"picked":"hermit:FlashPowder","floor":4},{"not_picked":["hermit:ItchyTrigger","hermit:Virtue"],"picked":"hermit:Adapt","floor":5}],"player_experience":154106,"relics_obtained":[],"event_choices":[],"is_beta":false,"boss_relics":[],"items_purged_floors":[],"is_endless":false,"potions_floor_spawned":[1],"killed_by":"3 Sentries","ascension_level":0}}