{"host":"sav7uxregyirlf69","time":1608085042,"event":{"mods":["AchievementEnabler","BaseMod","Colored Map","DeckTracker","Keyboard Shortcuts","Minty Spire (QoL Compilation)","READ ME - Guardian Mod","StSLib","SuperFastMode"],"gold_per_floor":[117,133,133,133,133,160,160,175,201,270,270,285,315,325,325,399,399,418,64,74,88,138,165,165,175,175,225,12,80,80,93,93,93,93],"floor_reached":33,"playtime":502,"items_purged":["Strike_B","Strike_B+1"],"score":604,"play_id":"aff61bb6-1d51-43be-b7a8-5476e0bc6e23","local_time":"20201216111722","is_ascension_mode":true,"campfire_choices":[{"data":"Zap","floor":7,"key":"SMITH"},{"data":"Dualcast","floor":11,"key":"SMITH"},{"floor":15,"key":"REST"},{"data":"Thunder Strike","floor":24,"key":"SMITH"},{"floor":30,"key":"REST"},{"floor":32,"key":"REST"}],"circlet_count":0,"master_deck":["AscendersBane","Strike_B+1","Defend_B","Defend_B","Defend_B","Zap+1","Dualcast+1","Ball Lightning","Ball Lightning","Gash","Conserve Battery","FTL","Thunder Strike+1","Electrodynamics","Tempest","Auto Shields","Ball Lightning","Steam Power","Turbo","Aggregate+1"],"relics":["Cracked Core","NeowsBlessing","SsserpentHead","Potion Belt","Vajra","Omamori","Calling Bell","MealTicket","Shuriken","TungstenRod","Singing Bowl","Boot","Bottled Lightning","TheAbacus"],"acts_visited":["Exordium","TheCity"],"potions_floor_usage":[13,16,23,25,33],"damage_taken":[{"damage":0,"enemies":"Cultist","floor":1,"turns":1},{"damage":0,"enemies":"Jaw Worm","floor":2,"turns":1},{"damage":0,"enemies":"Gremlin Nob","floor":6,"turns":1},{"damage":0,"enemies":"Small Slimes","floor":8,"turns":2},{"damage":0,"enemies":"Gremlin Gang","floor":10,"turns":4},{"damage":4,"enemies":"Looter","floor":12,"turns":2},{"damage":24,"enemies":"3 Sentries","floor":13,"turns":5},{"damage":29,"enemies":"Slime Boss","floor":16,"turns":5},{"damage":10,"enemies":"Spheric Guardian","floor":18,"turns":3},{"damage":18,"enemies":"Chosen","floor":20,"turns":4},{"damage":3,"enemies":"Centurion and Healer","floor":21,"turns":3},{"damage":19,"enemies":"Gremlin Leader","floor":23,"turns":5},{"damage":26,"enemies":"Snake Plant","floor":25,"turns":3},{"damage":14,"enemies":"Shelled Parasite and Fungi","floor":29,"turns":3},{"damage":20,"enemies":"Centurion and Healer","floor":31,"turns":5},{"damage":56,"enemies":"Collector","floor":33,"turns":5}],"seed_played":"9045848898832212911","potions_obtained":[{"floor":2,"key":"SmokeBomb"},{"floor":8,"key":"Energy Potion"},{"floor":12,"key":"ColorlessPotion"},{"floor":13,"key":"Strength Potion"},{"floor":14,"key":"Block Potion"},{"floor":14,"key":"Strength Potion"},{"floor":18,"key":"Ancient Potion"},{"floor":29,"key":"Explosive Potion"}],"is_trial":false,"path_per_floor":["M","M","?","?","?","E","R","M","T","M","R","M","E","?","R","B",null,"M","$","M","M","?","E","R","M","T","?","$","M","R","M","R","B"],"character_chosen":"DEFECT","items_purchased":["Singing Bowl","TheAbacus"],"campfire_rested":3,"item_purchase_floors":[19,28],"current_hp_per_floor":[64,64,69,46,46,46,46,46,46,46,46,42,18,18,40,11,60,50,65,49,46,46,29,29,3,3,3,18,6,30,10,34,0,0],"gold":93,"neow_bonus":"THREE_ENEMY_KILL","is_daily":false,"chose_seed":false,"campfire_upgraded":3,"win_rate":0.0,"timestamp":1608085042,"path_taken":["M","M","?","?","?","E","R","M","T","?","R","M","E","?","R","BOSS","M","$","M","M","?","E","R","M","T","?","?","?","R","M","R","BOSS"],"items_purchased_type":["Relic","Relic"],"build_version":"2020-12-13","purchased_purges":2,"victory":false,"max_hp_per_floor":[71,71,76,76,76,76,76,76,76,76,76,76,76,76,76,76,76,76,76,78,78,78,80,80,80,80,80,80,82,82,82,82,82,82],"card_choices":[{"not_picked":["Gash","Chaos"],"picked":"Ball Lightning","floor":1},{"not_picked":["Stack","Darkness"],"picked":"Ball Lightning","floor":2},{"not_picked":["White Noise","Scrape"],"picked":"Gash","floor":6},{"not_picked":["Doom and Gloom","Fusion","Ball Lightning"],"picked":"SKIP","floor":8},{"not_picked":["Turbo","Rebound"],"picked":"Conserve Battery","floor":10},{"not_picked":["Storm","Sweeping Beam"],"picked":"FTL","floor":12},{"not_picked":["Ball Lightning","Recycle"],"picked":"Thunder Strike","floor":13},{"not_picked":["Thunder Strike","Amplify"],"picked":"Electrodynamics","floor":16},{"not_picked":["White Noise","Loop"],"picked":"Tempest","floor":18},{"not_picked":["FTL+1","White Noise","Go for the Eyes"],"picked":"Singing Bowl","floor":20},{"not_picked":["White Noise","Conserve Battery"],"picked":"Auto Shields","floor":21},{"not_picked":["Leap","Rebound+1","Cold Snap+1"],"picked":"Singing Bowl","floor":23},{"not_picked":["Double Energy","Creative AI"],"picked":"Turbo","floor":25},{"not_picked":["Barrage","Blizzard+1","Hello World"],"picked":"Singing Bowl","floor":29},{"not_picked":["Sweeping Beam","Tempest"],"picked":"Aggregate+1","floor":31}],"player_experience":917096,"relics_obtained":[{"floor":6,"key":"Potion Belt"},{"floor":9,"key":"Vajra"},{"floor":13,"key":"Omamori"},{"floor":17,"key":"MealTicket"},{"floor":17,"key":"Shuriken"},{"floor":17,"key":"TungstenRod"},{"floor":23,"key":"Boot"},{"floor":26,"key":"Bottled Lightning"}],"event_choices":[{"damage_healed":0,"gold_gain":0,"player_choice":"Donut","damage_taken":0,"max_hp_gain":5,"max_hp_loss":0,"event_name":"Big Fish","floor":3,"gold_loss":0},{"damage_healed":0,"gold_gain":0,"player_choice":"Entered Light","damage_taken":23,"max_hp_gain":0,"max_hp_loss":0,"event_name":"Shining Light","floor":4,"gold_loss":0,"cards_upgraded":["Strike_B","Strike_B"]},{"damage_healed":0,"gold_gain":0,"player_choice":"Trade","damage_taken":0,"relics_obtained":["SsserpentHead"],"max_hp_gain":0,"max_hp_loss":0,"event_name":"FaceTrader","floor":5,"gold_loss":0},{"damage_healed":0,"gold_gain":0,"player_choice":"Bought 3 Potions","damage_taken":0,"max_hp_gain":0,"max_hp_loss":0,"event_name":"The Woman in Blue","floor":14,"gold_loss":0},{"damage_healed":0,"gold_gain":0,"cards_transformed":["Strike_B","Defend_B"],"player_choice":"Became Test Subject","damage_taken":0,"max_hp_gain":0,"max_hp_loss":0,"event_name":"Drug Dealer","floor":22,"gold_loss":0,"cards_obtained":["Ball Lightning","Steam Power"]},{"damage_healed":0,"gold_gain":0,"player_choice":"Ignored","damage_taken":0,"max_hp_gain":0,"max_hp_loss":0,"event_name":"Vampires","floor":27,"gold_loss":0}],"is_beta":false,"boss_relics":[{"not_picked":["Busted Crown","Astrolabe"],"picked":"Calling Bell"}],"items_purged_floors":[19,28],"is_endless":false,"potions_floor_spawned":[2,8,12,13,18,29],"killed_by":"Collector","ascension_level":20}}