{"host":"eez7vtcxu2i37lck","time":1608093931,"event":{"mods":["AchievementEnabler","BaseMod","Colored Map","Colored Powertips","Downfall","Hermit","Highlight Path","Hubris","Infinite Spire","Jorbs\u0027s Wanderer Trilogy","Minty Spire (QoL Compilation)","Quick Restart","Rare Cards Sparkle","Replay The Spire","Shop Mod","StSLib","The IronCluck"],"gold_per_floor":[113,113,130,130,150,150,200,33,106,31,45,60,73,73,73,73,73],"floor_reached":16,"playtime":500,"items_purged":["hermit:Defend_Hermit"],"score":92,"play_id":"1a6d5567-483b-40da-8127-1ed00c3ccdd0","local_time":"20201215234531","is_ascension_mode":false,"campfire_choices":[{"floor":6,"key":"REST"},{"data":"hermit:Desperado","floor":15,"key":"SMITH"}],"circlet_count":0,"master_deck":["hermit:Strike_Hermit","hermit:Strike_Hermit","hermit:Strike_Hermit","hermit:Strike_Hermit","hermit:Defend_Hermit","hermit:Defend_Hermit","hermit:Defend_Hermit","hermit:Snapshot+1","hermit:Covet+1","hermit:Misfire","hermit:TrackingShot","hermit:Gestalt","hermit:Vantage+1","hermit:Determination","hermit:Desperado+1","hermit:Snipe","hermit:Glare"],"relics":["hermit:Momento","NlothsMask","hubris:CrystalStatue"],"acts_visited":["Exordium"],"potions_floor_usage":[13],"damage_taken":[{"damage":1,"enemies":"Cultist","floor":1,"turns":3},{"damage":0,"enemies":"2 Louse","floor":3,"turns":1},{"damage":6,"enemies":"Jaw Worm","floor":5,"turns":2},{"damage":2,"enemies":"Exordium Wildlife","floor":11,"turns":4},{"damage":1,"enemies":"Looter","floor":12,"turns":3},{"damage":7,"enemies":"Lots of Slimes","floor":13,"turns":4},{"damage":1,"enemies":"The Guardian","floor":16,"turns":2}],"seed_played":"-4832767304844140684","potions_obtained":[{"floor":11,"key":"Ancient Potion"},{"floor":12,"key":"Adrenaline Potion"},{"floor":13,"key":"infinitespire:BlackPotion"}],"is_trial":false,"path_per_floor":["M","?","M","?","M","R","T","$","T","$","M","M","M","?","R","B"],"character_chosen":"HERMIT","items_purchased":["hermit:Vantage+1","hermit:Determination","hermit:Desperado"],"campfire_rested":1,"item_purchase_floors":[8,8,8],"current_hp_per_floor":[81,81,81,65,59,82,82,82,82,82,80,79,72,77,77,76,76],"gold":73,"neow_bonus":"TEN_PERCENT_HP_BONUS","is_daily":false,"chose_seed":false,"campfire_upgraded":1,"win_rate":0.0,"timestamp":1608093931,"path_taken":["M","?","?","?","M","R","?","$","T","?","M","?","M","?","R","BOSS"],"items_purchased_type":["Card","Card","Card"],"build_version":"2020-12-13","purchased_purges":1,"victory":false,"max_hp_per_floor":[82,82,82,82,82,82,82,82,82,82,82,82,82,87,87,87,87],"card_choices":[{"not_picked":["hermit:EyeOfTheStorm","hermit:Grudge"],"picked":"hermit:Misfire","floor":1},{"not_picked":["hermit:Malice","hermit:LowProfile"],"picked":"hermit:TrackingShot","floor":3},{"not_picked":["hermit:TrackingShot","hermit:CalledShot"],"picked":"hermit:Gestalt","floor":5},{"not_picked":["hermit:Purgatory","hermit:Virtue"],"picked":"hermit:Snipe","floor":11},{"not_picked":["hermit:Roulette","hermit:Manifest"],"picked":"hermit:Glare","floor":12},{"not_picked":["hermit:TakeCover","hermit:LuckOfTheDraw","hermit:Snipe"],"picked":"SKIP","floor":13}],"player_experience":216097,"relics_obtained":[{"floor":9,"key":"hubris:CrystalStatue"}],"event_choices":[{"damage_healed":0,"gold_gain":0,"player_choice":"Trade","damage_taken":0,"relics_obtained":["NlothsMask"],"max_hp_gain":0,"max_hp_loss":0,"event_name":"FaceTrader","floor":2,"gold_loss":0},{"damage_healed":0,"gold_gain":0,"player_choice":"Entered Light","damage_taken":16,"max_hp_gain":0,"max_hp_loss":0,"event_name":"Shining Light","floor":4,"gold_loss":0,"cards_upgraded":["hermit:Snapshot","hermit:Covet"]},{"damage_healed":0,"gold_gain":0,"player_choice":"Donut","damage_taken":0,"max_hp_gain":5,"max_hp_loss":0,"event_name":"Big Fish","floor":14,"gold_loss":0}],"is_beta":false,"boss_relics":[],"items_purged_floors":[10],"is_endless":false,"potions_floor_spawned":[11,12,13],"killed_by":"The Guardian","ascension_level":0}}