{"host":"mi0eibewekhugwl1","time":1608133280,"event":{"mods":["AchievementEnabler","BaseMod","Colored Map","Colored Powertips","DeckTracker","Keyboard Shortcuts","Minty Spire (QoL Compilation)","Quick Restart","Rare Cards Sparkle","Relic Stats","StSLib","SuperFastMode","everything is the same but u backflip on backflip"],"gold_per_floor":[115,129,183,183,202,202,202,219,219,233,247,14,0,0,0,78,78,93,15,15,15,0,0],"floor_reached":22,"playtime":422,"items_purged":["Strike_P"],"score":348,"play_id":"ac114543-fabd-451c-a2f1-628ff38c11f2","local_time":"20201217004120","is_ascension_mode":true,"campfire_choices":[{"data":"Eruption","floor":6,"key":"SMITH"},{"data":"TalkToTheHand","floor":15,"key":"SMITH"}],"circlet_count":0,"master_deck":["AscendersBane","Strike_P","Strike_P","Defend_P","Defend_P","Defend_P","Defend_P","Eruption+1","Vigilance","EmptyMind","FollowUp","SignatureMove","TalkToTheHand+1","Study+1","LessonLearned","TalkToTheHand","FearNoEvil","EmptyMind"],"relics":["PureWater","Bronze Scales","Darkstone Periapt","Letter Opener","MealTicket"],"acts_visited":["Exordium","TheCity"],"potions_floor_usage":[],"damage_taken":[{"damage":7,"enemies":"Cultist","floor":1,"turns":3},{"damage":4,"enemies":"2 Louse","floor":2,"turns":2},{"damage":1,"enemies":"Small Slimes","floor":5,"turns":3},{"damage":12,"enemies":"3 Louse","floor":8,"turns":3},{"damage":0,"enemies":"Red Slaver","floor":10,"turns":1},{"damage":16,"enemies":"Lots of Slimes","floor":11,"turns":3},{"damage":15,"enemies":"Hexaghost","floor":16,"turns":9},{"damage":30,"enemies":"Spheric Guardian","floor":18,"turns":5},{"damage":31,"enemies":"2 Thieves","floor":22,"turns":3}],"seed_played":"-7615568576817132246","potions_obtained":[{"floor":5,"key":"Fire Potion"}],"is_trial":false,"path_per_floor":["M","M","T","?","M","R","?","M","T","M","M","$","?","?","R","B",null,"M","$","?","$","M"],"character_chosen":"WATCHER","items_purchased":["MealTicket","FearNoEvil"],"campfire_rested":0,"item_purchase_floors":[12,19],"current_hp_per_floor":[54,50,50,50,49,49,49,37,37,37,21,21,21,21,21,6,53,23,38,38,53,22,22],"gold":0,"neow_bonus":"TRANSFORM_CARD","is_daily":false,"chose_seed":false,"campfire_upgraded":2,"win_rate":0.0,"timestamp":1608133280,"path_taken":["M","M","?","?","M","R","?","?","T","M","M","$","?","?","R","BOSS","M","$","?","$","?"],"items_purchased_type":["Relic","Card"],"build_version":"2020-12-13","purchased_purges":1,"victory":false,"max_hp_per_floor":[68,68,68,68,68,68,68,68,68,68,68,68,68,68,68,68,68,68,68,68,68,68,68],"relic_stats":{"Darkstone Periapt":0,"counters":[9,32],"Bronze Scales":[71],"MealTicket":30,"Letter Opener":[26],"obtain_stats":[{"Darkstone Periapt":7,"Bronze Scales":3,"MealTicket":12,"Letter Opener":9,"PureWater":0},{"Darkstone Periapt":3,"Bronze Scales":2,"MealTicket":6,"Letter Opener":4,"PureWater":0},{"Darkstone Periapt":8,"Bronze Scales":5,"MealTicket":15,"Letter Opener":11,"PureWater":0}]},"card_choices":[{"not_picked":["Halt","WreathOfFlame"],"picked":"FollowUp","floor":1},{"not_picked":["ThirdEye","PathToVictory"],"picked":"SignatureMove","floor":2},{"not_picked":["Crescendo","Brilliance"],"picked":"TalkToTheHand","floor":5},{"not_picked":["EmptyBody","ClearTheMind","BowlingBash"],"picked":"SKIP","floor":8},{"not_picked":["EmptyMind","CutThroughFate","EmptyBody"],"picked":"SKIP","floor":10},{"not_picked":["WheelKick","Evaluate"],"picked":"Study","floor":11},{"not_picked":["Scrawl","Judgement"],"picked":"LessonLearned","floor":16},{"not_picked":["BowlingBash","Evaluate"],"picked":"TalkToTheHand","floor":18}],"player_experience":1678434,"relics_obtained":[{"floor":3,"key":"Bronze Scales"},{"floor":9,"key":"Letter Opener"}],"event_choices":[{"damage_healed":0,"gold_gain":0,"player_choice":"Ignored","damage_taken":0,"max_hp_gain":0,"max_hp_loss":0,"event_name":"Liars Game","floor":4,"gold_loss":0},{"damage_healed":0,"gold_gain":0,"player_choice":"Gave Potion","damage_taken":0,"relics_obtained":["Darkstone Periapt"],"max_hp_gain":0,"max_hp_loss":0,"event_name":"WeMeetAgain","floor":7,"gold_loss":0},{"damage_healed":0,"gold_gain":0,"player_choice":"Left Gold","damage_taken":0,"max_hp_gain":0,"max_hp_loss":0,"event_name":"World of Goop","floor":13,"gold_loss":14},{"damage_healed":0,"gold_gain":0,"player_choice":"Forge","damage_taken":0,"max_hp_gain":0,"max_hp_loss":0,"event_name":"Accursed Blacksmith","floor":14,"gold_loss":0,"cards_upgraded":["Study"]},{"damage_healed":0,"gold_gain":0,"player_choice":"Copied","damage_taken":0,"max_hp_gain":0,"max_hp_loss":0,"event_name":"Duplicator","floor":20,"gold_loss":0,"cards_obtained":["EmptyMind"]}],"is_beta":false,"boss_relics":[{"not_picked":["Runic Dome","Busted Crown","Snecko Eye"]}],"items_purged_floors":[12],"is_endless":false,"potions_floor_spawned":[5],"killed_by":"2 Thieves","ascension_level":20}}