{"host":"dojadh45vvs5q3bn","time":1608103286,"event":{"mods":["Abigail Mod","Act Like it!","BaseMod","Colored Powertips","Friendly Minions","Gensokyo","GungeonMod","Minty Spire (QoL Compilation)","Prisma Mod","StSLib","The Alterego","The Animator","The Senshi"],"gold_per_floor":[121,121,138,156,16,49,65,87,87,105,140,140,140,165,165,262,262,275,291,291,291,291,329,329,364,364,364,383,400,411,430,454,454,454,454,454],"floor_reached":35,"playtime":1582,"items_purged":[],"score":445,"play_id":"db53ec88-a954-41ad-b661-580272a85390","local_time":"20201216082126","is_ascension_mode":true,"campfire_choices":[{"floor":12,"key":"REST"},{"data":"DemoMod:HungryBullets","floor":15,"key":"SMITH"},{"floor":24,"key":"RECALL"},{"data":"DemoMod:ManualReload","floor":27,"key":"SMITH"},{"data":"DemoMod:HuntsMan","floor":33,"key":"SMITH"}],"circlet_count":0,"master_deck":["DemoMod:Strike_Huntress","DemoMod:Strike_Huntress","DemoMod:Strike_Huntress","DemoMod:Defend_Huntress","DemoMod:Defend_Huntress","DemoMod:Defend_Huntress","DemoMod:Defend_Huntress","DemoMod:Roll","DemoMod:ManualReload+1","DemoMod:RustySidearm","DemoMod:CrossBow","Swift Strike","DemoMod:HuntsMan+1","DemoMod:HungryBullets+1","DemoMod:Casey","DemoMod:MachoBrace","DemoMod:StrategicReserve","DemoMod:GunstockTap","DemoMod:CursedBullets","DemoMod:TripleGun+1","DemoMod:Polaris+1","DemoMod:TeaPot+1","DemoMod:Gungine+1","DemoMod:HighKaliber+1","DemoMod:AbyssalTentacle+1","J.A.X.","DemoMod:DirectionalPad+1","DemoMod:Evolver","DemoMod:PotionOfGunFriendShip+1","DemoMod:BattleInHaste","DemoMod:Unmoved","DemoMod:BattleInHaste+1","DemoMod:HighKaliber+1"],"relics":["DemoMod:Dog","Mercury Hourglass","Molten Egg 2","Bronze Scales","DemoMod:SerJunkan","DemoMod:ClearGuonStone","Philosopher\u0027s Stone","alterego_mod:SomeoneToFightFor","DemoMod:Junk","FossilizedHelix"],"acts_visited":["Exordium","TheCity","TheCity"],"potions_floor_usage":[14,14,31,31,32],"damage_taken":[{"damage":2.0,"enemies":"Jaw Worm","floor":1.0,"turns":3.0},{"damage":1.0,"enemies":"Cultist","floor":3.0,"turns":3.0},{"damage":10.0,"enemies":"2 Louse","floor":4.0,"turns":2.0},{"damage":28.0,"enemies":"Lagavulin","floor":6.0,"turns":7.0},{"damage":12.0,"enemies":"Blue Slaver","floor":7.0,"turns":2.0},{"damage":0.0,"enemies":"3 Louse","floor":8.0,"turns":3.0},{"damage":0.0,"enemies":"2 Fungi Beasts","floor":10.0,"turns":2.0},{"damage":2.0,"enemies":"3 Sentries","floor":11.0,"turns":4.0},{"damage":11,"enemies":"Lagavulin","floor":14,"turns":4},{"damage":3,"enemies":"Hexaghost","floor":16,"turns":8},{"damage":18,"enemies":"2 Thieves","floor":18,"turns":3},{"damage":0,"enemies":"Shell Parasite","floor":19,"turns":3},{"damage":3,"enemies":"Gremlin Leader","floor":23,"turns":4},{"damage":3,"enemies":"Book of Stabbing","floor":25,"turns":4},{"damage":0,"enemies":"DemoMod:Veteran_shot_gun_kin_and_bullet_kin","floor":28,"turns":2},{"damage":0,"enemies":"DemoMod:4_Bullet_Kins","floor":29,"turns":3},{"damage":0,"enemies":"DemoMod:2_Mousers","floor":30,"turns":2},{"damage":0,"enemies":"DemoMod:Veteran_shot_gun_kin_and_blue_shotgun_kin_with_gunsinger","floor":31,"turns":3},{"damage":0,"enemies":"DemoMod:Red_and_blue_shotgun_kin_with_gunsinger","floor":32,"turns":2},{"damage":56,"enemies":"DemoMod:ResourcefulRat","floor":35,"turns":4}],"seed_played":"-3784779958465198977","potions_obtained":[{"floor":7.0,"key":"Block Potion"},{"floor":8.0,"key":"Strength Potion"},{"floor":10.0,"key":"DistilledChaos"},{"floor":11.0,"key":"BlessingOfTheForge"},{"floor":16,"key":"Block Potion"},{"floor":19,"key":"Swift Potion"},{"floor":23,"key":"GamblersBrew"},{"floor":25,"key":"Fire Potion"},{"floor":28,"key":"DemoMod:LeadSkinPotion"},{"floor":32,"key":"Block Potion"}],"is_trial":false,"path_per_floor":["M","?","M","M","$","E","M","M","T","M","E","R","?","E","R","B",null,"M","M","?","?","?","E","R","E","T","R","M","M","M","M","M","R","B","B"],"character_chosen":"HUNTRESS","items_purchased":["DemoMod:GnawedKey","DemoMod:MachoBrace"],"campfire_rested":1,"item_purchase_floors":[5,5],"current_hp_per_floor":[68,70,69,59,59,31,19,19,19,19,17,38,31,20,20,17,70,52,52,52,52,52,49,49,46,70,70,70,70,70,70,70,70,39,0,0],"gold":454,"neow_bonus":"RANDOM_COLORLESS","is_daily":false,"chose_seed":false,"campfire_upgraded":3,"win_rate":0.0,"timestamp":1608103286,"path_taken":["M","?","M","M","$","E","M","?","T","?","E","R","?","E","R","BOSS","M","M","?","?","?","E","R","E","T","R","M","M","M","M","M","R","BOSS","BOSS"],"items_purchased_type":["Relic","Card"],"build_version":"2020-12-13","purchased_purges":0,"victory":false,"max_hp_per_floor":[70,70,70,70,70,70,70,70,70,70,70,70,70,70,70,70,70,70,70,70,70,70,70,70,70,70,70,70,70,70,70,70,70,70,70,70],"card_choices":[{"not_picked":["Trip","Panacea"],"picked":"Swift Strike","floor":0.0},{"not_picked":["DemoMod:SAA","DemoMod:Unmoved"],"picked":"DemoMod:HuntsMan","floor":1.0},{"not_picked":["DemoMod:ZorGun","DemoMod:SAA"],"picked":"DemoMod:HungryBullets","floor":3.0},{"not_picked":["DemoMod:Rummage","DemoMod:JK47"],"picked":"DemoMod:Casey","floor":4.0},{"not_picked":["DemoMod:MegaHand","DemoMod:Ejector"],"picked":"DemoMod:StrategicReserve","floor":6.0},{"not_picked":["DemoMod:SAA","DemoMod:AC15"],"picked":"DemoMod:GunstockTap","floor":7.0},{"not_picked":["DemoMod:HuntsMan","DemoMod:StickyCrossBow"],"picked":"DemoMod:CursedBullets","floor":8.0},{"not_picked":["DemoMod:Elimentaler+1","DemoMod:AWP+1"],"picked":"DemoMod:TripleGun+1","floor":10.0},{"not_picked":["DemoMod:MachoBrace","DemoMod:Replace"],"picked":"DemoMod:Polaris+1","floor":11.0},{"not_picked":["DemoMod:EasyReloadBullets","DemoMod:Unity+1"],"picked":"DemoMod:TeaPot+1","floor":14},{"not_picked":["DemoMod:Behold!","DemoMod:FightSabre+1"],"picked":"DemoMod:Gungine+1","floor":16},{"not_picked":["DemoMod:GunShield","DemoMod:StickyCrossBow+1"],"picked":"DemoMod:HighKaliber+1","floor":18},{"not_picked":["DemoMod:CursedBullets","DemoMod:FortunesFavor"],"picked":"DemoMod:AbyssalTentacle+1","floor":19},{"not_picked":["DemoMod:LifeOrb+1","DemoMod:ConditionalReflex+1"],"picked":"DemoMod:DirectionalPad+1","floor":23},{"not_picked":["DemoMod:AbyssalTentacle+1","DemoMod:Camera+1"],"picked":"DemoMod:Evolver","floor":25},{"not_picked":["DemoMod:AWP+1","DemoMod:GunShield"],"picked":"DemoMod:PotionOfGunFriendShip+1","floor":28},{"not_picked":["DemoMod:FortunesFavor+1","DemoMod:DoubleSwitch"],"picked":"DemoMod:BattleInHaste","floor":29},{"not_picked":["DemoMod:Camera+1","DemoMod:EasyReloadBullets+1"],"picked":"DemoMod:Unmoved","floor":30},{"not_picked":["DemoMod:Casey+1","DemoMod:StickyCrossBow+1"],"picked":"DemoMod:BattleInHaste+1","floor":31},{"not_picked":["DemoMod:AC15+1","DemoMod:Camera+1"],"picked":"DemoMod:HighKaliber+1","floor":32}],"player_experience":447093,"relics_obtained":[{"floor":6.0,"key":"Mercury Hourglass"},{"floor":9.0,"key":"Molten Egg 2"},{"floor":11.0,"key":"Bronze Scales"},{"floor":14,"key":"DemoMod:ClearGuonStone"},{"floor":23,"key":"DemoMod:Junk"},{"floor":25,"key":"FossilizedHelix"}],"event_choices":[{"damage_healed":2.0,"max_hp_gain":0.0,"max_hp_loss":0.0,"gold_gain":0.0,"event_name":"Wheel of Change","player_choice":"Full Heal","floor":2.0,"gold_loss":0.0,"damage_taken":0.0},{"damage_healed":0,"gold_gain":0,"player_choice":"Success","damage_taken":7,"relics_obtained":["DemoMod:SerJunkan"],"max_hp_gain":0,"max_hp_loss":0,"event_name":"Scrap Ooze","floor":13,"gold_loss":0},{"damage_healed":0,"gold_gain":0,"player_choice":"Ignored","damage_taken":0,"max_hp_gain":0,"max_hp_loss":0,"event_name":"Ghosts","floor":20,"gold_loss":0},{"damage_healed":0,"gold_gain":0,"player_choice":"Obtain J.A.X.","damage_taken":0,"max_hp_gain":0,"max_hp_loss":0,"event_name":"Drug Dealer","floor":21,"gold_loss":0,"cards_obtained":["J.A.X."]},{"damage_healed":0,"gold_gain":0,"player_choice":"Choice 2","damage_taken":0,"relics_obtained":["alterego_mod:SomeoneToFightFor"],"max_hp_gain":0,"max_hp_loss":0,"event_name":"Secret Garden","floor":22,"gold_loss":0}],"is_beta":false,"boss_relics":[{"not_picked":["Coffee Dripper","Empty Cage"],"picked":"Philosopher\u0027s Stone"}],"items_purged_floors":[],"is_endless":false,"potions_floor_spawned":[7,8,10,11,16,19,23,25,28,32],"killed_by":"DemoMod:ResourcefulRat","ascension_level":4}}