{"host":"he07elbwfbprxmdo","time":1608115882,"event":{"mods":["BaseMod","Better Skull","Better Third Choice","Better Vampires","Clockwork Mod","Colored Map","Downfall","Energized Spire","Halation","Hermit","Highlight Path","Marisa????????","Minty Spire (QoL Compilation)","Relic Stats","Replay The Spire","StSLib","The Animator","The Servant 0.9.4","Unceasing Turn Reminder"],"gold_per_floor":[113,83,63,74,93,119,119,119,119],"floor_reached":8,"playtime":1118,"items_purged":[],"score":56,"play_id":"36d27611-9a0d-40dd-8a15-61334059d66a","local_time":"20201216125122","is_ascension_mode":false,"campfire_choices":[{"floor":7,"key":"REST"}],"circlet_count":0,"master_deck":["Clockwork:Strike","Clockwork:Strike","Clockwork:Strike","Clockwork:Strike","Clockwork:Shield","Clockwork:Shield","Clockwork:Shield","Clockwork:Shield","Clockwork:Tinker","Clockwork:WarmUp","Clockwork:CogShield","Clockwork:Halt+1"],"relics":["Clockwork:MomentumEngine","NeowsBlessing","betterThird:SlimedRelic","Clockwork:Varja","Toxic Egg 2"],"acts_visited":["Exordium"],"potions_floor_usage":[8],"damage_taken":[{"damage":0,"enemies":"2 Louse","floor":1,"turns":2},{"damage":0,"enemies":"Small Slimes","floor":4,"turns":2},{"damage":0,"enemies":"Cultist","floor":5,"turns":1},{"damage":41,"enemies":"Lagavulin","floor":6,"turns":15},{"damage":58,"enemies":"3 Sentries","floor":8,"turns":12}],"seed_played":"1129773806988827194","potions_obtained":[{"floor":3,"key":"Dexterity Potion"},{"floor":6,"key":"Reflective Coating"}],"is_trial":false,"path_per_floor":["M","?","?","M","M","E","R","E"],"character_chosen":"CLOCKWORK","items_purchased":[],"campfire_rested":1,"item_purchase_floors":[],"current_hp_per_floor":[85,74,74,74,74,33,58,0,0],"gold":119,"neow_bonus":"THREE_ENEMY_KILL","is_daily":false,"chose_seed":false,"campfire_upgraded":0,"win_rate":0.0,"timestamp":1608115882,"path_taken":["M","?","?","?","?","E","R","E"],"items_purchased_type":[],"build_version":"2020-12-13","purchased_purges":0,"victory":false,"max_hp_per_floor":[85,85,85,85,85,85,85,85,85],"relic_stats":{"counters":[5,32],"obtain_stats":[{"Clockwork:MomentumEngine":0,"NeowsBlessing":0,"betterThird:SlimedRelic":2,"Clockwork:Varja":6,"Toxic Egg 2":6},{"Clockwork:MomentumEngine":0,"NeowsBlessing":0,"betterThird:SlimedRelic":1,"Clockwork:Varja":4,"Toxic Egg 2":4},{"Clockwork:MomentumEngine":0,"NeowsBlessing":0,"betterThird:SlimedRelic":2,"Clockwork:Varja":15,"Toxic Egg 2":20}]},"card_choices":[{"not_picked":["Clockwork:SnapKeep","Clockwork:AdaptiveCannon"],"picked":"Clockwork:CogShield","floor":1},{"not_picked":["Clockwork:InertialShield","Clockwork:CraftBloodPhial"],"picked":"Clockwork:CraftVarja","floor":4},{"not_picked":["Clockwork:ChargingShield","Clockwork:SpringShield","Clockwork:Selectivity"],"picked":"SKIP","floor":5},{"not_picked":["Clockwork:Friction","Clockwork:ReserveSystems+1"],"picked":"Clockwork:Halt+1","floor":6}],"player_experience":43606,"relics_obtained":[{"floor":6,"key":"Toxic Egg 2"}],"event_choices":[{"damage_healed":0,"gold_gain":0,"player_choice":"Slimed","damage_taken":11,"max_hp_gain":0,"max_hp_loss":0,"event_name":"betterThird:BetterGoop","floor":2,"gold_loss":30},{"damage_healed":0,"gold_gain":0,"player_choice":"Bought 1 Potion","damage_taken":0,"max_hp_gain":0,"max_hp_loss":0,"event_name":"The Woman in Blue","floor":3,"gold_loss":0}],"is_beta":false,"boss_relics":[],"items_purged_floors":[],"is_endless":false,"potions_floor_spawned":[6],"killed_by":"3 Sentries","ascension_level":0}}