{"host":"w7o06k3e8uel8euj","time":1608123060,"event":{"mods":["AchievementEnabler","BaseMod","Colored Powertips","Custom Start","DeckTracker","Keyboard Shortcuts","Minty Spire (QoL Compilation)","Quick Restart","Relic Stats","StSLib","SuperFastMode","everything is the same but u backflip on backflip"],"gold_per_floor":[117,128,144,155,80,106,106,121,148,177,197,4,32,46,46,149,149,159,173,190,190,200,232,232,263,290,153,153,153,163,11,11,109,109,126,126,38,55,68,68,98,98,98,118,135,135,135,158,158,158],"floor_reached":51,"playtime":1142,"items_purged":["Strike_P","Strike_P","Defend_P","Weave+1","Defend_P+1"],"score":1392,"play_id":"b05dc10f-f4b9-49d9-b366-accb628393db","local_time":"20201216215100","is_ascension_mode":true,"campfire_choices":[{"data":"Eruption","floor":7.0,"key":"SMITH"},{"data":"Ragnarok","floor":15.0,"key":"SMITH"},{"data":"Scrawl","floor":29,"key":"SMITH"},{"data":"Adaptation","floor":32,"key":"SMITH"},{"data":"TalkToTheHand","floor":40,"key":"SMITH"},{"data":"TalkToTheHand","floor":42,"key":"SMITH"},{"data":"Vault","floor":47,"key":"SMITH"},{"data":"Vault","floor":49,"key":"SMITH"}],"circlet_count":0,"master_deck":["AscendersBane","Eruption+1","Vigilance+1","Ragnarok+1","EmptyFist","Tantrum","TalkToTheHand+1","Scrawl+1","WheelKick","Ragnarok+1","TalkToTheHand+1","Adaptation+1","FearNoEvil+1","TalkToTheHand+1","Vault+1","Vault+1"],"relics":["PureWater","Mercury Hourglass","Bag of Preparation","Damaru","Membership Card","Meat on the Bone","Akabeko","Astrolabe","Tiny Chest","Toy Ornithopter","War Paint","TheAbacus","PreservedInsect","SlaversCollar","Turnip","GoldenEye","Pen Nib"],"acts_visited":["Exordium","TheCity","TheBeyond"],"potions_floor_usage":[23,50],"damage_taken":[{"damage":0.0,"enemies":"Cultist","floor":1.0,"turns":4.0},{"damage":7.0,"enemies":"2 Louse","floor":2.0,"turns":2.0},{"damage":14.0,"enemies":"Jaw Worm","floor":3.0,"turns":3.0},{"damage":0.0,"enemies":"Blue Slaver","floor":4.0,"turns":2.0},{"damage":22.0,"enemies":"Lagavulin","floor":6.0,"turns":4.0},{"damage":0.0,"enemies":"3 Louse","floor":8.0,"turns":2.0},{"damage":0.0,"enemies":"3 Sentries","floor":10.0,"turns":3.0},{"damage":0.0,"enemies":"Exordium Thugs","floor":11.0,"turns":4.0},{"damage":0.0,"enemies":"Gremlin Nob","floor":13.0,"turns":2.0},{"damage":6.0,"enemies":"Gremlin Gang","floor":14.0,"turns":2.0},{"damage":17.0,"enemies":"The Guardian","floor":16.0,"turns":7.0},{"damage":0,"enemies":"Chosen","floor":18,"turns":3},{"damage":0,"enemies":"Spheric Guardian","floor":19,"turns":2},{"damage":0,"enemies":"Snecko","floor":20,"turns":2},{"damage":13,"enemies":"Centurion and Healer","floor":22,"turns":4},{"damage":32,"enemies":"Slavers","floor":23,"turns":4},{"damage":7,"enemies":"Book of Stabbing","floor":25,"turns":3},{"damage":16,"enemies":"Snake Plant","floor":30,"turns":5},{"damage":0,"enemies":"Collector","floor":33,"turns":8},{"damage":3,"enemies":"Orb Walker","floor":35,"turns":4},{"damage":0,"enemies":"3 Darklings","floor":38,"turns":4},{"damage":0,"enemies":"Maw","floor":39,"turns":6},{"damage":0,"enemies":"Nemesis","floor":41,"turns":4},{"damage":0,"enemies":"Transient","floor":44,"turns":5},{"damage":6,"enemies":"3 Darklings","floor":45,"turns":4},{"damage":30,"enemies":"Donu and Deca","floor":50,"turns":6}],"seed_played":"3575534910243839671","potions_obtained":[{"floor":6.0,"key":"Ancient Potion"},{"floor":8.0,"key":"FairyPotion"},{"floor":18,"key":"Block Potion"},{"floor":23,"key":"Fire Potion"},{"floor":35,"key":"Strength Potion"}],"is_trial":false,"path_per_floor":["M","M","M","M","$","E","R","M","T","E","M","$","E","M","R","B",null,"M","M","M","?","M","E","?","E","T","$","?","R","M","$","R","B",null,"M","T","$","M","M","R","E","R","T","M","M","?","R","T","R","B",null],"character_chosen":"WATCHER","items_purchased":["Membership Card","Meat on the Bone","TheAbacus","PreservedInsect","Vault"],"campfire_rested":0,"item_purchase_floors":[12,12,27,31,31],"current_hp_per_floor":[65,58,44,44,44,22,22,22,22,22,22,22,34,40,40,35,63,63,63,63,50,49,29,29,34,34,34,34,34,30,30,30,42,68,65,65,65,65,65,65,65,65,65,65,59,59,59,59,59,46],"gold":158,"neow_bonus":"ONE_RANDOM_RARE_CARD","is_daily":false,"chose_seed":false,"campfire_upgraded":8,"win_rate":0.0,"timestamp":1608123060,"path_taken":["M","?","M","M","$","E","R","M","T","E","M","$","E","M","R","BOSS","M","M","M","?","M","E","?","E","T","$","?","R","M","?","R","BOSS","M","?","$","M","M","R","E","R","T","?","?","?","R","?","R","BOSS"],"items_purchased_type":["Relic","Relic","Relic","Relic","Card"],"build_version":"2020-12-13","purchased_purges":5,"victory":true,"max_hp_per_floor":[72,72,72,72,72,72,72,72,72,72,72,72,72,72,72,72,72,72,72,72,77,77,77,77,77,77,77,77,77,77,77,77,77,77,77,77,77,77,77,77,77,77,77,77,77,77,77,77,77,77],"relic_stats":{"counters":[26,99],"Astrolabe":["Ragnarok","TalkToTheHand","Weave"],"PreservedInsect":50,"Pen Nib":[1],"Bag of Preparation":[40],"War Paint":["Vigilance","Defend_P"],"GoldenEye":[0],"Mercury Hourglass":[323],"TheAbacus":[312],"Tiny Chest":2,"Turnip":[0],"obtain_stats":[{"Astrolabe":17,"Damaru":10,"PreservedInsect":31,"Pen Nib":48,"Bag of Preparation":9,"War Paint":26,"GoldenEye":43,"Akabeko":13,"Mercury Hourglass":6,"SlaversCollar":34,"TheAbacus":27,"Tiny Chest":23,"Turnip":41,"Membership Card":12,"PureWater":0,"Toy Ornithopter":25,"Meat on the Bone":12},{"Astrolabe":11,"Damaru":7,"PreservedInsect":18,"Pen Nib":25,"Bag of Preparation":6,"War Paint":17,"GoldenEye":23,"Akabeko":9,"Mercury Hourglass":5,"SlaversCollar":19,"TheAbacus":17,"Tiny Chest":16,"Turnip":23,"Membership Card":8,"PureWater":0,"Toy Ornithopter":17,"Meat on the Bone":8},{"Astrolabe":35,"Damaru":20,"PreservedInsect":58,"Pen Nib":93,"Bag of Preparation":17,"War Paint":53,"GoldenEye":84,"Akabeko":26,"Mercury Hourglass":15,"SlaversCollar":66,"TheAbacus":53,"Tiny Chest":50,"Turnip":84,"Membership Card":24,"PureWater":0,"Toy Ornithopter":53,"Meat on the Bone":24}],"Toy Ornithopter":5,"Meat on the Bone":108},"card_choices":[{"not_picked":["CrushJoints","EmptyMind"],"picked":"EmptyFist","floor":1.0},{"not_picked":["SignatureMove","ClearTheMind","Protect"],"picked":"SKIP","floor":2.0},{"not_picked":["FlyingSleeves","FollowUp"],"picked":"Tantrum","floor":3.0},{"not_picked":["FlurryOfBlows","FollowUp"],"picked":"TalkToTheHand","floor":4.0},{"not_picked":["Vengeance","BowlingBash","SandsOfTime"],"picked":"SKIP","floor":6.0},{"not_picked":["Protect","Conclude","BowlingBash"],"picked":"SKIP","floor":8.0},{"not_picked":["BattleHymn","ReachHeaven"],"picked":"Scrawl","floor":10.0},{"not_picked":["FollowUp","EmptyFist"],"picked":"WheelKick","floor":11.0},{"not_picked":["Crescendo","DevaForm","SashWhip"],"picked":"SKIP","floor":13.0},{"not_picked":["Crescendo","CrushJoints","ThirdEye"],"picked":"SKIP","floor":14.0},{"not_picked":["EmptyFist+1","Meditate","SignatureMove"],"picked":"SKIP","floor":18},{"not_picked":["EmptyFist+1","Meditate","SignatureMove"],"picked":"SKIP","floor":18},{"not_picked":["FlurryOfBlows","PathToVictory+1","Nirvana"],"picked":"SKIP","floor":19},{"not_picked":["EmptyBody","BowlingBash"],"picked":"Adaptation","floor":20},{"not_picked":["MasterReality","Consecrate"],"picked":"FearNoEvil+1","floor":22},{"not_picked":["FollowUp","Protect","Nirvana"],"picked":"SKIP","floor":23},{"not_picked":["LikeWater","Wallop"],"picked":"TalkToTheHand","floor":25},{"not_picked":["Nirvana+1","SpiritShield","Halt"],"picked":"SKIP","floor":30},{"not_picked":["ThirdEye+1","JustLucky","CarveReality"],"picked":"SKIP","floor":35},{"not_picked":["Crescendo","FlurryOfBlows","Tantrum"],"picked":"SKIP","floor":38},{"not_picked":["Evaluate","CrushJoints","ClearTheMind"],"picked":"SKIP","floor":39},{"not_picked":["Wireheading+1","FlyingSleeves","FollowUp+1"],"picked":"SKIP","floor":41},{"not_picked":["CrushJoints","ReachHeaven+1"],"picked":"Vault","floor":44},{"not_picked":["Tantrum","FlyingSleeves","ThirdEye+1"],"picked":"SKIP","floor":45}],"player_experience":553997,"relics_obtained":[{"floor":6.0,"key":"Mercury Hourglass"},{"floor":9.0,"key":"Bag of Preparation"},{"floor":10.0,"key":"Damaru"},{"floor":13.0,"key":"Akabeko"},{"floor":23,"key":"Tiny Chest"},{"floor":25,"key":"Toy Ornithopter"},{"floor":26,"key":"War Paint"},{"floor":41,"key":"Turnip"},{"floor":43,"key":"GoldenEye"},{"floor":48,"key":"Pen Nib"}],"event_choices":[{"damage_healed":0,"gold_gain":0,"player_choice":"Shed Blood","damage_taken":18,"max_hp_gain":5,"max_hp_loss":0,"event_name":"Forgotten Altar","floor":21,"gold_loss":0},{"cards_removed":["Defend_P"],"damage_healed":0,"gold_gain":0,"player_choice":"Elegance","damage_taken":0,"max_hp_gain":0,"max_hp_loss":0,"event_name":"Back to Basics","floor":24,"gold_loss":0},{"damage_healed":0,"gold_gain":0,"player_choice":"Ignored","damage_taken":0,"max_hp_gain":0,"max_hp_loss":0,"event_name":"Ghosts","floor":28,"gold_loss":0},{"damage_healed":0,"gold_gain":0,"player_choice":"Ignored","damage_taken":0,"max_hp_gain":0,"max_hp_loss":0,"event_name":"Tomb of Lord Red Mask","floor":46,"gold_loss":0}],"is_beta":false,"boss_relics":[{"not_picked":["Calling Bell","Velvet Choker"],"picked":"Astrolabe"},{"not_picked":["Cursed Key","Runic Dome"],"picked":"SlaversCollar"}],"items_purged_floors":[5,12,27,31,37],"is_endless":false,"potions_floor_spawned":[6,8,10,13,14,18,23,25,35,39,45],"ascension_level":12}}