{"host":"wxm9nhpxzwflah6x","time":1608103133,"event":{"mods":["2.2 Compatiblity","AchievementEnabler","BaseMod","Bestiary","Better Third Choice","Curses Come First","Minty Spire (QoL Compilation)","Quick Restart","Rare Cards Sparkle","Replay The Spire","StSLib","The Blue Laboratory"],"gold_per_floor":[111,111,121,121,133,166,166,176,176,187,206,226,226,3,3,103,103,121,196,207,219,229,229,229],"floor_reached":23,"playtime":1241,"items_purged":["Looming Evil"],"score":227,"play_id":"0618d286-a6d9-4465-904f-07c1a9e51cc6","local_time":"20201215231853","is_ascension_mode":true,"campfire_choices":[{"floor":7.0,"key":"REST"},{"data":"Loop","floor":15,"key":"SMITH"},{"floor":23,"key":"REST"}],"circlet_count":0,"master_deck":["Strike_B","Strike_B","Strike_B","Strike_B","Defend_B","Defend_B","Defend_B","Defend_B","Zap","Dualcast","Coolheaded","Reboot","Sweeping Beam","Loop+1","Rip and Tear","Redo","Redo+1","Beam Cell","Turbo","Gash","Static Discharge"],"relics":["Cracked Core","NeowsBlessing","ReplayFunnel","White Beast Statue","Happy Flower","Ring of Hypnosis","Lee\u0027s Waffle","Nuclear Battery","Prayer Wheel"],"acts_visited":["Exordium","TheCity"],"potions_floor_usage":[12,16,16,20,20,22],"damage_taken":[{"damage":0.0,"enemies":"Small Slimes","floor":1.0,"turns":1.0},{"damage":0.0,"enemies":"Jaw Worm","floor":3.0,"turns":1.0},{"damage":0.0,"enemies":"Cultist","floor":5.0,"turns":1.0},{"damage":44.0,"enemies":"Lagavulin","floor":6.0,"turns":9.0},{"damage":9.0,"enemies":"Looter","floor":8.0,"turns":4.0},{"damage":5.0,"enemies":"3 Louse","floor":10.0,"turns":3.0},{"damage":6.0,"enemies":"Red Slaver","floor":11.0,"turns":4.0},{"damage":7,"enemies":"Exordium Thugs","floor":12,"turns":6},{"damage":26,"enemies":"Slime Boss","floor":16,"turns":13},{"damage":23,"enemies":"Spheric Guardian","floor":18,"turns":4},{"damage":26,"enemies":"2 Thieves","floor":20,"turns":3},{"damage":29,"enemies":"Snecko","floor":21,"turns":5},{"damage":4,"enemies":"Chosen and Byrds","floor":22,"turns":3}],"seed_played":"-528886580921498775","potions_obtained":[{"floor":3.0,"key":"Dexterity Potion"},{"floor":6.0,"key":"Regen Potion"},{"floor":8.0,"key":"blueLaboratory:CoolantVial"},{"floor":10.0,"key":"blueLaboratory:FrostheartPotion"},{"floor":12,"key":"Strength Potion"},{"floor":16,"key":"blueLaboratory:BottledHope"},{"floor":18,"key":"Fire Potion"},{"floor":20,"key":"EssenceOfDarkness"},{"floor":21,"key":"BlessingOfTheForge"},{"floor":22,"key":"PotionOfCapacity"}],"is_trial":false,"path_per_floor":["M","?","M","?","M","E","R","M","T","M","M","M","?","$","R","B",null,"M","?","M","M","M","R"],"character_chosen":"DEFECT","items_purchased":["Lee\u0027s Waffle"],"campfire_rested":2,"item_purchase_floors":[14],"current_hp_per_floor":[75,75,75,75,75,31,53,44,44,39,33,26,26,82,82,56,82,59,51,34,5,1,25,25],"gold":229,"neow_bonus":"THREE_ENEMY_KILL","is_daily":false,"chose_seed":false,"campfire_upgraded":1,"win_rate":0.0,"timestamp":1608103133,"path_taken":["M","?","M","?","M","E","R","M","T","M","?","M","?","$","R","BOSS","M","?","M","?","M","R"],"items_purchased_type":["Relic"],"build_version":"2020-12-13","purchased_purges":1,"victory":false,"max_hp_per_floor":[75,75,75,75,75,75,75,75,75,75,75,75,75,82,82,82,82,82,82,82,82,82,82,82],"card_choices":[{"not_picked":["Barrage","Beam Cell","Go for the Eyes"],"picked":"SKIP","floor":1.0},{"not_picked":["Reprogram","Steam"],"picked":"Coolheaded","floor":3.0},{"not_picked":["Redo","ReplaySort"],"picked":"Reboot","floor":5.0},{"not_picked":["Streamline","ReplayTheSpireMod:Repulse"],"picked":"Sweeping Beam","floor":6.0},{"not_picked":["Conserve Battery","Panic Button"],"picked":"Loop","floor":8.0},{"not_picked":["Reprogram","ReplayTheSpireMod:Reroute Power","ReplaySolidLightProjector"],"picked":"SKIP","floor":10.0},{"not_picked":["Gash","ReplayTheSpireMod:Calculation Training"],"picked":"Rip and Tear","floor":11.0},{"not_picked":["Steam Power","Panic Button"],"picked":"Redo","floor":12},{"not_picked":["ReplayRNGCard","Biased Cognition"],"picked":"ReplayTheSpireMod:Fabricate Wheel","floor":16},{"not_picked":["Gash","Mirror Shield"],"picked":"Redo+1","floor":18},{"not_picked":["Rebound","Scrape+1","Stack"],"picked":"SKIP","floor":18},{"not_picked":["Go for the Eyes","Leap"],"picked":"Beam Cell","floor":20},{"not_picked":["Sunder+1","Leap+1"],"picked":"Turbo","floor":20},{"not_picked":["Leap","Hologram"],"picked":"Gash","floor":21},{"not_picked":["Leap","Heatsinks+1"],"picked":"Static Discharge","floor":21},{"not_picked":["Heatsinks+1","Streamline","Go for the Eyes"],"picked":"SKIP","floor":22},{"not_picked":["Double Energy","Scrape","ReplayTheSpireMod:Repulse"],"picked":"SKIP","floor":22}],"player_experience":212930,"relics_obtained":[{"floor":6.0,"key":"White Beast Statue"},{"floor":9.0,"key":"Happy Flower"},{"floor":13,"key":"Ring of Hypnosis"}],"event_choices":[{"damage_healed":0.0,"max_hp_gain":0.0,"max_hp_loss":0.0,"gold_gain":0.0,"event_name":"Golden Wing","player_choice":"Ignored","floor":2.0,"gold_loss":0.0,"damage_taken":0.0},{"damage_healed":0.0,"max_hp_gain":0.0,"max_hp_loss":0.0,"gold_gain":0.0,"event_name":"WeMeetAgain","player_choice":"Gave Potion","floor":4.0,"gold_loss":0.0,"damage_taken":0.0,"relics_obtained":["ReplayFunnel"]},{"damage_healed":0,"gold_gain":75,"player_choice":"Touch","damage_taken":8,"max_hp_gain":0,"max_hp_loss":0,"event_name":"FaceTrader","floor":19,"gold_loss":0}],"is_beta":false,"boss_relics":[{"not_picked":["Calling Bell","Astrolabe"],"picked":"Nuclear Battery"}],"items_purged_floors":[14],"is_endless":false,"potions_floor_spawned":[3,6,8,10,11,12,16,18,20,21,22],"ascension_level":3}}