{"host":"a7kkotolxcg5vljr","time":1608140922,"event":{"mods":["2.2 Compatiblity","AchievementEnabler","Act Like it!","BaseMod","Better Altar","Better Skull","Better Third Choice","Colored Map","Colored Powertips","Downfall","Hermit","Highlight Path","Marisa????????","Minty Spire (QoL Compilation)","Quick Restart","Rare Cards Sparkle","Replay The Spire","Spicy Shops","StSLib","The Cursed","The Disciple","The Servant 0.9.4"],"gold_per_floor":[119,136,146,161,161,500,500,500,580,605,630,630,27,27,27,155,155,176,176,189,212,230,270,270,310,364,364,364,381,400,400,400,497,497,515,515,515,716,731,761,761,761],"floor_reached":41,"playtime":1490,"items_purged":[],"score":561,"play_id":"ac14129f-5d0a-4577-8921-4ec0d86917bf","local_time":"20201216124842","is_ascension_mode":false,"campfire_choices":[{"floor":7,"key":"REST"},{"floor":12,"key":"RECALL"},{"floor":15,"key":"REST"},{"floor":24,"key":"REST"},{"floor":32,"key":"DIG"}],"circlet_count":0,"master_deck":["Strike_R","Strike_R","Strike_R","Strike_R","Strike_R","Defend_R","Defend_R","Defend_R","Defend_R","Bash","Infernal Blade","Heavy Blade","Flame Barrier","Warcry","ReplayTheSpireMod:Muscle Training","Regret","Infernal Blade","Inflame","Pot Of Greed","Pot Of Greed+1","Spot Weakness","Hemogenesis","Rupture","expansioncontent:Flail","Apotheosis+1","Reaper","Pot Of Greed","Abandon","Armaments","Infernal Blade","Life Link","Whirlwind","ReplayTheSpireMod:Limb From Limb","Twin Strike","ReplayTheSpireMod:Limb From Limb","Double Tap","True Grit+1","Madness","Madness","Pot Of Greed","Intimidate","Heavy Blade+1","Power Through+1"],"relics":["Sozu","Bloody Idol","Old Coin","Pen Nib","Membership Card","Replay:Wax Seal","Regal Pillow","ClockworkSouvenir","Grinning Jar","BranchBurnRelic","Busted Crown","Blue Doll","Pondfish Scales","Replay:Baseball","Omamori","Replay:Multitool","Abe\u0027s Treasure","Ring of Hypnosis","Ring of Chaos","Red Skull"],"acts_visited":["Exordium","TheCity","TheBeyond"],"potions_floor_usage":[],"damage_taken":[{"damage":0,"enemies":"Cultist","floor":1,"turns":3},{"damage":0,"enemies":"Small Slimes","floor":2,"turns":3},{"damage":0,"enemies":"2 Louse","floor":3,"turns":1},{"damage":0,"enemies":"Blue Slaver","floor":4,"turns":1},{"damage":32,"enemies":"Lagavulin","floor":6,"turns":6},{"damage":8,"enemies":"Exordium Wildlife","floor":10,"turns":3},{"damage":0,"enemies":"Exordium Thugs","floor":11,"turns":2},{"damage":33,"enemies":"Fading Forest","floor":16,"turns":11},{"damage":0,"enemies":"Spheric Guardian","floor":18,"turns":3},{"damage":4,"enemies":"3 Byrds","floor":20,"turns":3},{"damage":29,"enemies":"Shelled Parasite and Fungi","floor":22,"turns":5},{"damage":22,"enemies":"Slavers","floor":23,"turns":5},{"damage":29,"enemies":"Book of Stabbing","floor":25,"turns":5},{"damage":6,"enemies":"Cultist and Chosen","floor":29,"turns":4},{"damage":33,"enemies":"Snake Plant","floor":30,"turns":3},{"damage":51,"enemies":"Collector","floor":33,"turns":7},{"damage":9,"enemies":"Orb Walker","floor":35,"turns":3},{"damage":16,"enemies":"3 Darklings","floor":39,"turns":5},{"damage":6,"enemies":"Giant Head","floor":40,"turns":6},{"damage":86,"enemies":"Orin","floor":41,"turns":6}],"seed_played":"-5186850292198349452","potions_obtained":[],"is_trial":false,"path_per_floor":["M","M","M","M","?","E","R","?","T","M","M","R","$","?","R","B",null,"M","?","M","T","M","E","R","E","T","?","?","M","M","?","R_BF","B",null,"M","?","?","?","M","E","?"],"character_chosen":"IRONCLAD","items_purchased":["Membership Card","Replay:Wax Seal","Regal Pillow","Dead Branch","ClockworkSouvenir","Grinning Jar","Spot Weakness","Hemogenesis","Rupture","expansioncontent:Flail"],"campfire_rested":3,"item_purchase_floors":[13,13,13,13,13,13,13,13,13,13],"current_hp_per_floor":[80,80,80,80,60,28,52,52,52,44,44,44,44,44,80,60,80,80,80,80,80,52,31,70,64,64,63,63,62,39,39,39,29,80,80,80,70,43,56,79,0,0],"gold":761,"neow_bonus":"BOSS_RELIC","is_daily":false,"chose_seed":false,"campfire_upgraded":0,"win_rate":0.0,"timestamp":1608140922,"path_taken":["M","M","?","M","?","E","R","?","T","M","M","R","$","?","R","BOSS","M","?","?","?","M","E","R","E","T","?","?","M","M","?","R_BF","BOSS","M","?","?","?","?","E","?"],"items_purchased_type":["Relic","Relic","Relic","Relic","Relic","Relic","Card","Card","Card","Card"],"build_version":"2020-12-13","purchased_purges":0,"victory":false,"max_hp_per_floor":[80,80,80,80,80,80,80,80,80,80,80,80,80,80,80,80,80,80,80,80,80,80,80,80,80,80,80,80,80,80,80,80,80,80,80,80,80,80,80,80,80,80],"card_choices":[{"not_picked":["Entrench","Disarm"],"picked":"Infernal Blade","floor":1},{"not_picked":["Body Slam","Disarm"],"picked":"Heavy Blade","floor":2},{"not_picked":["Havoc","Heavy Blade"],"picked":"Flame Barrier","floor":3},{"not_picked":["ReplayTheSpireMod:Limb From Limb","Sentinel"],"picked":"Warcry","floor":4},{"not_picked":["Blood for Blood","Body Slam"],"picked":"ReplayTheSpireMod:Muscle Training","floor":6},{"not_picked":["Replay:Undeath\u0027s Touch","Cleave"],"picked":"Infernal Blade","floor":10},{"not_picked":["Shockwave","Hemokinesis"],"picked":"Inflame","floor":11},{"not_picked":["Exhume","Berserk"],"picked":"Reaper","floor":16},{"not_picked":[],"picked":"Ghostly Armor+1","floor":18},{"not_picked":[],"picked":"Armaments","floor":20},{"not_picked":[],"picked":"Infernal Blade","floor":22},{"not_picked":[],"picked":"Life Link","floor":23},{"not_picked":[],"picked":"Whirlwind","floor":25},{"not_picked":[],"picked":"Twin Strike","floor":29},{"not_picked":[],"picked":"ReplayTheSpireMod:Limb From Limb","floor":30},{"not_picked":[],"picked":"Double Tap","floor":33},{"not_picked":[],"picked":"True Grit+1","floor":35},{"not_picked":[],"picked":"Intimidate","floor":38},{"not_picked":[],"picked":"Heavy Blade+1","floor":39},{"not_picked":[],"picked":"Power Through+1","floor":40}],"player_experience":325549,"relics_obtained":[{"floor":6,"key":"Old Coin"},{"floor":21,"key":"Blue Doll"},{"floor":23,"key":"Pondfish Scales"},{"floor":25,"key":"Replay:Baseball"},{"floor":26,"key":"Omamori"},{"floor":32,"key":"Replay:Multitool"},{"floor":36,"key":"Ring of Hypnosis"},{"floor":36,"key":"Ring of Chaos"},{"floor":40,"key":"Red Skull"}],"event_choices":[{"damage_healed":0,"gold_gain":0,"player_choice":"Take Damage","damage_taken":20,"relics_obtained":["Golden Idol"],"max_hp_gain":0,"max_hp_loss":0,"event_name":"Golden Idol","floor":5,"gold_loss":0},{"damage_healed":0,"gold_gain":0,"player_choice":"Box","damage_taken":0,"relics_obtained":["Pen Nib"],"max_hp_gain":0,"max_hp_loss":0,"event_name":"Big Fish","floor":8,"gold_loss":0,"cards_obtained":["Regret"]},{"damage_healed":44,"gold_gain":0,"player_choice":"Embrace","damage_taken":0,"max_hp_gain":0,"max_hp_loss":80,"event_name":"betterThird:BetterShining","floor":14,"gold_loss":0},{"damage_healed":0,"gold_gain":0,"cards_transformed":["Ghostly Armor"],"player_choice":"Transformed","damage_taken":0,"max_hp_gain":0,"max_hp_loss":0,"event_name":"Transmorgrifier","floor":19,"gold_loss":0,"cards_obtained":["Abandon"]},{"damage_healed":0,"gold_gain":0,"player_choice":" GoldIdol ","damage_taken":1,"relics_obtained":["Bloody Idol"],"max_hp_gain":64,"max_hp_loss":63,"event_name":"betterAltar:BetterAltar","floor":27,"potions_obtained":[],"relics_lost":["Golden Idol"],"gold_loss":0},{"damage_healed":0,"gold_gain":0,"player_choice":"Read","damage_taken":0,"max_hp_gain":0,"max_hp_loss":0,"event_name":"The Library","floor":28,"gold_loss":0,"cards_obtained":["ReplayTheSpireMod:Limb From Limb"]},{"damage_healed":0,"gold_gain":0,"player_choice":"Upgraded","damage_taken":0,"max_hp_gain":0,"max_hp_loss":0,"event_name":"Upgrade Shrine","floor":31,"gold_loss":0,"cards_upgraded":["Pot Of Greed"]},{"damage_healed":0,"gold_gain":0,"player_choice":"Embrace Madness","damage_taken":10,"max_hp_gain":0,"max_hp_loss":0,"event_name":"Winding Halls","floor":37,"gold_loss":0,"cards_obtained":["Madness","Madness"]},{"damage_healed":0,"gold_gain":0,"player_choice":"Fight","damage_taken":0,"max_hp_gain":0,"max_hp_loss":0,"event_name":"OrinTheCat","floor":41,"gold_loss":0}],"is_beta":false,"boss_relics":[{"not_picked":["Kintsugi","Snecko Eye"],"picked":"Busted Crown"},{"not_picked":["Astrolabe","SacredBark"],"picked":"Abe\u0027s Treasure"}],"items_purged_floors":[],"is_endless":false,"potions_floor_spawned":[1,3,11,16,18,23,25,30,35,39],"killed_by":"Orin","ascension_level":0}}