{"host":"bxn2em57qlx5u4i0","time":1608087319,"event":{"mods":["BaseMod","Colored Map","Colored Powertips","Highlight Path","Minty Spire (QoL Compilation)","Random Character Button","Relic Sorter","Relic Stats","StSLib","SuperFastMode"],"gold_per_floor":[112,37,54,54,71,71,103,116,198,212,240,256,282,282,282,358,358,378,80,100,100,100,129,129,129,129],"floor_reached":25,"playtime":653,"items_purged":["Pain"],"score":482,"play_id":"624894b2-aa22-46f7-b8f7-3cc406193822","local_time":"20201215215519","is_ascension_mode":true,"campfire_choices":[{"data":"Noxious Fumes","floor":6.0,"key":"SMITH"},{"data":"Calculated Gamble","floor":15.0,"key":"SMITH"},{"data":"Reflex","floor":24,"key":"SMITH"}],"circlet_count":0,"master_deck":["AscendersBane","Strike_G","Strike_G","Strike_G","Strike_G","Defend_G","Defend_G","Defend_G","Defend_G","Defend_G","Survivor","Neutralize","Noxious Fumes+1","Flying Knee","Deadly Poison","Die Die Die","Calculated Gamble+1","Backflip","Footwork","Reflex+1","Night Terror","PiercingWail+1","Bouncing Flask","Ghostly","Ghostly","Ghostly"],"relics":["Ring of the Snake","NeowsBlessing","WarpedTongs","Lizard Tail","Question Card","MealTicket","Oddly Smooth Stone","HoveringKite","TheAbacus","CeramicFish"],"acts_visited":["Exordium","TheCity"],"potions_floor_usage":[16,20,25],"damage_taken":[{"damage":0.0,"enemies":"2 Louse","floor":1.0,"turns":1.0},{"damage":0.0,"enemies":"Small Slimes","floor":3.0,"turns":1.0},{"damage":0.0,"enemies":"Cultist","floor":5.0,"turns":2.0},{"damage":19.0,"enemies":"3 Sentries","floor":7.0,"turns":7.0},{"damage":2.0,"enemies":"2 Fungi Beasts","floor":8.0,"turns":2.0},{"damage":8.0,"enemies":"Exordium Wildlife","floor":10.0,"turns":4.0},{"damage":24.0,"enemies":"Lagavulin","floor":11.0,"turns":7.0},{"damage":1.0,"enemies":"Looter","floor":12.0,"turns":5.0},{"damage":28.0,"enemies":"Gremlin Nob","floor":13.0,"turns":4.0},{"damage":5,"enemies":"The Guardian","floor":16,"turns":11},{"damage":34,"enemies":"Chosen","floor":18,"turns":8},{"damage":0,"enemies":"Spheric Guardian","floor":20,"turns":5},{"damage":22,"enemies":"Book of Stabbing","floor":23,"turns":8},{"damage":13,"enemies":"Slavers","floor":25,"turns":4}],"seed_played":"8588630084624710757","potions_obtained":[{"floor":3.0,"key":"BlessingOfTheForge"},{"floor":5.0,"key":"CultistPotion"},{"floor":8.0,"key":"AttackPotion"},{"floor":12.0,"key":"CunningPotion"},{"floor":13.0,"key":"Block Potion"},{"floor":23,"key":"DuplicationPotion"}],"is_trial":false,"path_per_floor":["M","?","M","?","M","R","E","M","T","M","E","M","E","?","R","B",null,"M","$","M","?","?","E","R","E"],"character_chosen":"THE_SILENT","items_purchased":["TheAbacus","Block Potion"],"campfire_rested":0,"item_purchase_floors":[19,19],"current_hp_per_floor":[59,59,59,59,59,59,40,38,38,30,6,5,12,12,12,7,51,17,32,32,32,32,10,10,0,0],"gold":129,"neow_bonus":"THREE_ENEMY_KILL","is_daily":false,"chose_seed":false,"campfire_upgraded":3,"win_rate":0.0,"timestamp":1608087319,"path_taken":["M","?","M","?","?","R","E","M","T","M","E","M","E","?","R","BOSS","M","$","M","?","?","E","R","E"],"items_purchased_type":["Relic","Potion"],"build_version":"2020-12-13","purchased_purges":1,"victory":false,"max_hp_per_floor":[66,66,66,66,66,66,66,66,66,66,66,66,66,66,66,66,66,66,66,66,33,33,33,33,33,33],"relic_stats":{"Lizard Tail":33,"TheAbacus":[24],"counters":[14,69],"CeramicFish":0,"HoveringKite":[7],"MealTicket":15,"Question Card":8,"obtain_stats":[{"Lizard Tail":7,"TheAbacus":19,"NeowsBlessing":0,"CeramicFish":23,"Oddly Smooth Stone":13,"HoveringKite":17,"MealTicket":11,"Question Card":9,"Ring of the Snake":0,"WarpedTongs":4},{"Lizard Tail":4,"TheAbacus":11,"NeowsBlessing":0,"CeramicFish":13,"Oddly Smooth Stone":9,"HoveringKite":10,"MealTicket":7,"Question Card":5,"Ring of the Snake":0,"WarpedTongs":2},{"Lizard Tail":11,"TheAbacus":52,"NeowsBlessing":0,"CeramicFish":65,"Oddly Smooth Stone":33,"HoveringKite":44,"MealTicket":24,"Question Card":13,"Ring of the Snake":0,"WarpedTongs":2}],"Ring of the Snake":[28],"WarpedTongs":[66]},"card_choices":[{"not_picked":["PiercingWail","Well Laid Plans"],"picked":"Noxious Fumes","floor":1.0},{"not_picked":["Accuracy","Sucker Punch"],"picked":"Flying Knee","floor":3.0},{"not_picked":["Dagger Spray","Leg Sweep"],"picked":"Deadly Poison","floor":5.0},{"not_picked":["Bane","Grand Finale"],"picked":"Die Die Die","floor":7.0},{"not_picked":["Acrobatics","Distraction"],"picked":"Calculated Gamble","floor":8.0},{"not_picked":["Predator","Acrobatics","Setup","Endless Agony"],"picked":"SKIP","floor":10.0},{"not_picked":["Noxious Fumes","Distraction","Well Laid Plans"],"picked":"Backflip","floor":11.0},{"not_picked":["Accuracy","Deflect","Acrobatics"],"picked":"Footwork","floor":12.0},{"not_picked":["Slice","Quick Slash","Flechettes"],"picked":"Reflex","floor":13.0},{"not_picked":["Phantasmal Killer","Storm of Steel","Grand Finale"],"picked":"Night Terror","floor":16},{"not_picked":["Sucker Punch+1","Accuracy","Deflect"],"picked":"PiercingWail+1","floor":18},{"not_picked":["Masterful Stab","Cloak And Dagger","Bane"],"picked":"Bouncing Flask","floor":20},{"not_picked":["Grand Finale","Expertise","Masterful Stab","Dash"],"picked":"SKIP","floor":23}],"player_experience":2792319,"relics_obtained":[{"floor":7.0,"key":"Lizard Tail"},{"floor":9.0,"key":"Question Card"},{"floor":11.0,"key":"MealTicket"},{"floor":13.0,"key":"Oddly Smooth Stone"},{"floor":23,"key":"CeramicFish"}],"event_choices":[{"cards_removed":["Strike_G"],"damage_healed":0.0,"max_hp_gain":0.0,"max_hp_loss":0.0,"gold_gain":0.0,"event_name":"The Cleric","player_choice":"Card Removal","floor":2.0,"gold_loss":75.0,"damage_taken":0.0},{"damage_healed":0.0,"max_hp_gain":0.0,"max_hp_loss":0.0,"gold_gain":0.0,"event_name":"Accursed Blacksmith","player_choice":"Rummage","floor":4.0,"gold_loss":0.0,"damage_taken":0.0,"relics_obtained":["WarpedTongs"],"cards_obtained":["Pain"]},{"damage_healed":0.0,"max_hp_gain":0.0,"max_hp_loss":0.0,"gold_gain":0.0,"event_name":"Liars Game","player_choice":"Ignored","floor":14.0,"gold_loss":0.0,"damage_taken":0.0},{"damage_healed":0,"gold_gain":0,"player_choice":"Became a Ghost","damage_taken":0,"max_hp_gain":0,"max_hp_loss":33,"event_name":"Ghosts","floor":21,"gold_loss":0,"cards_obtained":["Ghostly","Ghostly","Ghostly"]},{"damage_healed":0,"gold_gain":0,"player_choice":"Ignored","damage_taken":0,"max_hp_gain":0,"max_hp_loss":0,"event_name":"N\u0027loth","floor":22,"gold_loss":0}],"is_beta":false,"boss_relics":[{"not_picked":["Fusion Hammer","Astrolabe"],"picked":"HoveringKite"}],"items_purged_floors":[19],"is_endless":false,"potions_floor_spawned":[3,5,8,12,13,23],"killed_by":"Slavers","ascension_level":20}}