{"host":"nmjik3bzoelmmajy","time":1608123591,"event":{"mods":["BaseMod","Better Third Choice","Colored Map","DeckTracker","Minty Spire (QoL Compilation)","Quick Restart","Say the Spire","StSLib","SuperFastMode"],"gold_per_floor":[114,64,64,81,99,133,82,82,82,82,110,129,148,148,148,148,148],"floor_reached":16,"playtime":436,"items_purged":[],"score":216,"play_id":"fc9a7b2b-774c-4ab8-865f-6f212279fce4","local_time":"20201216215951","is_ascension_mode":true,"campfire_choices":[{"data":"Backflip","floor":8,"key":"SMITH"},{"data":"Tactician","floor":10,"key":"SMITH"},{"floor":15,"key":"REST"}],"circlet_count":0,"master_deck":["AscendersBane","Strike_G","Strike_G","Strike_G","Strike_G","Strike_G","Defend_G","Defend_G","Defend_G","Defend_G","Defend_G","Survivor","Neutralize","Dagger Spray+1","Blade Dance","Sucker Punch","Tactician+1","PiercingWail","Backflip+1","Glass Knife","Cloak And Dagger"],"relics":["Ring of the Snake","NeowsBlessing","The Specimen","Tingsha","Molten Egg 2"],"acts_visited":["Exordium"],"potions_floor_usage":[6,11,14],"damage_taken":[{"damage":0,"enemies":"Cultist","floor":1,"turns":1},{"damage":0,"enemies":"Jaw Worm","floor":4,"turns":1},{"damage":0,"enemies":"2 Louse","floor":5,"turns":1},{"damage":25,"enemies":"Gremlin Nob","floor":6,"turns":4},{"damage":32,"enemies":"Lagavulin","floor":11,"turns":11},{"damage":0,"enemies":"Gremlin Gang","floor":12,"turns":2},{"damage":0,"enemies":"Looter","floor":13,"turns":2},{"damage":0,"enemies":"Gremlin Nob","floor":14,"turns":1},{"damage":22,"enemies":"Hexaghost","floor":16,"turns":13}],"seed_played":"-6215602346301603356","potions_obtained":[{"floor":1,"key":"SmokeBomb"},{"floor":5,"key":"CultistPotion"},{"floor":6,"key":"Block Potion"},{"floor":13,"key":"Energy Potion"}],"is_trial":false,"path_per_floor":["M","$","?","M","M","E","$","R","T","R","E","M","M","E","R","B"],"character_chosen":"THE_SILENT","items_purchased":["Blade Dance","Backflip"],"campfire_rested":1,"item_purchase_floors":[2,7],"current_hp_per_floor":[59,59,59,59,59,34,34,34,34,34,2,2,2,2,21,0,0],"gold":148,"neow_bonus":"THREE_ENEMY_KILL","is_daily":false,"chose_seed":false,"campfire_upgraded":2,"win_rate":0.0,"timestamp":1608123591,"path_taken":["M","$","?","M","?","E","$","R","T","R","E","M","M","E","R","BOSS"],"items_purchased_type":["Card","Card"],"build_version":"2020-12-13","purchased_purges":0,"victory":false,"max_hp_per_floor":[66,66,66,66,66,66,66,66,66,66,66,66,66,66,66,66,66],"card_choices":[{"not_picked":["Blur","Poisoned Stab"],"picked":"Dagger Spray","floor":1},{"not_picked":["Dagger Spray","Setup"],"picked":"Sucker Punch","floor":4},{"not_picked":["Deadly Poison","Dagger Spray"],"picked":"Tactician","floor":5},{"not_picked":["Bane","Dagger Spray"],"picked":"PiercingWail","floor":6},{"not_picked":["Dagger Throw","Blur"],"picked":"Glass Knife","floor":11},{"not_picked":["Prepared","Dagger Throw+1","Predator+1"],"picked":"SKIP","floor":12},{"not_picked":["Slice+1","Dagger Throw+1"],"picked":"Cloak And Dagger","floor":13}],"player_experience":808069,"relics_obtained":[{"floor":6,"key":"The Specimen"},{"floor":9,"key":"Tingsha"},{"floor":11,"key":"Molten Egg 2"}],"event_choices":[{"damage_healed":0,"gold_gain":0,"player_choice":"Upgraded","damage_taken":0,"max_hp_gain":0,"max_hp_loss":0,"event_name":"Upgrade Shrine","floor":3,"gold_loss":0,"cards_upgraded":["Dagger Spray"]}],"is_beta":false,"boss_relics":[],"items_purged_floors":[],"is_endless":false,"potions_floor_spawned":[1,5,6,13,14],"killed_by":"Hexaghost","ascension_level":16}}