{"host":"s41rn2jhghpwfrvz","time":1608137660,"event":{"mods":["BaseMod","Minty Spire (QoL Compilation)","Quick Restart","Relic Stats","SuperFastMode"],"gold_per_floor":[116,191,191,116,132,132,163,179,179,213,213,245,245,255,255,329,329,341,356,356,256,267,267,302,314,314,341,341,354,384,47,47,119,119,135,152,132,144,144,172,187,220,301,330,346,373,428,456,456,456,456],"floor_reached":52,"playtime":1876,"items_purged":["Ghostly Armor","Immolate"],"score":3106,"play_id":"2a3ddebf-f8e9-46b0-8a2b-25f1a63dc58c","local_time":"20201216185420","daily_mods":["SealedDeck","Diverse","Elite Swarm"],"is_ascension_mode":true,"campfire_choices":[{"data":"Body Slam","floor":6.0,"key":"SMITH"},{"data":"Adrenaline","floor":11.0,"key":"SMITH"},{"data":"Coolheaded","floor":15.0,"key":"SMITH"},{"data":"FlurryOfBlows","floor":23.0,"key":"PURGE"},{"data":"Pray","floor":28.0,"key":"SMITH"},{"data":"Conserve Battery","floor":32.0,"key":"SMITH"},{"data":"Double Energy","floor":49,"key":"SMITH"}],"circlet_count":0,"master_deck":["AscendersBane","Coolheaded+1","PiercingWail+1","Pray+1","Double Energy+1","Conserve Battery+1","Blur+1","Body Slam+1","Adrenaline+1","Scrawl+1","Acrobatics","Barricade"],"relics":["Burning Blood","Lizard Tail","Sundial","Peace Pipe","Omamori","SacredBark","War Paint","Happy Flower","Paper Frog","Turnip","Calling Bell","Anchor","HornCleat","Regal Pillow","Shuriken","White Beast Statue","Ancient Tea Set","Bag of Marbles","Gambling Chip","Magic Flower"],"acts_visited":["Exordium","TheCity","TheBeyond"],"potions_floor_usage":[],"damage_taken":[{"damage":0.0,"enemies":"Jaw Worm","floor":1.0,"turns":4.0},{"damage":0.0,"enemies":"Small Slimes","floor":5.0,"turns":3.0},{"damage":49.0,"enemies":"3 Sentries","floor":7.0,"turns":25.0},{"damage":0.0,"enemies":"Cultist","floor":8.0,"turns":3.0},{"damage":35.0,"enemies":"Gremlin Nob","floor":10.0,"turns":4.0},{"damage":18.0,"enemies":"3 Sentries","floor":12.0,"turns":20.0},{"damage":0.0,"enemies":"Blue Slaver","floor":14.0,"turns":3.0},{"damage":0.0,"enemies":"Hexaghost","floor":16.0,"turns":5.0},{"damage":0.0,"enemies":"Spheric Guardian","floor":18.0,"turns":1.0},{"damage":0.0,"enemies":"Chosen","floor":19.0,"turns":5.0},{"damage":0.0,"enemies":"3 Cultists","floor":22.0,"turns":6.0},{"damage":0.0,"enemies":"Book of Stabbing","floor":24.0,"turns":4.0},{"damage":0.0,"enemies":"Snecko","floor":25.0,"turns":4.0},{"damage":0.0,"enemies":"Slavers","floor":27.0,"turns":3.0},{"damage":0.0,"enemies":"Snake Plant","floor":29.0,"turns":1.0},{"damage":0.0,"enemies":"Gremlin Leader","floor":30.0,"turns":1.0},{"damage":0.0,"enemies":"Champ","floor":33.0,"turns":3.0},{"damage":0.0,"enemies":"3 Darklings","floor":35.0,"turns":1.0},{"damage":0.0,"enemies":"Orb Walker","floor":36.0,"turns":2.0},{"damage":0.0,"enemies":"Sphere and 2 Shapes","floor":38.0,"turns":2.0},{"damage":0,"enemies":"Nemesis","floor":40,"turns":3},{"damage":0,"enemies":"Transient","floor":41,"turns":4},{"damage":0,"enemies":"Giant Head","floor":42,"turns":1},{"damage":0,"enemies":"Nemesis","floor":44,"turns":1},{"damage":0,"enemies":"Spire Growth","floor":45,"turns":1},{"damage":0,"enemies":"Reptomancer","floor":46,"turns":1},{"damage":0,"enemies":"2 Orb Walkers","floor":47,"turns":1},{"damage":0,"enemies":"Nemesis","floor":48,"turns":1},{"damage":0,"enemies":"Donu and Deca","floor":50,"turns":2},{"damage":0,"enemies":"Awakened One","floor":51,"turns":4}],"seed_played":"-4609789550931039363","potions_obtained":[{"floor":1.0,"key":"DistilledChaos"},{"floor":7.0,"key":"Block Potion"},{"floor":8.0,"key":"ColorlessPotion"},{"floor":19.0,"key":"Fire Potion"},{"floor":27.0,"key":"Weak Potion"},{"floor":30.0,"key":"LiquidMemories"},{"floor":48,"key":"SpeedPotion"}],"is_trial":true,"path_per_floor":["M","?","?","$","M","R","E","M","T","E","R","E","?","M","R","B",null,"M","M","?","$","M","R","E","M","T","E","R","M","E","$","R","B",null,"M","M","?","M","$","E","M","E","T","E","M","E","?","E","R","B","B",null],"character_chosen":"IRONCLAD","items_purchased":["Turnip"],"campfire_rested":0,"item_purchase_floors":[31],"current_hp_per_floor":[74,63,68,68,74,74,31,37,37,8,8,36,12,18,18,24,66,72,78,78,78,80,80,80,80,80,80,80,80,80,80,80,80,80,80,80,80,80,80,80,80,80,80,80,80,80,80,80,80,80,80],"gold":456,"neow_bonus":"","is_daily":false,"chose_seed":false,"campfire_upgraded":6,"win_rate":0.0,"timestamp":1608137660,"path_taken":["M","?","?","?","?","R","E","M","T","E","R","E","?","M","R","BOSS","M","M","?","$","M","R","E","M","T","E","R","M","E","$","R","BOSS","M","M","?","M","$","E","M","E","T","E","?","E","?","E","R","BOSS","BOSS"],"items_purchased_type":["Relic"],"build_version":"2020-12-13","purchased_purges":2,"victory":true,"max_hp_per_floor":[75,75,80,80,80,80,80,80,80,80,80,80,80,80,80,80,80,80,80,80,80,80,80,80,80,80,80,80,80,80,80,80,80,80,80,80,80,80,80,80,80,80,80,80,80,80,80,80,80,80,80],"relic_stats":{"Regal Pillow":0,"Happy Flower":[9],"counters":[30,119],"Magic Flower":[0],"War Paint":["PiercingWail","Scrawl"],"Burning Blood":62,"Peace Pipe":1,"Lizard Tail":40,"Sundial":[134],"Shuriken":[2],"Gambling Chip":[6],"Turnip":[2],"obtain_stats":[{"Regal Pillow":40,"Happy Flower":27,"SacredBark":17,"Magic Flower":48,"Omamori":12,"War Paint":24,"Ancient Tea Set":44,"Burning Blood":0,"White Beast Statue":43,"Peace Pipe":10,"Calling Bell":34,"Lizard Tail":7,"Anchor":34,"HornCleat":34,"Sundial":9,"Shuriken":42,"Gambling Chip":47,"Turnip":31,"Bag of Marbles":46,"Paper Frog":30},{"Regal Pillow":21,"Happy Flower":14,"SacredBark":8,"Magic Flower":28,"Omamori":6,"War Paint":12,"Ancient Tea Set":24,"Burning Blood":0,"White Beast Statue":23,"Peace Pipe":5,"Calling Bell":17,"Lizard Tail":3,"Anchor":17,"HornCleat":17,"Sundial":4,"Shuriken":23,"Gambling Chip":27,"Turnip":16,"Bag of Marbles":26,"Paper Frog":16},{"Regal Pillow":103,"Happy Flower":90,"SacredBark":67,"Magic Flower":113,"Omamori":59,"War Paint":83,"Ancient Tea Set":109,"Burning Blood":0,"White Beast Statue":108,"Peace Pipe":39,"Calling Bell":95,"Lizard Tail":32,"Anchor":95,"HornCleat":95,"Sundial":35,"Shuriken":108,"Gambling Chip":112,"Turnip":92,"Bag of Marbles":111,"Paper Frog":92}]},"card_choices":[{"not_picked":["Steam","FollowUp","CutThroughFate"],"picked":"SKIP","floor":1.0},{"not_picked":["Searing Blow","EmptyFist","Dodge and Roll"],"picked":"SKIP","floor":5.0},{"not_picked":["Unload","SpiritShield","Multi-Cast"],"picked":"SKIP","floor":7.0},{"not_picked":["Halt","Rebound","Dodge and Roll"],"picked":"SKIP","floor":8.0},{"not_picked":["Grand Finale","Amplify"],"picked":"Adrenaline","floor":10.0},{"not_picked":["Corruption","Exhume","Storm of Steel"],"picked":"SKIP","floor":12.0},{"not_picked":["Blade Dance","CutThroughFate","Intimidate"],"picked":"SKIP","floor":14.0},{"not_picked":["Echo Form","Fiend Fire"],"picked":"Scrawl","floor":16.0},{"not_picked":["Combust","Shrug It Off","TalkToTheHand"],"picked":"SKIP","floor":18.0},{"not_picked":["EmptyBody","CutThroughFate","Protect"],"picked":"SKIP","floor":19.0},{"not_picked":["Force Field","Combust","Inflame"],"picked":"SKIP","floor":22.0},{"not_picked":["Blasphemy","Berserk","Corpse Explosion"],"picked":"SKIP","floor":24.0},{"not_picked":["Evaluate","JustLucky+1","Warcry"],"picked":"SKIP","floor":25.0},{"not_picked":["Alpha","Limit Break","Brutality"],"picked":"SKIP","floor":27.0},{"not_picked":["Clothesline","Undo","Predator"],"picked":"SKIP","floor":29.0},{"not_picked":["Wraith Form v2","Venomology","MasterReality"],"picked":"SKIP","floor":30.0},{"not_picked":["Streamline","Clothesline","Defragment"],"picked":"SKIP","floor":35.0},{"not_picked":["Capacitor","Auto Shields","CarveReality"],"picked":"SKIP","floor":36.0},{"not_picked":["Rebound","Deadly Poison","Seeing Red"],"picked":"SKIP","floor":38.0},{"not_picked":["Juggernaut","Grand Finale","Double Tap"],"picked":"SKIP","floor":40},{"not_picked":["Conserve Battery","Infernal Blade","Clothesline+1"],"picked":"SKIP","floor":41},{"not_picked":["Establishment","Omniscience","Devotion"],"picked":"SKIP","floor":42},{"not_picked":["Thunder Strike","DeusExMachina","Omniscience"],"picked":"SKIP","floor":44},{"not_picked":["FollowUp","Havoc+1"],"picked":"Acrobatics","floor":45},{"not_picked":["Thunder Strike","Reboot","Fiend Fire"],"picked":"SKIP","floor":46},{"not_picked":["ConjureBlade","Creative AI"],"picked":"Barricade","floor":48}],"player_experience":1586025,"relics_obtained":[{"floor":7.0,"key":"Lizard Tail"},{"floor":9.0,"key":"Sundial"},{"floor":10.0,"key":"Peace Pipe"},{"floor":12.0,"key":"Omamori"},{"floor":24.0,"key":"War Paint"},{"floor":27.0,"key":"Happy Flower"},{"floor":30.0,"key":"Paper Frog"},{"floor":34.0,"key":"Anchor"},{"floor":34.0,"key":"HornCleat"},{"floor":40,"key":"Regal Pillow"},{"floor":42,"key":"Shuriken"},{"floor":43,"key":"White Beast Statue"},{"floor":44,"key":"Ancient Tea Set"},{"floor":46,"key":"Bag of Marbles"},{"floor":47,"key":"Gambling Chip"},{"floor":48,"key":"Magic Flower"}],"event_choices":[{"damage_healed":0.0,"max_hp_gain":0.0,"max_hp_loss":0.0,"gold_gain":75.0,"event_name":"World of Goop","player_choice":"Gather Gold","floor":2.0,"gold_loss":0.0,"damage_taken":11.0},{"damage_healed":0.0,"max_hp_gain":5.0,"max_hp_loss":0.0,"gold_gain":0.0,"event_name":"Big Fish","player_choice":"Donut","floor":3.0,"gold_loss":0.0,"damage_taken":0.0},{"damage_healed":0.0,"max_hp_gain":0.0,"max_hp_loss":0.0,"gold_gain":0.0,"event_name":"Shining Light","player_choice":"Entered Light","floor":13.0,"gold_loss":0.0,"damage_taken":24.0,"cards_upgraded":["Blur","Masterful Stab"]},{"damage_healed":0.0,"max_hp_gain":0.0,"max_hp_loss":0.0,"gold_gain":0.0,"cards_transformed":["Steam","Masterful Stab"],"event_name":"Drug Dealer","player_choice":"Became Test Subject","floor":20.0,"gold_loss":0.0,"damage_taken":0.0,"cards_obtained":["Immolate","FlurryOfBlows"]},{"damage_healed":0.0,"max_hp_gain":0.0,"max_hp_loss":0.0,"gold_gain":0.0,"event_name":"The Woman in Blue","player_choice":"Bought 1 Potion","floor":37.0,"gold_loss":0.0,"damage_taken":0.0},{"damage_healed":0,"gold_gain":0,"player_choice":"Fight","damage_taken":0,"max_hp_gain":0,"max_hp_loss":0,"event_name":"Mysterious Sphere","floor":47,"gold_loss":0}],"is_beta":false,"boss_relics":[{"not_picked":["Snecko Eye","Mark of Pain"],"picked":"SacredBark"},{"not_picked":["Sozu","Empty Cage"],"picked":"Calling Bell"}],"items_purged_floors":[4,21],"is_endless":false,"potions_floor_spawned":[1,7,8,19,27,30,35,44,45,46,47,48],"ascension_level":20}}