{"host":"malnomdwo8ughgez","time":1608082836,"event":{"mods":["AchievementEnabler","BaseMod","Challenge The Spire","Colored Powertips","Highlight Path","Minty Spire (QoL Compilation)","Quick Restart","everything is the same but u backflip on backflip"],"gold_per_floor":[110,128,199,164,183,183,217,230,230,190,190,190,211,225,225,314,314,327,327,351,315,336,336,336,336],"floor_reached":24,"playtime":1151,"items_purged":[],"score":337,"play_id":"4b513488-93b4-49e9-8ca4-7d9f69b7d735","local_time":"20201216024036","is_ascension_mode":true,"campfire_choices":[{"data":"Armaments","floor":6.0,"key":"SMITH"},{"data":"Immolate","floor":12.0,"key":"SMITH"},{"floor":15.0,"key":"REST"},{"floor":23,"key":"REST"}],"circlet_count":0,"master_deck":["AscendersBane","Strike_R","Strike_R","Strike_R","Strike_R","Strike_R","Defend_R","Defend_R","Defend_R","Defend_R","Bash","Bludgeon","Armaments+1","Bloodletting","Armaments","Immolate+1","Body Slam","Fire Breathing","Injury","Shrug It Off","Corruption","Feed","Whirlwind","Iron Wave","Uppercut","Power Through"],"relics":["Burning Blood","Paper Frog","Gambling Chip","Golden Idol","Mark of Pain","Dead Branch"],"acts_visited":["Exordium","TheCity"],"potions_floor_usage":[],"damage_taken":[{"damage":7.0,"enemies":"Jaw Worm","floor":1.0,"turns":2.0},{"damage":8.0,"enemies":"2 Louse","floor":2.0,"turns":3.0},{"damage":1.0,"enemies":"Small Slimes","floor":5.0,"turns":3.0},{"damage":34.0,"enemies":"Gremlin Nob","floor":7.0,"turns":5.0},{"damage":16.0,"enemies":"Gremlin Gang","floor":8.0,"turns":3.0},{"damage":1.0,"enemies":"Exordium Thugs","floor":13.0,"turns":3.0},{"damage":10.0,"enemies":"Exordium Wildlife","floor":14.0,"turns":3.0},{"damage":47.0,"enemies":"Hexaghost","floor":16.0,"turns":9.0},{"damage":25.0,"enemies":"3 Byrds","floor":18.0,"turns":6.0},{"damage":3.0,"enemies":"Shell Parasite","floor":20.0,"turns":2.0},{"damage":41,"enemies":"Cultist and Chosen","floor":22,"turns":6},{"damage":33,"enemies":"Centurion and Healer","floor":24,"turns":5}],"seed_played":"-7655787880735080398","potions_obtained":[{"floor":5.0,"key":"ElixirPotion"},{"floor":8.0,"key":"Strength Potion"},{"floor":14.0,"key":"Dexterity Potion"},{"floor":16.0,"key":"GamblersBrew"},{"floor":18.0,"key":"DistilledChaos"}],"is_trial":false,"path_per_floor":["M","M","?","?","M","R","E","M","T","$","?","R","M","M","R","B",null,"M","?","M","$","M","R","M"],"character_chosen":"IRONCLAD","items_purchased":["Fire Breathing","Uppercut"],"campfire_rested":2,"item_purchase_floors":[10,21],"current_hp_per_floor":[67,65,65,75,75,75,47,37,37,37,37,37,42,38,60,19,61,42,42,45,45,10,32,0,0],"gold":336,"neow_bonus":"ONE_RANDOM_RARE_CARD","is_daily":false,"chose_seed":false,"campfire_upgraded":2,"win_rate":0.0,"timestamp":1608082836,"path_taken":["M","M","?","?","M","R","E","M","T","$","?","R","M","?","R","BOSS","M","?","M","$","?","R","M"],"items_purchased_type":["Card","Card"],"build_version":"2020-12-13","purchased_purges":0,"victory":false,"max_hp_per_floor":[75,75,75,75,75,75,75,75,75,75,75,75,75,75,75,75,75,75,75,75,75,75,75,75,75],"card_choices":[{"not_picked":["Flex","Heavy Blade"],"picked":"Armaments","floor":1.0},{"not_picked":["Heavy Blade","Anger"],"picked":"Bloodletting","floor":2.0},{"not_picked":["Burning Pact","True Grit"],"picked":"Armaments","floor":5.0},{"not_picked":["True Grit","Iron Wave"],"picked":"Immolate","floor":7.0},{"not_picked":["Havoc","Hemokinesis"],"picked":"Body Slam","floor":8.0},{"not_picked":["Sword Boomerang","Perfected Strike"],"picked":"Shrug It Off","floor":13.0},{"not_picked":["Cleave","Heavy Blade"],"picked":"Corruption","floor":14.0},{"not_picked":["Corruption","Juggernaut"],"picked":"Feed","floor":16.0},{"not_picked":["Pommel Strike","Twin Strike"],"picked":"Whirlwind","floor":18.0},{"not_picked":["Clothesline","Rage"],"picked":"Iron Wave","floor":20.0},{"not_picked":["Wild Strike+1","Fire Breathing"],"picked":"Power Through","floor":22}],"player_experience":1240280,"relics_obtained":[{"floor":7.0,"key":"Paper Frog"},{"floor":9.0,"key":"Gambling Chip"}],"event_choices":[{"damage_healed":0.0,"max_hp_gain":0.0,"max_hp_loss":0.0,"gold_gain":71.0,"event_name":"Golden Wing","player_choice":"Gained Gold","floor":3.0,"gold_loss":0.0,"damage_taken":0.0},{"damage_healed":18.0,"max_hp_gain":0.0,"max_hp_loss":0.0,"gold_gain":0.0,"event_name":"The Cleric","player_choice":"Healed","floor":4.0,"gold_loss":35.0,"damage_taken":0.0},{"damage_healed":0.0,"max_hp_gain":0.0,"max_hp_loss":0.0,"gold_gain":0.0,"event_name":"Golden Idol","player_choice":"Take Wound","floor":11.0,"gold_loss":0.0,"damage_taken":0.0,"relics_obtained":["Golden Idol"],"cards_obtained":["Injury"]},{"damage_healed":0.0,"max_hp_gain":0.0,"max_hp_loss":0.0,"gold_gain":0.0,"event_name":"WeMeetAgain","player_choice":"Gave Potion","floor":19.0,"gold_loss":0.0,"damage_taken":0.0,"relics_obtained":["Dead Branch"]}],"is_beta":false,"boss_relics":[{"not_picked":["Fusion Hammer","Philosopher\u0027s Stone"],"picked":"Mark of Pain"}],"items_purged_floors":[],"is_endless":false,"potions_floor_spawned":[5,8,14,16,18],"killed_by":"Centurion and Healer","ascension_level":14}}