{"host":"p7j7o00jacnw7qzt","time":1608099291,"event":{"mods":["BaseMod","Colored Map","Colored Powertips","DeckTracker","Highlight Path","Minty Spire (QoL Compilation)","Relic Stats"],"gold_per_floor":[113,113,113,113,16,16,32,32,32,32,51,61,88,88,88,163,163,174,449,294,311,236,261,279,279,279,479,479,489,489,337,337,410,410,424,436,448,159,159,189,216,216,243,243,258,258,285,285,285,285,285,285,285,112,147,147],"floor_reached":57,"playtime":2241,"items_purged":["Regret","Strike_G","Defend_G"],"score":3283,"play_id":"454bcdf6-f886-4edc-9f4e-c9b7d5131372","local_time":"20201216011451","is_ascension_mode":true,"campfire_choices":[{"data":"Blade Dance","floor":6.0,"key":"SMITH"},{"data":"Accuracy","floor":8.0,"key":"SMITH"},{"data":"Strike_G","floor":10.0,"key":"PURGE"},{"data":"Defend_G","floor":15.0,"key":"PURGE"},{"floor":25.0,"key":"REST"},{"data":"Tactician","floor":28.0,"key":"SMITH"},{"data":"Strike_G","floor":30.0,"key":"PURGE"},{"data":"Defend_G","floor":32.0,"key":"PURGE"},{"data":"Blade Dance+1","floor":42,"key":"PURGE"},{"floor":44,"key":"RECALL"},{"data":"Survivor","floor":46,"key":"PURGE"},{"data":"Tactician+1","floor":49,"key":"PURGE"},{"data":"Prepared","floor":53,"key":"SMITH"}],"circlet_count":0,"master_deck":["AscendersBane","Neutralize","Accuracy+1","Prepared+1","Die Die Die","Reflex+1","Backflip","Grand Finale"],"relics":["Ring of the Snake","Peace Pipe","Sundial","TungstenRod","White Beast Statue","Runic Pyramid","WingedGreaves","Empty Cage","Medical Kit","Toxic Egg 2","Anchor","Tough Bandages","Orrery","Bird Faced Urn"],"acts_visited":["Exordium","TheCity","TheBeyond","TheEnding"],"potions_floor_usage":[56,56],"damage_taken":[{"damage":0.0,"enemies":"Small Slimes","floor":1.0,"turns":5.0},{"damage":0.0,"enemies":"2 Louse","floor":7.0,"turns":2.0},{"damage":2.0,"enemies":"Jaw Worm","floor":11.0,"turns":2.0},{"damage":1.0,"enemies":"Exordium Thugs","floor":12.0,"turns":4.0},{"damage":4.0,"enemies":"3 Sentries","floor":13.0,"turns":8.0},{"damage":13.0,"enemies":"The Guardian","floor":16.0,"turns":15.0},{"damage":13.0,"enemies":"Chosen","floor":18.0,"turns":5.0},{"damage":11.0,"enemies":"Shell Parasite","floor":21.0,"turns":4.0},{"damage":7.0,"enemies":"Book of Stabbing","floor":23.0,"turns":4.0},{"damage":19.0,"enemies":"Snake Plant","floor":24.0,"turns":6.0},{"damage":0.0,"enemies":"Sentry and Sphere","floor":29.0,"turns":3.0},{"damage":0,"enemies":"Collector","floor":33,"turns":5},{"damage":0,"enemies":"3 Shapes","floor":35,"turns":1},{"damage":0,"enemies":"Orb Walker","floor":36,"turns":1},{"damage":0,"enemies":"Maw","floor":37,"turns":2},{"damage":0,"enemies":"Reptomancer","floor":40,"turns":1},{"damage":0,"enemies":"Giant Head","floor":41,"turns":1},{"damage":0,"enemies":"Spire Growth","floor":45,"turns":1},{"damage":0,"enemies":"Reptomancer","floor":47,"turns":1},{"damage":0,"enemies":"Donu and Deca","floor":50,"turns":1},{"damage":1,"enemies":"Time Eater","floor":51,"turns":2},{"damage":0,"enemies":"Shield and Spear","floor":55,"turns":1},{"damage":35,"enemies":"The Heart","floor":56,"turns":4}],"seed_played":"-3310091978720350631","potions_obtained":[{"floor":13.0,"key":"Explosive Potion"},{"floor":16.0,"key":"DuplicationPotion"},{"floor":21.0,"key":"PowerPotion"},{"floor":23.0,"key":"Swift Potion"},{"floor":24.0,"key":"SkillPotion"},{"floor":29.0,"key":"SkillPotion"},{"floor":33,"key":"Swift Potion"},{"floor":45,"key":"EntropicBrew"},{"floor":55,"key":"FearPotion"}],"is_trial":false,"path_per_floor":["M","?","?","?","$","R","M","R","T","R","M","M","E","T","R","B",null,"M","?","$","M","?","E","M","R","T","?","R","M","R","$","R","B",null,"M","M","M","$","?","E","E","R","T","R","M","R","E","$","R","B","B",null,"R","$","E","B",null],"character_chosen":"THE_SILENT","items_purchased":["Blade Dance","Tactician","Reflex","Backflip","Medical Kit","Orrery"],"campfire_rested":1,"item_purchase_floors":[5,5,20,31,38,54],"current_hp_per_floor":[59,59,64,64,64,64,64,64,64,64,62,61,57,57,57,44,60,47,47,47,36,36,29,10,29,29,29,29,29,29,29,29,29,56,56,56,56,56,56,56,56,56,56,56,56,56,56,56,56,56,55,63,63,63,63,30],"gold":147,"neow_bonus":"ONE_RARE_RELIC","is_daily":false,"chose_seed":true,"campfire_upgraded":4,"win_rate":0.0,"timestamp":1608099291,"path_taken":["M","?","?","?","$","R","?","R","T","R","M","M","E","?","R","BOSS","M","?","?","M","?","E","M","R","T","?","R","?","R","$","R","BOSS","M","M","M","$","?","E","E","R","T","R","M","R","E","$","R","BOSS","BOSS","R","$","E","BOSS"],"items_purchased_type":["Card","Card","Card","Card","Relic","Relic"],"build_version":"2020-12-13","purchased_purges":3,"victory":true,"max_hp_per_floor":[60,60,65,65,65,65,65,65,65,65,65,65,65,65,65,65,65,65,65,65,65,65,65,65,65,65,65,65,65,65,65,65,65,65,65,65,65,65,65,65,65,65,65,65,65,65,65,65,65,65,65,65,65,65,65,65],"relic_stats":{"Peace Pipe":8,"Tough Bandages":[186],"counters":[23,79],"Sundial":[132],"Bird Faced Urn":[2],"Medical Kit":[2],"obtain_stats":[{"Empty Cage":34,"Medical Kit":38,"White Beast Statue":14,"Peace Pipe":0,"Anchor":43,"Tough Bandages":47,"Sundial":9,"Bird Faced Urn":55,"Orrery":54,"WingedGreaves":23,"Toxic Egg 2":41,"TungstenRod":13,"Ring of the Snake":0,"Runic Pyramid":17},{"Empty Cage":12,"Medical Kit":15,"White Beast Statue":5,"Peace Pipe":0,"Anchor":17,"Tough Bandages":19,"Sundial":2,"Bird Faced Urn":22,"Orrery":21,"WingedGreaves":9,"Toxic Egg 2":17,"TungstenRod":5,"Ring of the Snake":0,"Runic Pyramid":6},{"Empty Cage":63,"Medical Kit":67,"White Beast Statue":21,"Peace Pipe":0,"Anchor":69,"Tough Bandages":71,"Sundial":7,"Bird Faced Urn":75,"Orrery":74,"WingedGreaves":49,"Toxic Egg 2":69,"TungstenRod":21,"Ring of the Snake":0,"Runic Pyramid":36}],"TungstenRod":39,"Ring of the Snake":[46]},"card_choices":[{"not_picked":["Underhanded Strike","Skewer","Outmaneuver"],"picked":"SKIP","floor":1.0},{"not_picked":["Skewer","Dagger Spray","Bane"],"picked":"SKIP","floor":7.0},{"not_picked":["Outmaneuver","Deadly Poison","Envenom"],"picked":"SKIP","floor":11.0},{"not_picked":["Bane","Dodge and Roll"],"picked":"Prepared","floor":12.0},{"not_picked":["Riddle With Holes","Eviscerate","Cloak And Dagger"],"picked":"SKIP","floor":13.0},{"not_picked":["A Thousand Cuts","Doppelganger"],"picked":"Die Die Die","floor":16.0},{"not_picked":["Slice","Sucker Punch","Dagger Spray+1"],"picked":"SKIP","floor":18.0},{"not_picked":["Heel Hook","Underhanded Strike","Leg Sweep"],"picked":"SKIP","floor":21.0},{"not_picked":["Choke","Poisoned Stab","Dagger Throw"],"picked":"SKIP","floor":23.0},{"not_picked":["Prepared","Noxious Fumes","Blur"],"picked":"SKIP","floor":24.0},{"not_picked":["Blade Dance","Bane","Glass Knife"],"picked":"SKIP","floor":29.0},{"not_picked":["Unload","Storm of Steel"],"picked":"Grand Finale","floor":33},{"not_picked":["Blade Dance","Bane","Quick Slash+1"],"picked":"SKIP","floor":35},{"not_picked":["Expertise+1","Prepared","Outmaneuver"],"picked":"SKIP","floor":36},{"not_picked":["Burst","Poisoned Stab","Skewer"],"picked":"SKIP","floor":37},{"not_picked":["Burst","Poisoned Stab","Skewer"],"picked":"SKIP","floor":37},{"not_picked":["Bane","Backflip+1","Calculated Gamble+1"],"picked":"SKIP","floor":40},{"not_picked":["Eviscerate","Dodge and Roll+1","Cloak And Dagger+1"],"picked":"SKIP","floor":41},{"not_picked":["Bane","Cloak And Dagger+1","Caltrops"],"picked":"SKIP","floor":45},{"not_picked":["Outmaneuver+1","Venomology+1","Night Terror+1"],"picked":"SKIP","floor":47},{"not_picked":["Sucker Punch","Deflect+1","Dagger Throw+1"],"picked":"SKIP","floor":55}],"player_experience":879540,"relics_obtained":[{"floor":9.0,"key":"Sundial"},{"floor":13.0,"key":"TungstenRod"},{"floor":14.0,"key":"White Beast Statue"},{"floor":23.0,"key":"WingedGreaves"},{"floor":41,"key":"Toxic Egg 2"},{"floor":43,"key":"Anchor"},{"floor":47,"key":"Tough Bandages"},{"floor":55,"key":"Bird Faced Urn"}],"event_choices":[{"damage_healed":0.0,"max_hp_gain":0.0,"max_hp_loss":0.0,"gold_gain":0.0,"cards_transformed":["Strike_G"],"event_name":"Living Wall","player_choice":"Change","floor":2.0,"gold_loss":0.0,"damage_taken":0.0,"cards_obtained":["Accuracy"]},{"damage_healed":0.0,"max_hp_gain":5.0,"max_hp_loss":0.0,"gold_gain":0.0,"event_name":"Big Fish","player_choice":"Donut","floor":3.0,"gold_loss":0.0,"damage_taken":0.0},{"damage_healed":0.0,"max_hp_gain":0.0,"max_hp_loss":0.0,"gold_gain":0.0,"event_name":"The Cleric","player_choice":"Leave","floor":4.0,"gold_loss":0.0,"damage_taken":0.0},{"damage_healed":0.0,"max_hp_gain":0.0,"max_hp_loss":0.0,"gold_gain":275.0,"event_name":"Golden Shrine","player_choice":"Desecrate","floor":19.0,"gold_loss":0.0,"damage_taken":0.0,"cards_obtained":["Regret"]},{"cards_removed":["Strike_G"],"damage_healed":0.0,"max_hp_gain":0.0,"max_hp_loss":0.0,"gold_gain":0.0,"event_name":"Beggar","player_choice":"Gave Gold","floor":22.0,"gold_loss":75.0,"damage_taken":0.0},{"damage_healed":0.0,"max_hp_gain":0.0,"max_hp_loss":0.0,"gold_gain":250.0,"event_name":"The Joust","player_choice":"Bet on Owner","floor":27.0,"gold_loss":50.0,"damage_taken":0.0},{"damage_healed":0,"gold_gain":0,"player_choice":"Forge","damage_taken":0,"max_hp_gain":0,"max_hp_loss":0,"event_name":"Accursed Blacksmith","floor":39,"gold_loss":0,"cards_upgraded":["Reflex"]}],"is_beta":false,"boss_relics":[{"not_picked":["Fusion Hammer","Velvet Choker"],"picked":"Runic Pyramid"},{"not_picked":["Runic Dome","HoveringKite"],"picked":"Empty Cage"}],"items_purged_floors":[20,31,38],"is_endless":false,"potions_floor_spawned":[13,16,18,21,23,24,29,33,35,36,37,40,41,45,47,55],"ascension_level":20}}