{"host":"uomfndqwf5xp2aw3","time":1608125242,"event":{"mods":["AchievementEnabler","Bard","BaseMod","BetterRewards","Colored Map","Colored Powertips","Conspire","Downfall","Googly Eyes","Halation","Infinite Spire","Minty Spire (QoL Compilation)","READ ME - Guardian Mod","Replay The Spire","Shop Mod","StSLib","Yuri Mod"],"gold_per_floor":[99,99,134,151,37,57,81,108,108,108,208,223,173,273,292,405,405,405,418,418,418,121,141,141,141,172,172,211,211,124,144,163,274,274,274,306,329,357,390,402,402,402,417,483,483,483,497,219,230,331,331,331,386,386,406,406,406,431,187,204,229,273,273,273,289,302,421,521,521,545,545,289,289,315,350,350,350,409,409,428,415,415,453,543,543,543,566,622,622,655,669,691,691,744,744,522,548,574,392,427,581,581,581,581,581,581,581,701,782,782,871,871,948,1040,1125,1125,1234,1413,1413,1413,1546,1546,1546,1734,1734,1888,1888,1888,2070,1601,1601,1844,2044,2250,2613,2613,2613,2926,2926,3146,3392,2908,3159,3159,3431,3431,3695,3695,3695,3967,4272,4696,4696,4696],"floor_reached":153,"playtime":14937,"items_purged":["Slimebound:Strike_Slimebound","Sickly","Spreading Infection","ReplayTheSpireMod:Splinters","Slimebound:SamplingLick","Slimebound:SamplingLick"],"score":1992,"play_id":"27485bab-a4d3-45a0-a35b-0eb628375846","local_time":"20201216212722","is_ascension_mode":false,"campfire_choices":[{"data":"Slimebound:CorrosiveSpit","floor":1.0,"key":"SMITH"},{"data":"Slimebound:Split","floor":10.0,"key":"SMITH"},{"data":"Slimebound:Icky","floor":18.0,"key":"PURGE"},{"data":"Slimebound:SpikyOuterGoop","floor":20.0,"key":"SMITH"},{"data":"Slimebound:Recollect","floor":25.0,"key":"SMITH"},{"data":"Slimebound:OozeBath","floor":27.0,"key":"SMITH"},{"floor":35.0,"key":"DIG"},{"floor":42.0,"key":"RECALL"},{"floor":52.0,"key":"DIG"},{"floor":54.0,"key":"DIG"},{"floor":69.0,"key":"DIG"},{"floor":73.0,"key":"DIG"},{"floor":76.0,"key":"DIG"},{"floor":86.0,"key":"DIG"},{"floor":89.0,"key":"DIG"},{"floor":93.0,"key":"DIG"},{"floor":95.0,"key":"DIG"},{"floor":103.0,"key":"DIG"},{"floor":107.0,"key":"DIG"},{"floor":110.0,"key":"DIG"},{"floor":112.0,"key":"DIG"},{"floor":120.0,"key":"DIG"},{"floor":122.0,"key":"DIG"},{"floor":125.0,"key":"DIG"},{"floor":128.0,"key":"DIG"},{"floor":137.0,"key":"DIG"},{"floor":139.0,"key":"DIG"},{"floor":144.0,"key":"DIG"},{"floor":146.0,"key":"DIG"}],"circlet_count":0,"master_deck":["Slimebound:Split+1","Slimebound:CorrosiveSpit+1","Slimebound:RejuvenatingLick","Slimebound:Recollect+1","Slimebound:Repurpose+1","Slimebound:SplitLeeching","conspire:SpireCoStock","Slimebound:OozeBath+1","Slimebound:SpikyOuterGoop+1","Replay:Dark Deal","Slimebound:ViciousTackle","Slimebound:SplitMire","Slimebound:Recollect","Slimebound:OneTwoCombo+1","Slimebound:LeechingTouch+1","Slimebound:SlimeBrawl","Slimebound:Replication+1","Slimebound:AcidTongue","Slimebound:MassFeed+1","CurseOfTheBell","Slimebound:DivideAndConquer+1","Slimebound:Schlurp+1","Slimebound:LeechingTouch+1","Slimebound:OozeBath","Slimebound:Recollect","Slimebound:MegaLick","Slimebound:OneTwoCombo","Slimebound:Nibble","Slimebound:WasteNot","Slimebound:Nibble","Slimebound:Gluttony+1","infinitespire:Punishment","Slimebound:HungryTackle","Slimebound:WasteNot","Slimebound:HungryTackle","ReplayTheSpireMod:Echoes of Time","Replay:Sssssssssstrike","Slimebound:SelfFormingGoo+1","m_Survivalism","Slimebound:CheckThePlaybook","Replay:SS_hec_1+1","Panache+1","Slimebound:Recycling+1","Slimebound:SamplingLick+1","Slimebound:SplitBruiser","Slimebound:MassFeed","Slimebound:SplitBruiser+1","Slimebound:SamplingLick+1","Pot Of Greed","Pot Of Greed","Pot Of Greed","Pot Of Greed","Pot Of Greed","Slimebound:RejuvenatingLick+1","Apotheosis","Slimebound:ComboTackle+1","Violence","Slimebound:Replication","ReplayTheSpireMod:Echoes of Time","Slimebound:SplitLeeching","Pot Of Greed","Slimebound:PrepareCrush","Slimebound:OneTwoCombo","Slimebound:Replication+1","ReplayTheSpireMod:Necrogeddon","Slimebound:MassFeed","Slimebound:FlameTackle+1","Slimebound:ViciousTackle+1","expansioncontent:BronzeBeam","expansioncontent:TimeRipple"],"relics":["Slimebound:AbsorbEndCombat","downfall:HeartsMalice","infinitespire:PuzzleCube","War Paint","Potion Belt","halation:PinkSoulGem","Kintsugi","Membership Card","conspire:BottledYoYo","Replay:Baseball","Pocketwatch","halation:Toothbrush","Frozen Eye","Whetstone","Replay:Towering Pillar of Hats","Calling Bell","Vajra","infinitespire:ShieldingShard","Shovel","conspire:InfiniteJournal","halation:VictoryRuler","ReplayTheSpireMod:Lightbulb","Blue Doll","Mummified Hand","Guide Book","Coffee Dripper","infinitespire:BottledMercury","halation:LettersToHer","FossilizedHelix","Centennial Puzzle","halation:KoshaPiece","InkBottle","Frozen Egg 2","Replay:Grab Bag","Cursed Key","Replay:Wanted Poster","Pandora\u0027s Box","ReplayTheSpireMod:SealedPack","Happy Flower","infinitespire:Golems Mask","Replay:Wax Seal","halation:BlackBeret","Centennial Puzzle","Cauldron","conspire:SlowCooker","Turnip","Bag of Preparation","Replay:Accelerometer","Pen Nib","Grinning Jar","Replay:Bandana","Bag of Marbles","Replay:Rubber Ducky","halation:SmartPhone","infinitespire:EvilPickle","infinitespire:Satchel","Gremlin Food","Toy Ornithopter","infinitespire:FocusingShard","Calipers","Iron Hammer","ReplayFunnel","infinitespire:Lucky Rock","infinitespire:Eraser","infinitespire:Lychee Nut","Fusion Hammer","Torii","Medical Kit","Nunchaku","Thread and Needle","downfall:KnowingSkull","Slimebound:TarBlob","Letter Opener","Akabeko","Shuriken","Durian","PrismaticShard","Singing Bowl","halation:AfternoonTea","halation:PinkAlligatorPlush"],"acts_visited":[],"potions_floor_usage":[],"damage_taken":[{"damage":0.0,"enemies":"Jaw Worm","floor":2.0,"turns":1.0},{"damage":0.0,"enemies":"Lagavulin","floor":3.0,"turns":1.0},{"damage":3.0,"enemies":"2 Louse","floor":4.0,"turns":1.0},{"damage":12.0,"enemies":"downfall:FleeingMerchant","floor":5.0,"turns":4.0},{"damage":10.0,"enemies":"Small Slimes","floor":6.0,"turns":3.0},{"damage":22.0,"enemies":"Gremlin Nob","floor":8.0,"turns":3.0},{"damage":14.0,"enemies":"Gremlin Gang","floor":12.0,"turns":5.0},{"damage":4.0,"enemies":"Exordium Wildlife","floor":15.0,"turns":2.0},{"damage":54.0,"enemies":"downfall:CharBossIronclad","floor":16.0,"turns":9.0},{"damage":8.0,"enemies":"conspire:FuzzyDice","floor":19.0,"turns":1.0},{"damage":32.0,"enemies":"downfall:FleeingMerchant","floor":22.0,"turns":4.0},{"damage":20.0,"enemies":"Spheric Guardian","floor":23.0,"turns":3.0},{"damage":62.0,"enemies":"Slavers","floor":26.0,"turns":4.0},{"damage":19.0,"enemies":"3 Cultists","floor":28.0,"turns":5.0},{"damage":13.0,"enemies":"downfall:FleeingMerchant","floor":30.0,"turns":4.0},{"damage":17.0,"enemies":"Cultist and Chosen","floor":31.0,"turns":4.0},{"damage":32.0,"enemies":"Snake Plant","floor":32.0,"turns":4.0},{"damage":45.0,"enemies":"downfall:CharBossDefect","floor":33.0,"turns":6.0},{"damage":35.0,"enemies":"3 Darklings","floor":36.0,"turns":3.0},{"damage":30.0,"enemies":"R_Hoarder","floor":37.0,"turns":8.0},{"damage":29.0,"enemies":"Orb Walker","floor":38.0,"turns":4.0},{"damage":75.0,"enemies":"Spire Growth","floor":39.0,"turns":5.0},{"damage":31.0,"enemies":"Sphere and 2 Shapes","floor":40.0,"turns":6.0},{"damage":5.0,"enemies":"Jaw Worm Horde","floor":43.0,"turns":1.0},{"damage":76.0,"enemies":"Nightmare","floor":44.0,"turns":9.0},{"damage":0.0,"enemies":"3 Darklings","floor":47.0,"turns":1.0},{"damage":0.0,"enemies":"Maw","floor":49.0,"turns":1.0},{"damage":0.0,"enemies":"downfall:CharBossSilent","floor":50.0,"turns":1.0},{"damage":23.0,"enemies":"Lagavulin","floor":53.0,"turns":3.0},{"damage":0.0,"enemies":"Small Slimes","floor":55.0,"turns":2.0},{"damage":2.0,"enemies":"2 Louse","floor":60.0,"turns":2.0},{"damage":0.0,"enemies":"Nightmare","floor":61.0,"turns":1.0},{"damage":19.0,"enemies":"infinitespire:Voidling","floor":62.0,"turns":2.0},{"damage":0.0,"enemies":"Exordium Wildlife","floor":65.0,"turns":1.0},{"damage":2.0,"enemies":"Lots of Slimes","floor":66.0,"turns":3.0},{"damage":4.0,"enemies":"Hexaghost","floor":67.0,"turns":5.0},{"damage":14.0,"enemies":"Chosen","floor":70.0,"turns":3.0},{"damage":5.0,"enemies":"conspire:MimicChest","floor":74.0,"turns":3.0},{"damage":0.0,"enemies":"conspire:Head Lice","floor":75.0,"turns":3.0},{"damage":24.0,"enemies":"Book of Stabbing","floor":78.0,"turns":3.0},{"damage":11.0,"enemies":"3 Byrds","floor":80.0,"turns":2.0},{"damage":0.0,"enemies":"Snecko","floor":83.0,"turns":1.0},{"damage":28.0,"enemies":"Pondfish","floor":84.0,"turns":4.0},{"damage":0.0,"enemies":"R_Hoarder","floor":90.0,"turns":3.0},{"damage":16.0,"enemies":"3 Darklings","floor":91.0,"turns":3.0},{"damage":62.0,"enemies":"Nightmare","floor":92.0,"turns":3.0},{"damage":0.0,"enemies":"Giant Head","floor":94.0,"turns":3.0},{"damage":0.0,"enemies":"3 Shapes","floor":97.0,"turns":2.0},{"damage":5.0,"enemies":"Sphere and 2 Shapes","floor":98.0,"turns":2.0},{"damage":0.0,"enemies":"Spire Growth","floor":100.0,"turns":2.0},{"damage":56.0,"enemies":"Donu and Deca","floor":101.0,"turns":3.0},{"damage":0.0,"enemies":"downfall:WomanInBlue","floor":108.0,"turns":3.0},{"damage":0.0,"enemies":"Replay:BlueRogue","floor":109.0,"turns":1.0},{"damage":0.0,"enemies":"Lagavulin","floor":111.0,"turns":1.0},{"damage":0.0,"enemies":"Small Slimes","floor":113.0,"turns":2.0},{"damage":0.0,"enemies":"2 Louse","floor":114.0,"turns":1.0},{"damage":0.0,"enemies":"conspire:RoseBush","floor":115.0,"turns":1.0},{"damage":0.0,"enemies":"Lots of Slimes","floor":117.0,"turns":3.0},{"damage":0.0,"enemies":"The Guardian","floor":118.0,"turns":1.0},{"damage":0.0,"enemies":"3 Byrds","floor":121.0,"turns":3.0},{"damage":8.0,"enemies":"Slavers","floor":124.0,"turns":3.0},{"damage":0.0,"enemies":"conspire:SneckoGhost","floor":126.0,"turns":2.0},{"damage":0.0,"enemies":"Slavers","floor":129.0,"turns":3.0},{"damage":4.0,"enemies":"conspire:HollyBat","floor":132.0,"turns":8.0},{"damage":0.0,"enemies":"Chosen and Byrds","floor":133.0,"turns":2.0},{"damage":0.0,"enemies":"Snake Plant","floor":134.0,"turns":1.0},{"damage":0.0,"enemies":"Champ","floor":135.0,"turns":5.0},{"damage":0.0,"enemies":"R_Hoarder","floor":138.0,"turns":4.0},{"damage":0.0,"enemies":"3 Shapes","floor":140.0,"turns":3.0},{"damage":0.0,"enemies":"3 Darklings","floor":141.0,"turns":3.0},{"damage":0.0,"enemies":"Giant Head","floor":143.0,"turns":3.0},{"damage":78.0,"enemies":"Nightmare","floor":145.0,"turns":5.0},{"damage":0.0,"enemies":"Spire Growth","floor":147.0,"turns":4.0},{"damage":0.0,"enemies":"Sphere and 2 Shapes","floor":150.0,"turns":2.0},{"damage":0.0,"enemies":"4 Shapes","floor":151.0,"turns":2.0},{"damage":38.0,"enemies":"Replay:Hell Engine","floor":152.0,"turns":5.0}],"seed_played":"-5418279783523503596","potions_obtained":[{"floor":4.0,"key":"Strength Potion"},{"floor":12.0,"key":"Fire Potion"},{"floor":15.0,"key":"Reflective Coating"},{"floor":16.0,"key":"BlessingOfTheForge"},{"floor":23.0,"key":"sneckomod:MuddlingPotion"},{"floor":26.0,"key":"FearPotion"},{"floor":39.0,"key":"Reflective Coating"},{"floor":40.0,"key":"Explosive Potion"},{"floor":47.0,"key":"sneckomod:MuddlingPotion"},{"floor":67.0,"key":"Explosive Potion"},{"floor":70.0,"key":"Strength Potion"},{"floor":74.0,"key":"ColorlessPotion"},{"floor":79.0,"key":"EntropicBrew"},{"floor":79.0,"key":"Death Potion"},{"floor":79.0,"key":"FearPotion"},{"floor":94.0,"key":"Languid Potion"},{"floor":101.0,"key":"Fruit Juice"},{"floor":108.0,"key":"Slimebound:SlimyTonguePotion"},{"floor":108.0,"key":"DistilledChaos"},{"floor":124.0,"key":"BlessingOfTheForge"}],"is_trial":false,"path_per_floor":["R","M","E","M","$","M","T","E","?","R","?","M","?","?","M","B",null,"R_BF","M","R","AVR","$","M","T","R","E","R","M","?","$","M","M","B",null,"R_BF","M","E","M","M","M","T","R","M","NM","AVR","?","M","$","M","B",null,"R","E","R","M","?","AVR","T","$","M","NM","M","?","?","M","M","B",null,"R","M","?","$","R","?","E","R","?","E","AVR","M","$","?","M","B",null,"R","?","?","R","E","M","NM","R","E","R","$","M","M","$","M","B",null,"R","?","?","?","R","?","E","R","E","R","M","M","M","AVR","M","B",null,"R","M","R","?","E","R","E","AVR","R","E","$","?","M","M","M","B",null,"R","E","R","M","M","$","E","R","NM","R","M","?","?","M","M","B",null],"character_chosen":"SLIMEBOUND","items_purchased":["Slimebound:ComboTackle","conspire:BottledYoYo","Replay:Baseball","Replay:Dark Deal","Slimebound:OneTwoCombo","Frozen Eye","Slimebound:LeechingTouch","Whetstone","Replay:Towering Pillar of Hats","Slimebound:SlimeBrawl","Mummified Hand","Guide Book","infinitespire:BlackPotion","InkBottle","Slimebound:WasteNot","Slimebound:Nibble","infinitespire:Golems Mask","Replay:SS_hec_1+1","Panache+1","Slimebound:SamplingLick+1","Apotheosis","Bag of Marbles","Replay:Rubber Ducky","Violence","Medical Kit","Nunchaku","Thread and Needle","ReplayTheSpireMod:Necrogeddon","Shuriken","Durian","PrismaticShard","expansioncontent:BronzeBeam"],"campfire_rested":0,"item_purchase_floors":[5,22,22,22,30,30,30,30,30,30,48,48,48,59,59,59,72,72,72,81,96,96,99,99,130,130,130,130,142,142,142,142],"current_hp_per_floor":[60,60,60,60,60,60,60,50,50,50,50,60,60,60,60,45,60,60,60,60,60,60,60,60,60,45,45,60,45,58,60,60,51,60,60,37,60,60,27,49,49,49,56,41,41,44,44,44,44,47,69,69,60,60,68,68,68,68,68,70,73,65,65,62,66,76,76,76,76,76,79,79,79,79,79,79,79,77,77,80,80,80,83,90,90,90,90,54,54,93,93,57,57,93,93,96,96,95,98,99,86,104,104,104,104,104,104,92,100,100,104,104,108,116,116,105,116,119,119,119,119,119,108,119,119,127,95,95,98,91,85,101,101,101,101,101,101,101,101,101,101,99,109,109,65,65,117,120,78,91,100,104,138,138],"gold":4696,"neow_bonus":"THREE_ENEMY_KILL","is_daily":false,"chose_seed":false,"campfire_upgraded":5,"win_rate":0.0,"timestamp":1608125242,"path_taken":["R","M","E","M","$","M","T","E","?","R","?","M","?","?","M","BOSS","R_BF","M","R","AVR","$","?","T","R","E","R","M","?","?","M","M","BOSS","R_BF","M","E","M","M","M","T","R","M","NM","AVR","?","?","$","M","BOSS","R","E","R","M","?","AVR","T","$","M","NM","M","?","?","M","M","BOSS","R","M","?","?","R","?","E","R","?","E","AVR","?","$","?","M","BOSS","R","?","?","R","E","M","NM","R","E","R","$","M","M","$","M","BOSS","R","?","?","?","R","?","E","R","E","R","M","M","?","AVR","M","BOSS","R","M","R","?","?","R","E","AVR","R","E","$","?","?","M","M","BOSS","R","E","R","M","M","$","E","R","NM","R","?","?","?","M","M","BOSS"],"items_purchased_type":["Card","Relic","Relic","Card","Card","Relic","Card","Relic","Relic","Card","Relic","Relic","Potion","Relic","Card","Card","Relic","Card","Card","Card","Card","Relic","Relic","Card","Relic","Relic","Relic","Card","Relic","Relic","Relic","Card"],"build_version":"2020-12-13","purchased_purges":6,"victory":false,"max_hp_per_floor":[60,60,60,60,60,60,60,60,60,60,60,60,60,60,60,60,60,60,60,60,60,60,60,60,60,60,60,60,60,60,60,60,60,60,60,60,60,60,60,63,63,63,63,63,63,66,66,66,66,69,69,69,69,69,73,73,73,73,73,73,76,76,76,76,76,76,76,76,76,76,79,79,79,79,79,79,79,79,79,83,83,83,86,90,90,90,90,90,90,93,93,93,93,93,93,96,96,96,99,99,104,104,104,104,104,104,104,104,104,104,108,108,108,116,116,116,116,119,119,119,119,119,119,123,123,127,95,95,98,101,101,101,101,101,101,101,101,101,101,101,101,109,109,109,115,115,117,120,124,130,136,138,138,138],"card_choices":[{"not_picked":["Slimebound:Nibble","Slimebound:LeechEnergy"],"picked":"Slimebound:SamplingLick","floor":2.0},{"not_picked":["Slimebound:FinishingTackle","Slimebound:GrowthPunch"],"picked":"Slimebound:RejuvenatingLick","floor":3.0},{"not_picked":["Slimebound:SplitMire","Slimebound:ComboTackle"],"picked":"Slimebound:Recollect","floor":4.0},{"not_picked":["Slimebound:FormOfPuddle","Slimebound:RollThrough"],"picked":"Slimebound:Repurpose","floor":6.0},{"not_picked":["Slimebound:LevelUp","Slimebound:Equalize"],"picked":"Slimebound:RejuvenatingLick","floor":8.0},{"not_picked":["Slimebound:Prepare","Slimebound:LeechEnergy"],"picked":"Slimebound:SplitLeeching","floor":12.0},{"not_picked":["Slimebound:RejuvenatingLick","Slimebound:SplitAcid","Slimebound:DuplicatedForm"],"picked":"SKIP","floor":15.0},{"not_picked":["Slimebound:CheckThePlaybook","Slimebound:LeechLife"],"picked":"Slimebound:OozeBath","floor":16.0},{"not_picked":["Slimebound:PressTheAttack","Slimebound:ViciousTackle"],"picked":"Slimebound:SpikyOuterGoop","floor":19.0},{"not_picked":["Slimebound:SlimeSpikes","Slimebound:SplitAcid"],"picked":"Slimebound:ViciousTackle","floor":23.0},{"not_picked":["Slimebound:SplitMire","Slimebound:ViciousTackle","Slimebound:SlimeBarrage+1"],"picked":"SKIP","floor":26.0},{"not_picked":["Slimebound:ViciousTackle","Slimebound:SlimeBarrage+1"],"picked":"Slimebound:SplitMire","floor":26.0},{"not_picked":["Slimebound:Grow+1","Slimebound:HauntingLick"],"picked":"Slimebound:Recollect","floor":28.0},{"not_picked":["Slimebound:DisruptingSlam","Slimebound:Overexert"],"picked":"Slimebound:Replication+1","floor":31.0},{"not_picked":["Slimebound:LeechEnergy","Slimebound:SplitBruiser"],"picked":"Slimebound:AcidTongue","floor":32.0},{"not_picked":["Slimebound:Teamwork","Slimebound:DuplicatedForm"],"picked":"Slimebound:MassFeed","floor":33.0},{"not_picked":["Slimebound:SplitMire","Slimebound:SplitLeeching"],"picked":"Slimebound:DivideAndConquer+1","floor":36.0},{"not_picked":["Slimebound:ViciousTackle","Slimebound:LeechEnergy"],"picked":"Slimebound:Schlurp+1","floor":37.0},{"not_picked":["Slimebound:SplitMire","Slimebound:GoopSpray+1","Slimebound:Schlurp+1"],"picked":"SKIP","floor":38.0},{"not_picked":["Slimebound:SlimeBrawl","Slimebound:SplitMire"],"picked":"Slimebound:LeechingTouch+1","floor":39.0},{"not_picked":["Slimebound:MassRepurpose","Slimebound:LeechEnergy+1","Slimebound:SplitMire"],"picked":"SKIP","floor":40.0},{"not_picked":["Slimebound:PressTheAttack+1","Slimebound:ProtectTheBoss"],"picked":"Slimebound:SamplingLick","floor":43.0},{"not_picked":["Slimebound:GoopSpray+1","Slimebound:SlimeBarrage"],"picked":"Slimebound:OozeBath","floor":44.0},{"not_picked":["Slimebound:FinishingTackle","Slimebound:PressTheAttack+1"],"picked":"Slimebound:Recollect","floor":47.0},{"not_picked":["Slimebound:Prepare+1","Slimebound:ProtectTheBoss+1"],"picked":"Slimebound:MegaLick","floor":49.0},{"not_picked":["Slimebound:RallyTheTroops","Slimebound:CheckThePlaybook"],"picked":"Slimebound:OneTwoCombo","floor":50.0},{"not_picked":["Slimebound:BestDefense","Slimebound:ComboTackle","Slimebound:ItLooksTasty"],"picked":"SKIP","floor":53.0},{"not_picked":["Slimebound:BestDefense","Slimebound:ComboTackle","Slimebound:ItLooksTasty"],"picked":"SKIP","floor":53.0},{"not_picked":["Slimebound:Schlurp","Slimebound:PressTheAttack"],"picked":"Slimebound:Nibble","floor":55.0},{"not_picked":["Slimebound:DivideAndConquer","Slimebound:FirmFortitude"],"picked":"Slimebound:Gluttony","floor":60.0},{"not_picked":["infinitespire:Starlight","infinitespire:UltimateForm"],"picked":"infinitespire:Punishment","floor":61.0},{"not_picked":["Slimebound:DivideAndConquer","Slimebound:GoopSpray","Slimebound:SamplingLick"],"picked":"SKIP","floor":61.0},{"not_picked":["Slimebound:SlimeSpikes","Slimebound:DivideAndConquer","Slimebound:RollThrough"],"picked":"SKIP","floor":62.0},{"not_picked":["Slimebound:ForwardTackle","Slimebound:SplitLeeching"],"picked":"Slimebound:HungryTackle","floor":65.0},{"not_picked":["Slimebound:PressTheAttack","Slimebound:LeechEnergy","Slimebound:Chomp"],"picked":"SKIP","floor":66.0},{"not_picked":["Slimebound:MassFeed","Slimebound:Overexert+1"],"picked":"Slimebound:WasteNot","floor":67.0},{"not_picked":["infinitespire:TheBestDefense","infinitespire:DeathsTouch"],"picked":"ReplayTheSpireMod:Echoes of Time","floor":68.0},{"not_picked":["expansioncontent:ChargeUp","expansioncontent:FaceSlap"],"picked":"Replay:Sssssssssstrike","floor":68.0},{"not_picked":["Slimebound:RallyTheTroops","Slimebound:PrepareCrush"],"picked":"Slimebound:SelfFormingGoo","floor":68.0},{"not_picked":["hexamod:Float","Replay:GuardianBash"],"picked":"m_Survivalism","floor":68.0},{"not_picked":["Slimebound:ItLooksTasty","Slimebound:GrowthPunch","Slimebound:SlimeBrawl"],"picked":"SKIP","floor":70.0},{"not_picked":["Slimebound:Schlurp","Slimebound:ItLooksTasty+1"],"picked":"Slimebound:Recycling+1","floor":74.0},{"not_picked":["Slimebound:FormOfPuddle","Slimebound:SlimeSpikes","Slimebound:GoopSpray"],"picked":"SKIP","floor":75.0},{"not_picked":["Slimebound:SamplingLick","Slimebound:LeadByExample+1","Slimebound:RollThrough+1"],"picked":"SKIP","floor":78.0},{"not_picked":["Slimebound:Chomp","Slimebound:HauntingLick","Slimebound:MinionMaster+1"],"picked":"SKIP","floor":80.0},{"not_picked":["Slimebound:GoopSpray","Slimebound:LeechEnergy"],"picked":"Slimebound:SplitBruiser","floor":83.0},{"not_picked":["Slimebound:CheckThePlaybook","Slimebound:DouseInSlime"],"picked":"Slimebound:MassFeed","floor":84.0},{"not_picked":["Slimebound:ItLooksTasty+1","Slimebound:RainOfGoop"],"picked":"Slimebound:SplitBruiser+1","floor":88.0},{"not_picked":["Slimebound:Schlurp","Slimebound:SlimeBarrage","Slimebound:ComboTackle"],"picked":"SKIP","floor":90.0},{"not_picked":["Slimebound:PressTheAttack+1","Slimebound:SplitAcid+1"],"picked":"Slimebound:SamplingLick+1","floor":91.0},{"not_picked":["Slimebound:Schlurp","Slimebound:DivideAndConquer","Slimebound:LeechEnergy"],"picked":"SKIP","floor":92.0},{"not_picked":["Slimebound:FlameTackle","Slimebound:GoopTackle+1"],"picked":"Slimebound:RejuvenatingLick+1","floor":94.0},{"not_picked":["Slimebound:MassRepurpose","Slimebound:Equalize+1"],"picked":"Slimebound:ComboTackle+1","floor":97.0},{"not_picked":["Slimebound:RainOfGoop","Slimebound:Schlurp","Slimebound:FinishingTackle"],"picked":"SKIP","floor":98.0},{"not_picked":["Slimebound:GoopSpray+1","Slimebound:SplitMire"],"picked":"Slimebound:Replication","floor":100.0},{"not_picked":["infinitespire:TheBestDefense","infinitespire:Starlight"],"picked":"ReplayTheSpireMod:Echoes of Time","floor":102.0},{"not_picked":["Slimebound:ComboTackle","Slimebound:SlimeTap"],"picked":"Slimebound:SplitLeeching","floor":108.0},{"not_picked":["Slimebound:Gluttony+1","Slimebound:LeechLife","Slimebound:RollThrough"],"picked":"SKIP","floor":109.0},{"not_picked":["Slimebound:ViciousTackle","Slimebound:MinionMaster+1","Slimebound:Chomp"],"picked":"SKIP","floor":111.0},{"not_picked":["Slimebound:ViciousTackle","Slimebound:SlimeSpikes","Slimebound:DivideAndConquer"],"picked":"SKIP","floor":113.0},{"not_picked":["Slimebound:LeechEnergy","Slimebound:AcidTongue+1","Slimebound:ProtectTheBoss+1"],"picked":"SKIP","floor":114.0},{"not_picked":["Slimebound:FlameTackle","Slimebound:RainOfGoop","Slimebound:SlimeSpikes"],"picked":"SKIP","floor":115.0},{"not_picked":["Slimebound:Chomp","Slimebound:SlimeBrawl","Slimebound:LeechingTouch"],"picked":"SKIP","floor":117.0},{"not_picked":["Slimebound:Recycling+1","Slimebound:DuplicatedForm+1"],"picked":"Slimebound:PrepareCrush","floor":118.0},{"not_picked":["Slimebound:SlimeBarrage","Slimebound:Prepare","Slimebound:FinishingTackle+1"],"picked":"SKIP","floor":121.0},{"not_picked":["Slimebound:SlimeSpikes","Slimebound:ViciousTackle","Slimebound:DouseInSlime"],"picked":"SKIP","floor":124.0},{"not_picked":["Slimebound:OozeBath","Slimebound:HauntingLick","Slimebound:Equalize"],"picked":"SKIP","floor":126.0},{"not_picked":["Slimebound:Repurpose+1","Slimebound:GrowthPunch+1"],"picked":"Slimebound:Replication+1","floor":129.0},{"not_picked":["Slimebound:SplitBruiser+1","Slimebound:SamplingLick","Slimebound:RejuvenatingLick"],"picked":"SKIP","floor":132.0},{"not_picked":["Slimebound:ViciousTackle","Slimebound:SamplingLick","Slimebound:Schlurp"],"picked":"SKIP","floor":133.0},{"not_picked":["Slimebound:Recollect","Slimebound:HungryTackle","Slimebound:SplitAcid+1"],"picked":"SKIP","floor":134.0},{"not_picked":["Slimebound:WasteNot","Slimebound:RallyTheTroops"],"picked":"Slimebound:MassFeed","floor":135.0},{"not_picked":["Slimebound:Dissolve","Slimebound:GoopSpray+1","Slimebound:ViciousTackle"],"picked":"SKIP","floor":138.0},{"not_picked":["Slimebound:LeadByExample+1","Slimebound:SlimeBrawl+1"],"picked":"Slimebound:FlameTackle+1","floor":140.0},{"not_picked":["Slimebound:RollThrough","Slimebound:ItLooksTasty"],"picked":"Slimebound:ViciousTackle+1","floor":141.0},{"not_picked":["Guardian:PrimingBeam","hexamod:CatchUp+1","hexamod:AdvancingGuard+1"],"picked":"SKIP","floor":143.0},{"not_picked":["hexamod:RainOfEmbers","Heavy Blade+1","Finesse"],"picked":"Singing Bowl","floor":145.0},{"not_picked":["hexamod:HauntingEcho+1","Slimebound:PressTheAttack+1","Prostrate+1"],"picked":"Singing Bowl","floor":147.0},{"not_picked":["Replay:SS_forest_5","Replay:SS_hec_1+1","Replay:SS_hec_4"],"picked":"Singing Bowl","floor":149.0},{"not_picked":["expansioncontent:Torchfire","expansioncontent:YouAreMine","Replay:SS_forest_6+1"],"picked":"Singing Bowl","floor":149.0},{"not_picked":["Replay:SS_hec_1+1","expansioncontent:SuperHexaguard"],"picked":"expansioncontent:TimeRipple","floor":149.0},{"not_picked":["Slimebound:Repurpose+1","Evaluate+1","Jack Of All Trades+1"],"picked":"Singing Bowl","floor":150.0},{"not_picked":["sneckomod:UnknownCommonSkill","Slimebound:GoopSpray+1","ReplaySolidLightProjector+1"],"picked":"Singing Bowl","floor":151.0},{"not_picked":["LessonLearned","expansioncontent:DashGenerateEvil","ReplayRNGCard"],"picked":"Singing Bowl","floor":152.0}],"player_experience":527837,"relics_obtained":[{"floor":3.0,"key":"infinitespire:PuzzleCube"},{"floor":7.0,"key":"War Paint"},{"floor":8.0,"key":"Potion Belt"},{"floor":24.0,"key":"Pocketwatch"},{"floor":26.0,"key":"halation:Toothbrush"},{"floor":34.0,"key":"Vajra"},{"floor":34.0,"key":"infinitespire:ShieldingShard"},{"floor":34.0,"key":"Shovel"},{"floor":35.0,"key":"conspire:InfiniteJournal"},{"floor":37.0,"key":"halation:VictoryRuler"},{"floor":44.0,"key":"ReplayTheSpireMod:Lightbulb"},{"floor":52.0,"key":"infinitespire:BottledMercury"},{"floor":54.0,"key":"halation:LettersToHer"},{"floor":56.0,"key":"FossilizedHelix"},{"floor":58.0,"key":"halation:LettersToHer"},{"floor":58.0,"key":"halation:KoshaPiece"},{"floor":69.0,"key":"Happy Flower"},{"floor":73.0,"key":"Replay:Wax Seal"},{"floor":74.0,"key":"halation:BlackBeret"},{"floor":76.0,"key":"Centennial Puzzle"},{"floor":86.0,"key":"Turnip"},{"floor":87.0,"key":"halation:LettersToHer"},{"floor":87.0,"key":"Bag of Preparation"},{"floor":88.0,"key":"Replay:Accelerometer"},{"floor":89.0,"key":"Pen Nib"},{"floor":93.0,"key":"Grinning Jar"},{"floor":95.0,"key":"Replay:Bandana"},{"floor":103.0,"key":"infinitespire:Satchel"},{"floor":107.0,"key":"Gremlin Food"},{"floor":108.0,"key":"Toy Ornithopter"},{"floor":110.0,"key":"infinitespire:FocusingShard"},{"floor":112.0,"key":"Calipers"},{"floor":120.0,"key":"ReplayFunnel"},{"floor":122.0,"key":"infinitespire:Lucky Rock"},{"floor":125.0,"key":"infinitespire:Eraser"},{"floor":128.0,"key":"Torii"},{"floor":137.0,"key":"Letter Opener"},{"floor":139.0,"key":"Akabeko"},{"floor":144.0,"key":"Singing Bowl"},{"floor":146.0,"key":"halation:AfternoonTea"}],"event_choices":[{"damage_healed":0.0,"max_hp_gain":0.0,"max_hp_loss":0.0,"gold_gain":0.0,"event_name":"conspire:Investor","player_choice":"Invest 1","floor":13.0,"gold_loss":0.0,"damage_taken":0.0},{"cards_removed":["Slimebound:RejuvenatingLick"],"damage_healed":0.0,"max_hp_gain":0.0,"max_hp_loss":0.0,"gold_gain":0.0,"event_name":"Purifier","player_choice":"Purged","floor":46.0,"gold_loss":0.0,"damage_taken":0.0},{"damage_healed":0.0,"max_hp_gain":0.0,"max_hp_loss":0.0,"gold_gain":0.0,"event_name":"Scrap Ooze","player_choice":"Success","floor":64.0,"gold_loss":0.0,"damage_taken":3.0,"relics_obtained":["Frozen Egg 2"]},{"damage_healed":0.0,"max_hp_gain":0.0,"max_hp_loss":0.0,"gold_gain":0.0,"cards_transformed":["Slimebound:ComboTackle"],"event_name":"Transmorgrifier","player_choice":"Transformed","floor":71.0,"gold_loss":0.0,"damage_taken":0.0,"cards_obtained":["Slimebound:CheckThePlaybook"]},{"damage_healed":0.0,"max_hp_gain":0.0,"max_hp_loss":0.0,"gold_gain":0.0,"event_name":"Vampires","player_choice":"Ignored","floor":77.0,"gold_loss":0.0,"damage_taken":0.0},{"damage_healed":0.0,"max_hp_gain":0.0,"max_hp_loss":0.0,"gold_gain":0.0,"event_name":"conspire:LoneGhost","player_choice":"Disagree","floor":106.0,"gold_loss":0.0,"damage_taken":0.0},{"damage_healed":0.0,"max_hp_gain":0.0,"max_hp_loss":0.0,"gold_gain":0.0,"event_name":"The Library","player_choice":"Read","floor":123.0,"gold_loss":0.0,"damage_taken":0.0,"cards_obtained":["Slimebound:OneTwoCombo"]},{"cards_removed":["Slimebound:Tackle"],"damage_healed":0.0,"max_hp_gain":0.0,"max_hp_loss":0.0,"gold_gain":0.0,"event_name":"Falling","player_choice":"Removed Attack","floor":148.0,"gold_loss":0.0,"damage_taken":0.0}],"is_beta":false,"boss_relics":[{"not_picked":["Fusion Hammer","halation:CatFaceCupcake"],"picked":"Kintsugi"},{"not_picked":["Astrolabe","halation:ForbiddenBikini"],"picked":"Calling Bell"},{"not_picked":["Runic Dome","Slimebound:TarBlob"],"picked":"Coffee Dripper"},{"not_picked":["Honey Jar","ChewingGum"],"picked":"Replay:Grab Bag"},{"not_picked":["Sozu","halation:IncompleteEncyclopedia"],"picked":"Cursed Key"},{"not_picked":["Philosopher\u0027s Stone","Velvet Choker"],"picked":"Replay:Wanted Poster"},{"not_picked":["halation:MonkeysPaw","halation:Risk"],"picked":"Pandora\u0027s Box"},{"not_picked":["halation:HeavySnake","SacredBark"],"picked":"ReplayTheSpireMod:SealedPack"},{"not_picked":["Runic Pyramid","infinitespire:Cupcake"],"picked":"conspire:SlowCooker"},{"not_picked":["ReplayTheSpireMod:DimensionalGlitch","Replay:Drink Me"],"picked":"halation:SmartPhone"},{"not_picked":["Painkiller Herb","halation:Yufonium","halation:ForbiddenBikini"]},{"not_picked":["infinitespire:Cupcake","SlaversCollar"],"picked":"Slimebound:TarBlob"},{"not_picked":["Tiny House","halation:LoveArrow"],"picked":"halation:PinkAlligatorPlush"}],"items_purged_floors":[5,21,96,99,130,142],"is_endless":false,"potions_floor_spawned":[4,12,15,16,23,26,39,40,47,49,50,60,61,67,70,74,83,94,100,101,113,117,118,124,129,132,133,138,140,143,145,151],"ascension_level":0}}