{"host":"85dtmvttrcbdj5h5","time":1608090237,"event":{"mods":["AchievementEnabler","BaseMod","Bestiary","Colored Map","Colored Powertips","Filter the Spire","Minty Spire (QoL Compilation)","RNG Fix","Relic Stats"],"gold_per_floor":[116,130,130,30,130,130,160,160,184,196,233,255,297,336,348,456,468,493,54,54,66,84,84,84,112,112,165,165,184,197,215,215,313,313,324,324,324,342,355,355,365,385,385,385,433,452,471,36,36,36,36,36,36,64,64],"floor_reached":56,"playtime":4692,"items_purged":["Strike_R","Strike_R"],"score":1382,"play_id":"c40fa1f1-521e-47cb-8f77-fa0f4ab9b943","local_time":"20201215224357","is_ascension_mode":false,"campfire_choices":[{"data":"Armaments","floor":6.0,"key":"SMITH"},{"data":"Cleave","floor":8.0,"key":"SMITH"},{"data":"Disarm","floor":15.0,"key":"SMITH"},{"data":"Combust","floor":23.0,"key":"SMITH"},{"data":"Feel No Pain","floor":28.0,"key":"SMITH"},{"data":"Dark Embrace","floor":32,"key":"SMITH"},{"data":"Corruption","floor":40,"key":"SMITH"},{"data":"Flame Barrier","floor":44,"key":"SMITH"},{"floor":49,"key":"RECALL"},{"data":"True Grit","floor":52,"key":"SMITH"}],"circlet_count":0,"master_deck":["Strike_R","Strike_R","Strike_R","Defend_R","Defend_R","Defend_R","Bash","Armaments+1","Disarm+1","Intimidate","Thunderclap","Cleave+1","Combust+1","Shrug It Off","Feel No Pain+1","Feed","Burning Pact","True Grit+1","Ghostly","Ghostly","Ghostly","Ghostly","Ghostly","Body Slam","Shockwave+1","Rage+1","Feel No Pain+1","Flame Barrier+1","Dark Embrace+1","Corruption+1","Rupture+1","Combust+1","Iron Wave+1","Shrug It Off+1","Entrench+1","Body Slam+1","Reckless Charge+1","Offering","Burning Pact","Brutality"],"relics":["Burning Blood","Centennial Puzzle","Calipers","MawBank","Pear","Charon\u0027s Ashes","PreservedInsect","Tiny Chest","SlaversCollar","Paper Frog","Toolbox","StoneCalendar","InkBottle","Bottled Flame","Runic Pyramid","Gremlin Horn","Thread and Needle","OrangePellets","Bronze Scales"],"acts_visited":["Exordium","TheCity","TheBeyond","TheEnding"],"potions_floor_usage":[30,33,55,55],"damage_taken":[{"damage":5.0,"enemies":"Jaw Worm","floor":1.0,"turns":5.0},{"damage":1.0,"enemies":"Cultist","floor":2.0,"turns":4.0},{"damage":18.0,"enemies":"Lagavulin","floor":7.0,"turns":6.0},{"damage":23.0,"enemies":"Gremlin Nob","floor":11.0,"turns":5.0},{"damage":4.0,"enemies":"Small Slimes","floor":12.0,"turns":2.0},{"damage":12.0,"enemies":"3 Sentries","floor":13.0,"turns":4.0},{"damage":18.0,"enemies":"The Guardian","floor":16.0,"turns":15.0},{"damage":23.0,"enemies":"Shell Parasite","floor":18.0,"turns":12.0},{"damage":6.0,"enemies":"Chosen","floor":21.0,"turns":5.0},{"damage":6.0,"enemies":"Snecko","floor":22.0,"turns":8.0},{"damage":6.0,"enemies":"Slavers","floor":25.0,"turns":7.0},{"damage":2.0,"enemies":"Book of Stabbing","floor":27.0,"turns":5.0},{"damage":9.0,"enemies":"Shelled Parasite and Fungi","floor":29.0,"turns":7.0},{"damage":0,"enemies":"Snake Plant","floor":30,"turns":4},{"damage":6,"enemies":"3 Cultists","floor":31,"turns":6},{"damage":7,"enemies":"Collector","floor":33,"turns":8},{"damage":15,"enemies":"3 Darklings","floor":35,"turns":3},{"damage":5,"enemies":"Orb Walker","floor":38,"turns":5},{"damage":10,"enemies":"Writhing Mass","floor":39,"turns":5},{"damage":0,"enemies":"Sphere and 2 Shapes","floor":41,"turns":4},{"damage":0,"enemies":"Spire Growth","floor":42,"turns":6},{"damage":4,"enemies":"2 Orb Walkers","floor":45,"turns":4},{"damage":4,"enemies":"3 Darklings","floor":46,"turns":4},{"damage":2,"enemies":"Jaw Worm Horde","floor":47,"turns":5},{"damage":9,"enemies":"Donu and Deca","floor":50,"turns":4},{"damage":2,"enemies":"Shield and Spear","floor":54,"turns":3},{"damage":20,"enemies":"The Heart","floor":55,"turns":6}],"seed_played":"-31034781210809310","potions_obtained":[{"floor":1.0,"key":"ColorlessPotion"},{"floor":7.0,"key":"Ancient Potion"},{"floor":13.0,"key":"SpeedPotion"},{"floor":18.0,"key":"LiquidBronze"},{"floor":25.0,"key":"SkillPotion"},{"floor":27.0,"key":"AttackPotion"},{"floor":31,"key":"Block Potion"},{"floor":33,"key":"Regen Potion"},{"floor":35,"key":"FairyPotion"}],"is_trial":false,"path_per_floor":["M","M","?","$","?","R","E","R","T","T","E","M","E","T","R","B",null,"M","$","?","M","M","R","?","E","T","E","R","M","M","M","R","B",null,"M","?","T","M","M","R","M","M","T","R","?","M","M","$","R","B",null,"R","$","E","B",null],"character_chosen":"IRONCLAD","items_purchased":["Thunderclap","Paper Frog","Toolbox","True Grit","OrangePellets","Offering","Burning Pact"],"campfire_rested":0,"item_purchase_floors":[4,19,19,19,48,48,48],"current_hp_per_floor":[80,80,80,80,80,80,68,68,68,78,61,63,57,57,57,45,90,76,76,46,46,46,46,46,49,49,49,49,50,53,56,56,58,59,50,50,50,54,50,50,59,65,65,65,65,69,72,72,72,73,76,76,76,80,77],"gold":64,"neow_bonus":"THREE_CARDS","is_daily":false,"chose_seed":false,"campfire_upgraded":9,"win_rate":0.0,"timestamp":1608090237,"path_taken":["M","M","?","$","?","R","E","R","T","?","E","?","E","?","R","BOSS","M","$","?","M","M","R","?","E","T","E","R","M","M","M","R","BOSS","M","?","?","M","M","R","M","M","T","R","?","M","M","$","R","BOSS","R","$","E","BOSS"],"items_purchased_type":["Card","Relic","Relic","Card","Relic","Card","Card"],"build_version":"2020-12-13","purchased_purges":2,"victory":true,"max_hp_per_floor":[80,80,80,80,80,80,80,80,80,90,90,90,90,90,90,90,90,93,93,46,46,46,46,46,49,49,49,49,53,53,56,56,59,59,59,59,59,62,62,62,65,65,65,65,65,69,72,72,72,76,76,76,76,80,80],"relic_stats":{"Gremlin Horn":[7,7],"counters":[27,152],"StoneCalendar":[70],"Charon\u0027s Ashes":[1043],"PreservedInsect":147,"MawBank":120,"Burning Blood":137,"OrangePellets":[3],"Centennial Puzzle":[65],"Bronze Scales":[42],"Tiny Chest":1,"obtain_stats":[{"Calipers":7,"Pear":10,"Gremlin Horn":43,"StoneCalendar":25,"Thread and Needle":45,"Charon\u0027s Ashes":11,"PreservedInsect":13,"MawBank":9,"Burning Blood":0,"SlaversCollar":17,"OrangePellets":48,"Centennial Puzzle":3,"Bottled Flame":27,"Bronze Scales":54,"Toolbox":19,"Tiny Chest":14,"InkBottle":26,"Paper Frog":19,"Runic Pyramid":34},{"Calipers":3,"Pear":3,"Gremlin Horn":21,"StoneCalendar":11,"Thread and Needle":22,"Charon\u0027s Ashes":4,"PreservedInsect":6,"MawBank":3,"Burning Blood":0,"SlaversCollar":7,"OrangePellets":24,"Centennial Puzzle":2,"Bottled Flame":12,"Bronze Scales":26,"Toolbox":8,"Tiny Chest":6,"InkBottle":11,"Paper Frog":8,"Runic Pyramid":16},{"Calipers":15,"Pear":15,"Gremlin Horn":126,"StoneCalendar":73,"Thread and Needle":130,"Charon\u0027s Ashes":20,"PreservedInsect":26,"MawBank":15,"Burning Blood":0,"SlaversCollar":41,"OrangePellets":139,"Centennial Puzzle":9,"Bottled Flame":78,"Bronze Scales":146,"Toolbox":53,"Tiny Chest":26,"InkBottle":73,"Paper Frog":53,"Runic Pyramid":103}],"InkBottle":[40]},"card_choices":[{"not_picked":["Sever Soul","Headbutt"],"picked":"Armaments","floor":0.0},{"not_picked":["Second Wind","Combust"],"picked":"Disarm","floor":1.0},{"not_picked":["Armaments","True Grit"],"picked":"Intimidate","floor":2.0},{"not_picked":["Juggernaut","Body Slam"],"picked":"Cleave","floor":7.0},{"not_picked":["Sword Boomerang","Clothesline"],"picked":"Combust","floor":11.0},{"not_picked":["Disarm","Thunderclap"],"picked":"Shrug It Off","floor":12.0},{"not_picked":["Cleave","True Grit"],"picked":"Feel No Pain","floor":13.0},{"not_picked":["Bludgeon","Reaper"],"picked":"Feed","floor":16.0},{"not_picked":["Twin Strike","Combust"],"picked":"Burning Pact","floor":18.0},{"not_picked":["Cleave","Heavy Blade"],"picked":"Body Slam","floor":21.0},{"not_picked":["Iron Wave+1","Clothesline"],"picked":"Shockwave+1","floor":22.0},{"not_picked":["Cleave","Shrug It Off"],"picked":"Rage+1","floor":25.0},{"not_picked":["Sword Boomerang","Armaments"],"picked":"Feel No Pain+1","floor":27.0},{"not_picked":["Fire Breathing","Thunderclap"],"picked":"Flame Barrier","floor":29.0},{"not_picked":["Pommel Strike","Headbutt","Thunderclap"],"picked":"SKIP","floor":30},{"not_picked":["Cleave","Blood for Blood"],"picked":"Dark Embrace","floor":31},{"not_picked":["Bludgeon","Brutality"],"picked":"Corruption","floor":33},{"not_picked":["Blood for Blood+1","Clash+1"],"picked":"Rupture+1","floor":35},{"not_picked":["Fire Breathing","Inflame+1"],"picked":"Combust+1","floor":38},{"not_picked":["Carnage","Flex+1","Clash"],"picked":"SKIP","floor":39},{"not_picked":["Carnage","Flex+1","Clash"],"picked":"SKIP","floor":39},{"not_picked":["Metallicize","Armaments+1"],"picked":"Iron Wave+1","floor":41},{"not_picked":["Cleave","Flex+1"],"picked":"Shrug It Off+1","floor":42},{"not_picked":["Pommel Strike+1","Rampage+1"],"picked":"Entrench+1","floor":45},{"not_picked":["Pummel","Clothesline+1"],"picked":"Body Slam+1","floor":46},{"not_picked":["Headbutt","Infernal Blade"],"picked":"Reckless Charge+1","floor":47},{"not_picked":["Clash+1","Pommel Strike+1"],"picked":"Brutality","floor":54}],"player_experience":50985,"relics_obtained":[{"floor":3.0,"key":"Centennial Puzzle"},{"floor":7.0,"key":"Calipers"},{"floor":9.0,"key":"MawBank"},{"floor":10.0,"key":"Pear"},{"floor":11.0,"key":"Charon\u0027s Ashes"},{"floor":13.0,"key":"PreservedInsect"},{"floor":14.0,"key":"Tiny Chest"},{"floor":25.0,"key":"StoneCalendar"},{"floor":26.0,"key":"InkBottle"},{"floor":27.0,"key":"Bottled Flame"},{"floor":43,"key":"Gremlin Horn"},{"floor":45,"key":"Thread and Needle"},{"floor":54,"key":"Bronze Scales"}],"event_choices":[{"damage_healed":0.0,"max_hp_gain":0.0,"max_hp_loss":0.0,"gold_gain":0.0,"event_name":"Wheel of Change","player_choice":"Relic","floor":3.0,"gold_loss":0.0,"damage_taken":0.0},{"damage_healed":0.0,"max_hp_gain":0.0,"max_hp_loss":0.0,"gold_gain":100.0,"event_name":"Golden Shrine","player_choice":"Pray","floor":5.0,"gold_loss":0.0,"damage_taken":0.0},{"damage_healed":0.0,"max_hp_gain":0.0,"max_hp_loss":47.0,"gold_gain":0.0,"event_name":"Ghosts","player_choice":"Became a Ghost","floor":20.0,"gold_loss":0.0,"damage_taken":0.0,"cards_obtained":["Ghostly","Ghostly","Ghostly","Ghostly","Ghostly"]},{"cards_removed":["Defend_R"],"damage_healed":0.0,"max_hp_gain":0.0,"max_hp_loss":0.0,"gold_gain":0.0,"event_name":"Back to Basics","player_choice":"Elegance","floor":24.0,"gold_loss":0.0,"damage_taken":0.0},{"damage_healed":0,"gold_gain":0,"player_choice":"Ignored","damage_taken":0,"max_hp_gain":0,"max_hp_loss":0,"event_name":"Tomb of Lord Red Mask","floor":36,"gold_loss":0},{"damage_healed":0,"gold_gain":0,"player_choice":"Fight","damage_taken":0,"max_hp_gain":0,"max_hp_loss":0,"event_name":"Mysterious Sphere","floor":45,"gold_loss":0}],"is_beta":false,"boss_relics":[{"not_picked":["Coffee Dripper","Runic Cube"],"picked":"SlaversCollar"},{"not_picked":["Fusion Hammer","Sozu"],"picked":"Runic Pyramid"}],"items_purged_floors":[4,48],"is_endless":false,"potions_floor_spawned":[1,7,13,18,25,27,31,33,35,41,46],"ascension_level":0}}