{"host":"a7kkotolxcg5vljr","time":1608156948,"event":{"mods":["2.2 Compatiblity","AchievementEnabler","Act Like it!","BaseMod","Better Altar","Better Skull","Better Third Choice","Colored Map","Colored Powertips","Downfall","Hermit","Highlight Path","Marisa????????","Minty Spire (QoL Compilation)","Quick Restart","Rare Cards Sparkle","Replay The Spire","Spicy Shops","StSLib","The Cursed","The Disciple","The Servant 0.9.4"],"gold_per_floor":[114,114,133,145,145,145,175,32,113,129,129,129,144,69,69,169,169,179,94,94,107,124,124,71,71,71,81,81,114,129,139,139,236,236,248,248,248,248,248,248],"floor_reached":39,"playtime":1533,"items_purged":[],"score":424,"play_id":"35a6d7bc-9e56-4522-889b-7b675958cc9d","local_time":"20201216171548","is_ascension_mode":false,"campfire_choices":[{"floor":6,"key":"RECALL"},{"floor":11,"key":"REST"},{"floor":15,"key":"DIG"},{"data":"Blade Dance","floor":25,"key":"SMITH"},{"data":"Setup","floor":28,"key":"SMITH"},{"data":"Infinite Blades","floor":32,"key":"SMITH"}],"circlet_count":0,"master_deck":["Strike_G","Strike_G","Strike_G","Strike_G","Strike_G","Defend_G","Defend_G","Defend_G","Defend_G","Defend_G+1","Survivor","Neutralize+1","Flying Knee","Sucker Punch","Acrobatics","Hidden Blade","Storm of Steel+1","PiercingWail","Footwork","Replay:Bag of Tricks+1","Acrobatics","Hidden Blade","Underhanded Strike","Blade Dance+1","Setup+1","Blade Dance+1","A Thousand Cuts","Infinite Blades+1","A Thousand Cuts","Sickly","Hallucinations","CurseOfTheBell","ReplayTheSpireMod:Scrap Shanks","Backflip","Languid","Replay:BasicMightCard","Neutralize","expansioncontent:Hexaburn","ReplayTheSpireMod:Speed Training"],"relics":["WristBlade","ReplayFunnel","Snack Pack","Art of War","Pantograph","Sozu","Chameleon Ring","Orichalcum","Replay:Ancient Bell","Dream Catcher","Golden Egg","Prayer Wheel","Ring of Fury"],"acts_visited":["Exordium","TheCity","TheBeyond"],"potions_floor_usage":[7,30],"damage_taken":[{"damage":0,"enemies":"Cultist","floor":1,"turns":4},{"damage":2,"enemies":"2 Louse","floor":3,"turns":3},{"damage":1,"enemies":"Jaw Worm","floor":4,"turns":4},{"damage":30,"enemies":"Lagavulin","floor":7,"turns":8},{"damage":2,"enemies":"Blue Slaver","floor":10,"turns":3},{"damage":3,"enemies":"Looter","floor":13,"turns":3},{"damage":33,"enemies":"Fading Forest","floor":16,"turns":11},{"damage":3,"enemies":"3 Byrds","floor":18,"turns":6},{"damage":10,"enemies":"Spheric Guardian","floor":21,"turns":3},{"damage":0,"enemies":"Cultist and Chosen","floor":22,"turns":4},{"damage":13,"enemies":"Shelled Parasite and Fungi","floor":27,"turns":5},{"damage":24,"enemies":"Gremlin Leader","floor":29,"turns":6},{"damage":5,"enemies":"Snake Plant","floor":30,"turns":3},{"damage":0,"enemies":"Cultist and Chosen","floor":31,"turns":4},{"damage":49,"enemies":"Automaton","floor":33,"turns":8},{"damage":49,"enemies":"3 Darklings","floor":35,"turns":4},{"damage":31,"enemies":"3 Shapes","floor":39,"turns":7}],"seed_played":"-6371261549134493898","potions_obtained":[{"floor":1,"key":"champ:CounterPotion"},{"floor":10,"key":"Adrenaline Potion"}],"is_trial":false,"path_per_floor":["M","?","M","M","?","R","E","$","T","M","R","?","M","$","R_BF","B",null,"M","?","?","M","M","R","$","R","T","M","R","E","M","M","R","B",null,"M","?","?","?","M"],"character_chosen":"THE_SILENT","items_purchased":["Storm of Steel","Art of War","Blade Dance"],"campfire_rested":1,"item_purchase_floors":[8,14,24],"current_hp_per_floor":[70,70,68,67,67,67,37,37,37,39,60,60,59,59,59,41,70,70,70,70,62,70,70,70,70,70,65,65,46,55,65,65,35,70,25,25,25,25,0,0],"gold":248,"neow_bonus":"BOSS_RELIC","is_daily":false,"chose_seed":false,"campfire_upgraded":3,"win_rate":0.0,"timestamp":1608156948,"path_taken":["M","?","M","?","?","R","E","?","T","M","R","?","M","$","R_BF","BOSS","M","?","?","M","?","R","$","R","T","M","R","E","M","M","R","BOSS","M","?","?","?","?"],"items_purchased_type":["Card","Relic","Card"],"build_version":"2020-12-13","purchased_purges":0,"victory":false,"max_hp_per_floor":[70,70,70,70,70,70,70,70,70,70,70,70,70,70,70,70,70,70,70,70,70,70,70,70,70,70,70,70,70,70,70,70,70,70,70,70,70,70,70,70],"card_choices":[{"not_picked":["Terror","PiercingWail"],"picked":"Flying Knee","floor":1},{"not_picked":["Outmaneuver","Quick Slash"],"picked":"Sucker Punch","floor":3},{"not_picked":["Concentrate","Expertise"],"picked":"Acrobatics","floor":4},{"not_picked":["Dodge and Roll","ReplayTheSpireMod:Shiv Toss"],"picked":"Hidden Blade","floor":7},{"not_picked":["Deadly Poison","Endless Agony"],"picked":"PiercingWail","floor":10},{"not_picked":["ReplayTheSpireMod:The Works","Riddle With Holes"],"picked":"Footwork","floor":13},{"not_picked":["ReplayTheSpireMod:Necrosis","Malaise"],"picked":"Replay:Bag of Tricks","floor":16},{"not_picked":["Draining Mist","Expertise"],"picked":"Acrobatics","floor":18},{"not_picked":["Draining Mist","Prepared"],"picked":"Hidden Blade","floor":21},{"not_picked":["Endless Agony","Flying Knee"],"picked":"Underhanded Strike","floor":22},{"not_picked":["Deflect+1","Bane+1"],"picked":"Setup","floor":27},{"not_picked":["Acrobatics","PiercingWail"],"picked":"Blade Dance+1","floor":29},{"not_picked":["Sucker Punch+1","Deadly Poison"],"picked":"A Thousand Cuts","floor":30},{"not_picked":["Deadly Poison","Underhanded Strike"],"picked":"Infinite Blades","floor":31},{"not_picked":["Die Die Die","Tools of the Trade"],"picked":"A Thousand Cuts","floor":33},{"not_picked":["Spreading Infection","ReplayTheSpireMod:Doomed"],"picked":"Sickly","floor":34},{"not_picked":["Delirium","Replay:Hysterical Blindness"],"picked":"Hallucinations","floor":34},{"not_picked":["Voices","SwitchThreat"],"picked":"CurseOfTheBell","floor":34},{"not_picked":["Dagger Throw","Sucker Punch"],"picked":"ReplayTheSpireMod:Scrap Shanks","floor":35},{"not_picked":["Deflect","Dagger Throw"],"picked":"Backflip","floor":35},{"not_picked":["Transmutation","Dramatic Entrance"],"picked":"Replay:BasicMightCard","floor":37}],"player_experience":338404,"relics_obtained":[{"floor":7,"key":"ReplayFunnel"},{"floor":9,"key":"Snack Pack"},{"floor":15,"key":"Pantograph"},{"floor":29,"key":"Orichalcum"},{"floor":36,"key":"Ring of Fury"}],"event_choices":[{"damage_healed":0,"gold_gain":0,"player_choice":"Upgraded","damage_taken":0,"max_hp_gain":0,"max_hp_loss":0,"event_name":"Upgrade Shrine","floor":2,"gold_loss":0,"cards_upgraded":["Neutralize"]},{"damage_healed":0,"gold_gain":0,"player_choice":"Grow","damage_taken":0,"max_hp_gain":0,"max_hp_loss":0,"event_name":"Living Wall","floor":12,"gold_loss":0,"cards_upgraded":["Storm of Steel"]},{"damage_healed":0,"gold_gain":0,"player_choice":"Obtained Relic","damage_taken":0,"relics_obtained":["Chameleon Ring"],"max_hp_gain":0,"max_hp_loss":0,"event_name":"Addict","floor":19,"gold_loss":85},{"damage_healed":0,"gold_gain":0,"player_choice":"Upgraded","damage_taken":0,"max_hp_gain":0,"max_hp_loss":0,"event_name":"Upgrade Shrine","floor":20,"gold_loss":0,"cards_upgraded":["Replay:Bag of Tricks"]},{"damage_healed":0,"gold_gain":0,"player_choice":"Memory 1","damage_taken":0,"max_hp_gain":0,"max_hp_loss":0,"event_name":"SensoryStone","floor":37,"gold_loss":0},{"damage_healed":0,"gold_gain":0,"player_choice":"3 cards matched","damage_taken":0,"max_hp_gain":0,"max_hp_loss":0,"event_name":"Match and Keep!","floor":38,"gold_loss":0,"cards_obtained":["Neutralize","expansioncontent:Hexaburn","ReplayTheSpireMod:Speed Training"]}],"is_beta":false,"boss_relics":[{"not_picked":["Painkiller Herb","Kintsugi"],"picked":"Sozu"},{"not_picked":["Cursed Key","Tiny House"],"picked":"Replay:Ancient Bell"},{"not_picked":["Toy Ornithopter","Potion Belt"],"picked":"Dream Catcher"},{"not_picked":["Eternal Feather","Replay:Accelerometer"],"picked":"Golden Egg"},{"not_picked":["Durian","Replay:Arrowhead"],"picked":"Prayer Wheel"}],"items_purged_floors":[],"is_endless":false,"potions_floor_spawned":[1,10,27,30,31,33,35],"killed_by":"3 Shapes","ascension_level":0}}