{"host":"q0qnzbgdx8oqogg9","time":1608109798,"event":{"mods":["BaseMod","Minty Spire (QoL Compilation)","Slay-I","StSLib"],"gold_per_floor":[113,127,140,140,153,189,208,226,226,226,276,201,201,233,233,363,372,401,425,478,493,55,55,55,55],"floor_reached":24,"playtime":946,"items_purged":["Strike_G","Strike_G"],"score":270,"play_id":"c3643cc2-2fff-4b81-9038-fd3d2ac40f7f","local_time":"20201216040958","is_ascension_mode":true,"campfire_choices":[{"data":"Phantasmal Killer","floor":10.0,"key":"SMITH"},{"data":"Bouncing Flask","floor":13.0,"key":"SMITH"},{"data":"Backflip","floor":15.0,"key":"SMITH"},{"floor":23.0,"key":"REST"}],"circlet_count":0,"master_deck":["Strike_G+1","Strike_G","Strike_G","Defend_G","Defend_G","Defend_G","Defend_G","Defend_G","Survivor","Neutralize+1","Dash","Bouncing Flask+1","Noxious Fumes","Sucker Punch","Phantasmal Killer+1","Backflip+1","Adrenaline","CurseOfTheBell","Deflect+1","Dodge and Roll","Leg Sweep","Backflip"],"relics":["Ring of the Snake","NeowsBlessing","Golden Idol","Ninja Scroll","CeramicFish","Whetstone","Calling Bell","Centennial Puzzle","The Courier","Bird Faced Urn","Red Mask","Ornamental Fan","MealTicket"],"acts_visited":["Exordium","TheCity"],"potions_floor_usage":[],"damage_taken":[{"damage":0.0,"enemies":"2 Louse","floor":1.0,"turns":1.0},{"damage":0.0,"enemies":"Jaw Worm","floor":2.0,"turns":1.0},{"damage":0.0,"enemies":"Small Slimes","floor":3.0,"turns":1.0},{"damage":0.0,"enemies":"Blue Slaver","floor":5.0,"turns":8.0},{"damage":14.0,"enemies":"Lagavulin","floor":6.0,"turns":7.0},{"damage":7.0,"enemies":"Lots of Slimes","floor":7.0,"turns":3.0},{"damage":6.0,"enemies":"2 Fungi Beasts","floor":8.0,"turns":3.0},{"damage":1.0,"enemies":"Red Slaver","floor":14.0,"turns":3.0},{"damage":4.0,"enemies":"Hexaghost","floor":16.0,"turns":8.0},{"damage":2.0,"enemies":"2 Thieves","floor":18.0,"turns":4.0},{"damage":22.0,"enemies":"3 Byrds","floor":19.0,"turns":6.0},{"damage":17.0,"enemies":"Masked Bandits","floor":20.0,"turns":4.0},{"damage":11.0,"enemies":"Cultist and Chosen","floor":21.0,"turns":8.0},{"damage":43,"enemies":"Gremlin Leader","floor":24,"turns":6}],"seed_played":"7612674866562223460","potions_obtained":[{"floor":3.0,"key":"Dexterity Potion"},{"floor":6.0,"key":"PowerPotion"},{"floor":8.0,"key":"GhostInAJar"},{"floor":18.0,"key":"Explosive Potion"},{"floor":19.0,"key":"Strength Potion"},{"floor":20.0,"key":"Strength Potion"}],"is_trial":false,"path_per_floor":["M","M","M","?","M","E","M","M","T","R","T","$","R","M","R","B",null,"M","M","?","M","$","R","E"],"character_chosen":"THE_SILENT","items_purchased":["Ornamental Fan","MealTicket","Backflip"],"campfire_rested":1,"item_purchase_floors":[22,22,22],"current_hp_per_floor":[63,63,63,46,46,32,25,19,19,19,19,19,19,18,18,14,56,56,36,21,12,12,33,0,0],"gold":55,"neow_bonus":"THREE_ENEMY_KILL","is_daily":false,"chose_seed":false,"campfire_upgraded":3,"win_rate":0.0,"timestamp":1608109798,"path_taken":["M","M","M","?","M","E","M","M","T","R","?","$","R","M","R","BOSS","M","M","?","M","$","R","E"],"items_purchased_type":["Relic","Relic","Card"],"build_version":"2020-12-13","purchased_purges":2,"victory":false,"max_hp_per_floor":[70,70,70,70,70,70,70,70,70,70,70,70,70,70,70,70,70,70,70,70,70,70,70,70,70],"card_choices":[{"not_picked":["Bane","Terror"],"picked":"Dash","floor":1.0},{"not_picked":["Underhanded Strike","Outmaneuver"],"picked":"Bouncing Flask","floor":2.0},{"not_picked":["Underhanded Strike","Slice","Heel Hook"],"picked":"SKIP","floor":3.0},{"not_picked":["Deflect","Slice","Acrobatics"],"picked":"SKIP","floor":5.0},{"not_picked":["Poisoned Stab","Bullet Time"],"picked":"Noxious Fumes","floor":6.0},{"not_picked":["Underhanded Strike","Outmaneuver"],"picked":"Sucker Punch","floor":7.0},{"not_picked":["Prepared","Accuracy"],"picked":"Phantasmal Killer","floor":8.0},{"not_picked":["Crippling Poison","Sucker Punch"],"picked":"Backflip","floor":14.0},{"not_picked":["Burst","Unload"],"picked":"Adrenaline","floor":16.0},{"not_picked":["Masterful Stab","Heel Hook+1"],"picked":"Deflect+1","floor":18.0},{"not_picked":["Quick Slash","Reflex"],"picked":"Dodge and Roll","floor":19.0},{"not_picked":["Underhanded Strike","Cloak And Dagger"],"picked":"Leg Sweep","floor":20.0},{"not_picked":["Endless Agony","Underhanded Strike+1","Flying Knee+1"],"picked":"SKIP","floor":21.0}],"player_experience":181132,"relics_obtained":[{"floor":6.0,"key":"Ninja Scroll"},{"floor":9.0,"key":"CeramicFish"},{"floor":11.0,"key":"Whetstone"},{"floor":17.0,"key":"Centennial Puzzle"},{"floor":17.0,"key":"The Courier"},{"floor":17.0,"key":"Bird Faced Urn"},{"floor":20.0,"key":"Red Mask"}],"event_choices":[{"damage_healed":0.0,"max_hp_gain":0.0,"max_hp_loss":0.0,"gold_gain":0.0,"event_name":"Golden Idol","player_choice":"Take Damage","floor":4.0,"gold_loss":0.0,"damage_taken":17.0,"relics_obtained":["Golden Idol"]},{"damage_healed":0.0,"max_hp_gain":0.0,"max_hp_loss":0.0,"gold_gain":0.0,"event_name":"Masked Bandits","player_choice":"Fought Bandits","floor":20.0,"gold_loss":0.0,"damage_taken":0.0}],"is_beta":false,"boss_relics":[{"not_picked":["SlaversCollar","Pandora\u0027s Box"],"picked":"Calling Bell"}],"items_purged_floors":[12,22],"is_endless":false,"potions_floor_spawned":[3,6,8,18,19,20],"killed_by":"Gremlin Leader","ascension_level":7}}