{"host":"mkv3lj8gfkr85ioo","time":1608096243,"event":{"mods":["AchievementEnabler","BaseMod","Colored Map","Minty Spire (QoL Compilation)","SuperFastMode"],"gold_per_floor":[367,38,98,137,188,188,224,224,297,338,352,352,352,395,395,494,494,532,732,376,0,12,12,0,0,0,0,0],"floor_reached":27,"playtime":941,"items_purged":["Strike_B","Strike_B","Strike_B"],"score":230,"play_id":"a9ba9724-d358-47ac-b4bc-df3d394d75c7","local_time":"20201216142403","is_ascension_mode":false,"campfire_choices":[{"data":"HandOfGreed","floor":6,"key":"SMITH"},{"floor":8,"key":"REST"},{"data":"Fusion","floor":13,"key":"SMITH"},{"floor":15,"key":"REST"},{"data":"Consume","floor":23,"key":"SMITH"}],"circlet_count":0,"master_deck":["Strike_B","Defend_B","Defend_B","Defend_B","Defend_B","Zap","Dualcast","HandOfGreed+1","Fusion+1","Consume+1","Coolheaded","Multi-Cast","Turbo"],"relics":["Cracked Core","Pear","Inserter","HornCleat","Toxic Egg 2","Shuriken"],"acts_visited":["Exordium","TheCity"],"potions_floor_usage":[16,16,22],"damage_taken":[{"damage":1,"enemies":"Cultist","floor":1,"turns":3},{"damage":0,"enemies":"2 Louse","floor":3,"turns":3},{"damage":11,"enemies":"Jaw Worm","floor":4,"turns":3},{"damage":27,"enemies":"Exordium Wildlife","floor":5,"turns":6},{"damage":6,"enemies":"Looter","floor":7,"turns":4},{"damage":4,"enemies":"2 Fungi Beasts","floor":10,"turns":3},{"damage":8,"enemies":"Red Slaver","floor":11,"turns":3},{"damage":16,"enemies":"Exordium Thugs","floor":14,"turns":4},{"damage":34,"enemies":"Hexaghost","floor":16,"turns":8},{"damage":17,"enemies":"3 Byrds","floor":18,"turns":7},{"damage":24,"enemies":"Spheric Guardian","floor":22,"turns":6},{"damage":42,"enemies":"Cultist and Chosen","floor":27,"turns":6}],"seed_played":"-5732274719855174775","potions_obtained":[{"floor":1,"key":"AttackPotion"},{"floor":3,"key":"ColorlessPotion"},{"floor":7,"key":"ColorlessPotion"},{"floor":22,"key":"Fruit Juice"}],"is_trial":false,"path_per_floor":["M","$","M","M","M","R","M","R","T","M","M","?","R","M","R","B",null,"M","?","$","$","M","R","?","$","T","M"],"character_chosen":"DEFECT","items_purchased":["HandOfGreed","Fusion","HornCleat","Toxic Egg 2"],"campfire_rested":2,"item_purchase_floors":[2,2,20,21],"current_hp_per_floor":[67,67,67,56,29,29,23,43,53,49,41,41,41,25,48,14,78,61,61,61,61,42,42,42,42,42,0,0],"gold":0,"neow_bonus":"TWO_FIFTY_GOLD","is_daily":false,"chose_seed":false,"campfire_upgraded":3,"win_rate":0.0,"timestamp":1608096243,"path_taken":["M","$","M","M","M","R","M","R","T","M","?","?","R","?","R","BOSS","M","?","?","$","?","R","?","$","T","M"],"items_purchased_type":["Card","Card","Relic","Relic"],"build_version":"2020-12-13","purchased_purges":3,"victory":false,"max_hp_per_floor":[68,68,68,68,68,68,68,68,78,78,78,78,78,78,78,78,78,78,78,78,78,83,83,83,83,83,83,83],"card_choices":[{"not_picked":["Reprogram","Defragment","Hologram"],"picked":"SKIP","floor":1},{"not_picked":["Undo","Compile Driver"],"picked":"Consume","floor":3},{"not_picked":["Hologram","Streamline","Go for the Eyes"],"picked":"SKIP","floor":4},{"not_picked":["Ball Lightning","Gash"],"picked":"Coolheaded","floor":5},{"not_picked":["Streamline","Leap","Steam"],"picked":"SKIP","floor":7},{"not_picked":["Conserve Battery","Stack","Buffer"],"picked":"SKIP","floor":10},{"not_picked":["Heatsinks","Consume","Compile Driver"],"picked":"SKIP","floor":11},{"not_picked":["Gash","Heatsinks","Darkness"],"picked":"SKIP","floor":14},{"not_picked":["Electrodynamics","Hyperbeam"],"picked":"Multi-Cast","floor":16},{"not_picked":["Ball Lightning+1","Rebound"],"picked":"Turbo","floor":18},{"not_picked":["Go for the Eyes","Leap+1","Chill+1"],"picked":"SKIP","floor":22}],"player_experience":159760,"relics_obtained":[{"floor":9,"key":"Pear"},{"floor":26,"key":"Shuriken"}],"event_choices":[{"damage_healed":0,"gold_gain":0,"player_choice":"Bought 0 Potions","damage_taken":0,"max_hp_gain":0,"max_hp_loss":0,"event_name":"The Woman in Blue","floor":12,"gold_loss":0},{"damage_healed":0,"gold_gain":250,"player_choice":"Bet on Owner","damage_taken":0,"max_hp_gain":0,"max_hp_loss":0,"event_name":"The Joust","floor":19,"gold_loss":50},{"damage_healed":0,"gold_gain":0,"player_choice":"Paid Fearfully","damage_taken":0,"max_hp_gain":0,"max_hp_loss":0,"event_name":"Masked Bandits","floor":24,"gold_loss":12}],"is_beta":false,"boss_relics":[{"not_picked":["Velvet Choker","Calling Bell"],"picked":"Inserter"}],"items_purged_floors":[2,20,21],"is_endless":false,"potions_floor_spawned":[1,3,7,11,22],"killed_by":"Cultist and Chosen","ascension_level":0}}