{"host":"u4wwrwxco60h43l5","time":1608160796,"event":{"mods":["Always Whale","BaseMod","CapriCore","Koishi","Minty Spire (QoL Compilation)","Permanent Neow","StSLib","The Immortal","¡¼?Úª?ø«¡½REMEMod"],"gold_per_floor":[130,130,0,16,68,68,114,289,337,368,368,443,462,493,493,592,592,608,18,36,55,55,55],"floor_reached":22,"playtime":635,"items_purged":["Strike_P"],"score":194,"play_id":"e659a10d-04c4-4c6b-9fc6-c9671e18f497","local_time":"20201217081956","is_ascension_mode":false,"campfire_choices":[{"data":"Ragnarok","floor":6,"key":"SMITH"},{"floor":11,"key":"REST"},{"data":"PathToVictory","floor":15,"key":"SMITH"}],"circlet_count":0,"master_deck":["Strike_P","Strike_P","Defend_P","Defend_P","Defend_P","Defend_P","Eruption","Vigilance","HandOfGreed","PathToVictory+1","Ragnarok+1","FlyingSleeves","SpiritShield","Doubt","FearNoEvil","Wallop","Evaluate","Establishment+1","Brilliance","FollowUp","FlyingSleeves+1","REME_Repentance"],"relics":["REME_ComplimentaryCards","Snecko Eye","Toy Ornithopter","Frozen Egg 2","Anchor","Darkstone Periapt","Lee\u0027s Waffle","Regal Pillow"],"acts_visited":["Exordium","TheCity"],"potions_floor_usage":[10,16],"damage_taken":[{"damage":0,"enemies":"Cultist","floor":1,"turns":3},{"damage":6,"enemies":"Jaw Worm","floor":4,"turns":2},{"damage":13,"enemies":"3 Sentries","floor":7,"turns":3},{"damage":16,"enemies":"Gremlin Nob","floor":10,"turns":3},{"damage":0,"enemies":"2 Louse","floor":13,"turns":1},{"damage":0,"enemies":"2 Fungi Beasts","floor":14,"turns":2},{"damage":50,"enemies":"Hexaghost","floor":16,"turns":8},{"damage":26,"enemies":"Spheric Guardian","floor":18,"turns":5},{"damage":10,"enemies":"2 Thieves","floor":20,"turns":3},{"damage":0,"enemies":"Chosen and Byrds","floor":21,"turns":6},{"damage":61,"enemies":"Cultist and Chosen","floor":22,"turns":6}],"seed_played":"-3289957419342360855","potions_obtained":[{"floor":1,"key":"BlessingOfTheForge"},{"floor":10,"key":"SpeedPotion"},{"floor":18,"key":"DuplicationPotion"},{"floor":21,"key":"Block Potion"}],"is_trial":false,"path_per_floor":["M","?","$","M","T","R","E","?","T","E","R","?","M","M","R","B",null,"M","$","M","M","M"],"character_chosen":"WATCHER","items_purchased":["Ragnarok","Lee\u0027s Waffle","Regal Pillow","Brilliance","FollowUp"],"campfire_rested":1,"item_purchase_floors":[3,19,19,19,19],"current_hp_per_floor":[72,72,72,66,66,66,53,53,53,42,63,52,52,52,52,7,72,46,79,69,69,8,8],"gold":55,"neow_bonus":"BOSS_RELIC","is_daily":false,"chose_seed":false,"campfire_upgraded":2,"win_rate":0.0,"timestamp":1608160796,"path_taken":["M","?","$","M","?","R","E","?","T","E","R","?","M","M","R","BOSS","M","$","M","M","M"],"items_purchased_type":["Card","Relic","Relic","Card","Card"],"build_version":"2020-12-13","purchased_purges":1,"victory":false,"max_hp_per_floor":[72,72,72,72,72,72,72,72,72,72,72,72,72,72,72,72,72,72,79,79,79,79,79],"card_choices":[{"not_picked":["Halt","CutThroughFate"],"picked":"PathToVictory","floor":1},{"not_picked":["Protect","ThirdEye"],"picked":"FlyingSleeves","floor":4},{"not_picked":["ClearTheMind","CutThroughFate"],"picked":"SpiritShield","floor":7},{"not_picked":["Crescendo","ThirdEye"],"picked":"FearNoEvil","floor":10},{"not_picked":["WreathOfFlame","Adaptation+1"],"picked":"Wallop","floor":13},{"not_picked":["MentalFortress+1","Meditate"],"picked":"Evaluate","floor":14},{"not_picked":["REME_WorshipGod","Omniscience"],"picked":"Establishment+1","floor":16},{"not_picked":["EmptyMind","Weave","Indignation"],"picked":"SKIP","floor":18},{"not_picked":["EmptyBody","Wallop+1"],"picked":"FlyingSleeves+1","floor":20},{"not_picked":["Halt+1","Fasting2+1"],"picked":"REME_Repentance","floor":21}],"player_experience":116656,"relics_obtained":[{"floor":5,"key":"Toy Ornithopter"},{"floor":7,"key":"Frozen Egg 2"},{"floor":9,"key":"Anchor"},{"floor":10,"key":"Darkstone Periapt"}],"event_choices":[{"cards_removed":["Strike_P"],"damage_healed":0,"gold_gain":0,"player_choice":"Forget","damage_taken":0,"max_hp_gain":0,"max_hp_loss":0,"event_name":"Living Wall","floor":2,"gold_loss":0},{"damage_healed":0,"gold_gain":175,"player_choice":"AGREE","damage_taken":0,"max_hp_gain":0,"max_hp_loss":0,"event_name":"Liars Game","floor":8,"gold_loss":0,"cards_obtained":["Doubt"]},{"damage_healed":0,"gold_gain":75,"player_choice":"Gather Gold","damage_taken":11,"max_hp_gain":0,"max_hp_loss":0,"event_name":"World of Goop","floor":12,"gold_loss":0}],"is_beta":false,"boss_relics":[{"not_picked":["Fusion Hammer","Busted Crown","Velvet Choker"]}],"items_purged_floors":[19],"is_endless":false,"potions_floor_spawned":[1,10,18,21],"killed_by":"Cultist and Chosen","ascension_level":0}}