{"host":"3qkmyeoym75lj4wn","time":1608159371,"event":{"mods":["2.2 Compatiblity","BaseMod","Block Reminder","Colored Powertips","Highlight Path","Minty Spire (QoL Compilation)","Permanent Neow","Potion Indicator Mod","Rare Cards Sparkle","Relic Stats","StSLib"],"gold_per_floor":[116,191,97,110,128,128,160,178,205,205,47,61,61,73,73,73,73],"floor_reached":16,"playtime":570,"items_purged":[],"score":204,"play_id":"4aa135d6-dfe2-4680-903a-ea711a5a9c15","local_time":"20201216225611","is_ascension_mode":true,"campfire_choices":[{"data":"Bouncing Flask","floor":6,"key":"SMITH"},{"floor":13,"key":"REST"},{"data":"Crippling Poison","floor":15,"key":"SMITH"}],"circlet_count":0,"master_deck":["AscendersBane","Strike_G","Strike_G","Strike_G","Strike_G","Strike_G","Defend_G","Defend_G","Defend_G","Defend_G","Defend_G","Survivor","Neutralize","Bouncing Flask+1","Slice","Dash","Crippling Poison+1"],"relics":["Ring of the Snake","Nunchaku","Boot","Art of War","Strawberry","TwistedFunnel"],"acts_visited":["Exordium"],"potions_floor_usage":[16],"damage_taken":[{"damage":0,"enemies":"Jaw Worm","floor":1,"turns":7},{"damage":0,"enemies":"Cultist","floor":4,"turns":4},{"damage":0,"enemies":"2 Louse","floor":5,"turns":3},{"damage":31,"enemies":"Lagavulin","floor":7,"turns":6},{"damage":1,"enemies":"Exordium Thugs","floor":8,"turns":5},{"damage":6,"enemies":"Red Slaver","floor":12,"turns":2},{"damage":0,"enemies":"2 Fungi Beasts","floor":14,"turns":2},{"damage":45,"enemies":"Hexaghost","floor":16,"turns":9}],"seed_played":"-3602132015221002578","potions_obtained":[{"floor":7,"key":"Dexterity Potion"},{"floor":14,"key":"Poison Potion"}],"is_trial":false,"path_per_floor":["M","?","?","M","M","R","E","M","T","?","$","M","R","M","R","B"],"character_chosen":"THE_SILENT","items_purchased":["TwistedFunnel"],"campfire_rested":1,"item_purchase_floors":[11],"current_hp_per_floor":[59,48,48,48,48,48,17,16,23,28,28,22,45,45,45,0,0],"gold":73,"neow_bonus":"RANDOM_COMMON_RELIC","is_daily":false,"chose_seed":false,"campfire_upgraded":2,"win_rate":0.0,"timestamp":1608159371,"path_taken":["M","?","?","M","?","R","E","M","T","?","?","?","R","M","R","BOSS"],"items_purchased_type":["Relic"],"build_version":"2020-12-13","purchased_purges":0,"victory":false,"max_hp_per_floor":[66,66,66,66,66,66,66,66,73,78,78,78,78,78,78,78,78],"relic_stats":{"Nunchaku":[6],"counters":[8,38],"Art of War":[2],"Boot":[26],"obtain_stats":[{"TwistedFunnel":11,"Nunchaku":0,"Strawberry":9,"Art of War":7,"Boot":3,"Ring of the Snake":0},{"TwistedFunnel":5,"Nunchaku":0,"Strawberry":5,"Art of War":4,"Boot":1,"Ring of the Snake":0},{"TwistedFunnel":25,"Nunchaku":0,"Strawberry":25,"Art of War":20,"Boot":7,"Ring of the Snake":0}],"Ring of the Snake":[16]},"card_choices":[{"not_picked":["Slice","Cloak And Dagger"],"picked":"Bouncing Flask","floor":1},{"not_picked":["Outmaneuver","Backflip"],"picked":"Slice","floor":4},{"not_picked":["Flying Knee","Deflect","Dagger Throw"],"picked":"SKIP","floor":5},{"not_picked":["Backflip","Sucker Punch","Deflect"],"picked":"SKIP","floor":7},{"not_picked":["Bane","Flying Knee"],"picked":"Dash","floor":8},{"not_picked":["Underhanded Strike","Quick Slash","Well Laid Plans"],"picked":"SKIP","floor":12},{"not_picked":["Doppelganger","Deadly Poison"],"picked":"Crippling Poison","floor":14}],"player_experience":1593114,"relics_obtained":[{"floor":7,"key":"Art of War"},{"floor":9,"key":"Strawberry"}],"event_choices":[{"damage_healed":0,"gold_gain":75,"player_choice":"Gather Gold","damage_taken":11,"max_hp_gain":0,"max_hp_loss":0,"event_name":"World of Goop","floor":2,"gold_loss":0},{"damage_healed":0,"gold_gain":0,"player_choice":"Paid Gold","damage_taken":0,"relics_obtained":["Boot"],"max_hp_gain":0,"max_hp_loss":0,"event_name":"WeMeetAgain","floor":3,"gold_loss":94},{"damage_healed":0,"gold_gain":0,"player_choice":"Donut","damage_taken":0,"max_hp_gain":5,"max_hp_loss":0,"event_name":"Big Fish","floor":10,"gold_loss":0}],"is_beta":false,"boss_relics":[],"items_purged_floors":[],"is_endless":false,"potions_floor_spawned":[7,14],"killed_by":"Hexaghost","ascension_level":20}}