{"host":"cbu6enf2xtq4r7r3","time":1608146843,"event":{"mods":["2.2 Compatiblity","AlwaysNeverKeys","BaseMod","Better Altar","Better Match","Better Note","Better Sensory Stone","Better Skull","Better Third Choice","Colored Map","Colored Powertips","Defuse TimeMaze Blight","Emptier Cage","Minty Spire (QoL Compilation)","Permanent Neow","Quick Restart","Random Character Button","Relic Sorter","Reorder Act Four","Shop Mod","StSLib"],"gold_per_floor":[115,115,128,138,158,158,192,192,265,265,277,277,312,330,330,434,434,448,463,241,241,241,241,257,275,324,324,358,115,131,163,163,267,267,267],"floor_reached":34,"playtime":2121,"items_purged":["Strike_G","Strike_G"],"score":577,"play_id":"5d4620cd-cf29-459d-8365-a0fbbb766431","local_time":"20201216202723","is_ascension_mode":false,"campfire_choices":[{"data":"Deadly Poison","floor":6,"key":"SMITH"},{"data":"Backstab","floor":8,"key":"SMITH"},{"data":"Neutralize","floor":10,"key":"SMITH"},{"data":"Deflect","floor":15,"key":"SMITH"},{"floor":23,"key":"REST"},{"floor":27,"key":"REST"},{"floor":32,"key":"REST"}],"circlet_count":0,"master_deck":["Strike_G","Strike_G+1","Strike_G+1","Defend_G","Defend_G","Defend_G","Defend_G","Defend_G","Survivor","Neutralize+1","Deadly Poison+1","Slice","Adrenaline","Slice","Backstab+1","Deflect+1","Footwork+1","PiercingWail","Escape Plan","Dagger Spray+1","PiercingWail+1","Terror","Corpse Explosion"],"relics":["Ring of the Snake","Mango","Letter Opener","Whetstone","Fusion Hammer","Happy Flower","MutagenicStrength","Orichalcum","Gremlin Horn","Medical Kit","Bottled Flame"],"acts_visited":["Exordium","TheCity"],"potions_floor_usage":[1,5,7,16,18,28,28],"damage_taken":[{"damage":0,"enemies":"2 Louse","floor":1,"turns":2},{"damage":0,"enemies":"Cultist","floor":3,"turns":3},{"damage":0,"enemies":"Small Slimes","floor":4,"turns":3},{"damage":3,"enemies":"Gremlin Gang","floor":5,"turns":6},{"damage":0,"enemies":"Gremlin Nob","floor":7,"turns":3},{"damage":2,"enemies":"Looter","floor":11,"turns":2},{"damage":6,"enemies":"Lagavulin","floor":13,"turns":6},{"damage":0,"enemies":"Exordium Wildlife","floor":14,"turns":3},{"damage":0,"enemies":"Hexaghost","floor":16,"turns":9},{"damage":0,"enemies":"3 Byrds","floor":18,"turns":2},{"damage":0,"enemies":"Shell Parasite","floor":19,"turns":4},{"damage":0,"enemies":"3 Cultists","floor":24,"turns":4},{"damage":0,"enemies":"Snecko","floor":25,"turns":5},{"damage":4,"enemies":"Gremlin Leader","floor":28,"turns":5},{"damage":0,"enemies":"Centurion and Healer","floor":30,"turns":6},{"damage":0,"enemies":"Slavers","floor":31,"turns":3},{"damage":0,"enemies":"Champ","floor":33,"turns":1}],"seed_played":"5810913679139118518","potions_obtained":[{"floor":0,"key":"AttackPotion"},{"floor":0,"key":"Poison Potion"},{"floor":0,"key":"Block Potion"},{"floor":1,"key":"Poison Potion"},{"floor":11,"key":"Explosive Potion"},{"floor":19,"key":"SpeedPotion"},{"floor":25,"key":"GamblersBrew"},{"floor":31,"key":"Dexterity Potion"},{"floor":33,"key":"Regen Potion"}],"is_trial":false,"path_per_floor":["M","?","M","M","M","R","E","R","T","R","M","?","E","M","R","B",null,"M","M","$","?","?","R","M","M","T","R","E","$","M","E","R","B",null],"character_chosen":"THE_SILENT","items_purchased":["Happy Flower","Medical Kit"],"campfire_rested":3,"item_purchase_floors":[20,29],"current_hp_per_floor":[70,70,70,70,67,67,81,81,81,81,79,79,73,73,73,73,84,84,84,84,84,84,84,84,84,84,84,80,80,80,80,84,84,84,84],"gold":267,"neow_bonus":"THREE_SMALL_POTIONS","is_daily":false,"chose_seed":false,"campfire_upgraded":4,"win_rate":0.0,"timestamp":1608146843,"path_taken":["M","?","M","M","M","R","E","R","T","R","M","?","E","?","R","BOSS","M","M","$","?","?","R","M","M","T","R","E","?","M","E","R","BOSS"],"items_purchased_type":["Relic","Relic"],"build_version":"2020-12-13","purchased_purges":2,"victory":false,"max_hp_per_floor":[70,70,70,70,70,70,84,84,84,84,84,84,84,84,84,84,84,84,84,84,84,84,84,84,84,84,84,84,84,84,84,84,84,84,84],"card_choices":[{"not_picked":["Distraction","Slice"],"picked":"Deadly Poison","floor":1},{"not_picked":["Prepared","Flechettes"],"picked":"Slice","floor":3},{"not_picked":["Cloak And Dagger","Bouncing Flask"],"picked":"Adrenaline","floor":4},{"not_picked":["Blade Dance","Deflect"],"picked":"Slice","floor":5},{"not_picked":["Phantasmal Killer","Bane"],"picked":"Backstab","floor":7},{"not_picked":["Riddle With Holes","Flechettes"],"picked":"Deflect","floor":11},{"not_picked":["Endless Agony","Cloak And Dagger"],"picked":"PiercingWail","floor":13},{"not_picked":["Sucker Punch","Blade Dance"],"picked":"Escape Plan","floor":14},{"not_picked":["Dagger Throw","Slice+1","Crippling Poison"],"picked":"SKIP","floor":18},{"not_picked":["Slice+1","Dagger Throw"],"picked":"Dagger Spray+1","floor":19},{"not_picked":["Bane","Terror"],"picked":"PiercingWail+1","floor":24},{"not_picked":["Outmaneuver","Escape Plan","Bane"],"picked":"SKIP","floor":25},{"not_picked":["Poisoned Stab","Dash","Outmaneuver"],"picked":"SKIP","floor":28},{"not_picked":["Dagger Throw+1","Prepared","Poisoned Stab"],"picked":"SKIP","floor":30},{"not_picked":["Dodge and Roll","Acrobatics"],"picked":"Terror","floor":31},{"not_picked":["Venomology","Unload"],"picked":"Corpse Explosion","floor":33}],"player_experience":45751,"relics_obtained":[{"floor":7,"key":"Mango"},{"floor":9,"key":"Letter Opener"},{"floor":13,"key":"Whetstone"},{"floor":26,"key":"Orichalcum"},{"floor":28,"key":"Gremlin Horn"},{"floor":31,"key":"Bottled Flame"}],"event_choices":[{"damage_healed":0,"gold_gain":0,"player_choice":"Ignored","damage_taken":115,"max_hp_gain":0,"max_hp_loss":0,"event_name":"betterThird:BetterSerpent","floor":2,"gold_loss":0},{"damage_healed":0,"gold_gain":1,"player_choice":"4","damage_taken":0,"max_hp_gain":0,"max_hp_loss":0,"event_name":"betterStone:BetterStone","floor":12,"gold_loss":0,"cards_obtained":["Footwork"]},{"cards_removed":["Backstab"],"damage_healed":0,"gold_gain":0,"player_choice":"Give","damage_taken":0,"max_hp_gain":0,"max_hp_loss":0,"event_name":"betterNote:BetterNote","floor":21,"gold_loss":0,"cards_obtained":["None"]},{"damage_healed":0,"gold_gain":0,"player_choice":"Inject Mutagens","damage_taken":0,"relics_obtained":["MutagenicStrength"],"max_hp_gain":0,"max_hp_loss":0,"event_name":"Drug Dealer","floor":22,"gold_loss":0}],"is_beta":false,"boss_relics":[{"not_picked":["Astrolabe","Black Star"],"picked":"Fusion Hammer"}],"items_purged_floors":[20,29],"is_endless":false,"potions_floor_spawned":[1,3,4,11,19,25,31,33],"ascension_level":0}}