{"host":"6gwm7y0tp7acoxay","time":1608123680,"event":{"mods":["BaseMod","Colored Map","Keyboard Shortcuts","Minty Spire (QoL Compilation)","Quick Restart","StSLib","SuperFastMode","everything is the same but u backflip on backflip"],"gold_per_floor":[115,115,115,190,190,234,234,234,260,260,260,299,299,342,342,441,441,466,194,194,2,2,42,75,75,75,115,168,207,207,207,207,300,300,315,54,387,387,387,387,422,451,451,193,223,255,288,325,325,325,325,325,325,119,147,147],"floor_reached":57,"playtime":1849,"items_purged":["Conserve Battery","FTL+1","Gash"],"score":4087,"play_id":"eb53d4d5-a110-45c9-872c-8ba387bbf9f4","local_time":"20201216220120","daily_mods":["SealedDeck","Heirloom","Flight"],"is_ascension_mode":true,"campfire_choices":[{"data":"Defragment","floor":7.0,"key":"SMITH"},{"data":"Capacitor","floor":8.0,"key":"SMITH"},{"data":"Loop","floor":11.0,"key":"SMITH"},{"data":"Hologram","floor":13.0,"key":"SMITH"},{"data":"Skim","floor":15.0,"key":"SMITH"},{"data":"Coolheaded","floor":25.0,"key":"SMITH"},{"data":"Fission","floor":30.0,"key":"SMITH"},{"data":"FTL","floor":32.0,"key":"SMITH"},{"floor":40,"key":"RECALL"},{"data":"Recycle","floor":49,"key":"SMITH"},{"data":"Glacier","floor":53,"key":"SMITH"}],"circlet_count":0,"master_deck":["AscendersBane","Hologram+1","Skim+1","Gash+1","Loop+1","Chaos+1","Capacitor+1","Go for the Eyes+1","Blizzard+1","Genetic Algorithm","Defragment+1","Fission+1","Coolheaded+1","Glacier+1","Electrodynamics","Reboot","All For One","Master of Strategy+1","Panacea+1","Recycle+1"],"relics":["Cracked Core","TungstenRod","Whetstone","Cables","Mercury Hourglass","Bag of Preparation","Inserter","Membership Card","Tiny Chest","Bird Faced Urn","Pen Nib","Ancient Tea Set","DataDisk","Bag of Marbles","CaptainsWheel","Busted Crown","Runic Capacitor","Pantograph","Dream Catcher","Blood Vial","Pear","Calipers","PreservedInsect","Potion Belt","CeramicFish","War Paint","Orichalcum","Mummified Hand","Bronze Scales"],"acts_visited":["Exordium","TheCity","TheBeyond","TheEnding"],"potions_floor_usage":[56,56],"damage_taken":[{"damage":4.0,"enemies":"Jaw Worm","floor":1.0,"turns":4.0},{"damage":6.0,"enemies":"Gremlin Nob","floor":6.0,"turns":3.0},{"damage":0.0,"enemies":"Lagavulin","floor":12.0,"turns":5.0},{"damage":4.0,"enemies":"3 Sentries","floor":14.0,"turns":4.0},{"damage":0.0,"enemies":"Hexaghost","floor":16.0,"turns":6.0},{"damage":0.0,"enemies":"Spheric Guardian","floor":18.0,"turns":3.0},{"damage":15.0,"enemies":"Slavers","floor":23.0,"turns":6.0},{"damage":0.0,"enemies":"Book of Stabbing","floor":24.0,"turns":5.0},{"damage":3.0,"enemies":"Slavers","floor":27.0,"turns":4.0},{"damage":0.0,"enemies":"Gremlin Leader","floor":29.0,"turns":4.0},{"damage":0.0,"enemies":"Champ","floor":33.0,"turns":6.0},{"damage":11.0,"enemies":"3 Darklings","floor":35.0,"turns":3.0},{"damage":3,"enemies":"Giant Head","floor":41,"turns":4},{"damage":0,"enemies":"Reptomancer","floor":42,"turns":4},{"damage":0,"enemies":"Giant Head","floor":45,"turns":5},{"damage":0,"enemies":"Reptomancer","floor":46,"turns":4},{"damage":0,"enemies":"Nemesis","floor":47,"turns":3},{"damage":0,"enemies":"Giant Head","floor":48,"turns":6},{"damage":0,"enemies":"Donu and Deca","floor":50,"turns":5},{"damage":0,"enemies":"Time Eater","floor":51,"turns":11},{"damage":0,"enemies":"Shield and Spear","floor":55,"turns":5},{"damage":6,"enemies":"The Heart","floor":56,"turns":9}],"seed_played":"261721631490594222","potions_obtained":[{"floor":1.0,"key":"LiquidMemories"},{"floor":12.0,"key":"Fire Potion"},{"floor":16.0,"key":"Ancient Potion"},{"floor":18.0,"key":"Explosive Potion"},{"floor":24.0,"key":"Fire Potion"},{"floor":46,"key":"PowerPotion"},{"floor":55,"key":"Dexterity Potion"}],"is_trial":true,"path_per_floor":["M","?","?","?","?","E","R","R","T","T","R","E","R","E","R","B",null,"M","$","?","$","?","E","E","R","T","E","T","E","R","?","R","B",null,"M","$","?","?","T","R","E","E","T","$","E","E","E","E","R","B","B",null,"R","$","E","B",null],"character_chosen":"DEFECT","items_purchased":["Membership Card","Coolheaded","Tiny Chest","Bird Faced Urn","Glacier","Runic Capacitor","Pantograph","PreservedInsect","Potion Belt","Ancient Potion","Mummified Hand"],"campfire_rested":0,"item_purchase_floors":[19,19,19,21,21,36,36,44,44,44,54],"current_hp_per_floor":[60,40,40,30,30,24,24,24,24,24,24,24,24,20,20,20,53,53,53,53,53,53,44,50,50,50,51,51,57,57,57,57,64,64,55,55,55,46,46,46,51,71,71,71,74,74,74,74,74,74,74,74,74,74,74,74],"gold":147,"neow_bonus":"","is_daily":false,"chose_seed":false,"campfire_upgraded":10,"win_rate":0.0,"timestamp":1608123680,"path_taken":["M","?","?","?","?","E","R","R","T","?","R","E","R","E","R","BOSS","M","$","?","?","?","E","E","R","T","E","?","E","R","?","R","BOSS","M","$","?","?","?","R","E","E","T","$","E","E","E","E","R","BOSS","BOSS","R","$","E","BOSS"],"items_purchased_type":["Relic","Card","Relic","Relic","Card","Relic","Relic","Relic","Relic","Potion","Relic"],"build_version":"2020-12-13","purchased_purges":3,"victory":true,"max_hp_per_floor":[71,71,64,64,64,64,64,64,64,64,64,64,64,64,64,64,64,64,64,64,64,64,64,64,64,64,64,64,64,64,64,64,64,64,64,64,64,64,64,64,64,74,74,74,74,74,74,74,74,74,74,74,74,74,74,74],"card_choices":[{"not_picked":["Compile Driver","Force Field"],"picked":"Genetic Algorithm","floor":1.0},{"not_picked":["Compile Driver","Beam Cell"],"picked":"Defragment","floor":6.0},{"not_picked":["Barrage","Conserve Battery","Steam"],"picked":"SKIP","floor":12.0},{"not_picked":["Ball Lightning","Melter","Cold Snap"],"picked":"SKIP","floor":14.0},{"not_picked":["Meteor Strike","Multi-Cast"],"picked":"Fission","floor":16.0},{"not_picked":["Sweeping Beam","Compile Driver+1","Sunder"],"picked":"SKIP","floor":18.0},{"not_picked":["Barrage","Coolheaded"],"picked":"Gash","floor":23.0},{"not_picked":["Go for the Eyes","Doom and Gloom+1","Cold Snap"],"picked":"SKIP","floor":24.0},{"not_picked":["Conserve Battery","Turbo","Storm"],"picked":"SKIP","floor":27.0},{"not_picked":["Streamline+1","Chill"],"picked":"Electrodynamics","floor":29.0},{"not_picked":["Amplify","Thunder Strike"],"picked":"All For One","floor":33.0},{"not_picked":["Capacitor"],"picked":"SKIP","floor":35.0},{"not_picked":[],"picked":"Master of Strategy","floor":38},{"not_picked":[],"picked":"Panacea","floor":38},{"not_picked":["Fusion"],"picked":"SKIP","floor":41},{"not_picked":["Lockon"],"picked":"SKIP","floor":42},{"not_picked":["Redo+1"],"picked":"SKIP","floor":45},{"not_picked":["Rip and Tear"],"picked":"SKIP","floor":46},{"not_picked":["Beam Cell"],"picked":"SKIP","floor":47},{"not_picked":[],"picked":"Recycle","floor":48},{"not_picked":["Scrape"],"picked":"SKIP","floor":55}],"player_experience":4282784,"relics_obtained":[{"floor":9.0,"key":"Whetstone"},{"floor":10.0,"key":"Cables"},{"floor":12.0,"key":"Mercury Hourglass"},{"floor":14.0,"key":"Bag of Preparation"},{"floor":23.0,"key":"Pen Nib"},{"floor":24.0,"key":"Ancient Tea Set"},{"floor":27.0,"key":"DataDisk"},{"floor":28.0,"key":"Bag of Marbles"},{"floor":29.0,"key":"CaptainsWheel"},{"floor":39,"key":"Dream Catcher"},{"floor":41,"key":"Blood Vial"},{"floor":42,"key":"Pear"},{"floor":43,"key":"Calipers"},{"floor":45,"key":"CeramicFish"},{"floor":47,"key":"War Paint"},{"floor":48,"key":"Orichalcum"},{"floor":55,"key":"Bronze Scales"}],"event_choices":[{"damage_healed":0.0,"max_hp_gain":0.0,"max_hp_loss":0.0,"gold_gain":0.0,"event_name":"Shining Light","player_choice":"Entered Light","floor":2.0,"gold_loss":0.0,"damage_taken":21.0,"cards_upgraded":["Gash","Chaos"]},{"damage_healed":0.0,"max_hp_gain":0.0,"max_hp_loss":7.0,"gold_gain":0.0,"event_name":"Golden Idol","player_choice":"Lose Max HP","floor":3.0,"gold_loss":0.0,"damage_taken":0.0,"relics_obtained":["Golden Idol"]},{"damage_healed":0.0,"max_hp_gain":0.0,"max_hp_loss":0.0,"gold_gain":75.0,"event_name":"World of Goop","player_choice":"Gather Gold","floor":4.0,"gold_loss":0.0,"damage_taken":11.0},{"damage_healed":0.0,"max_hp_gain":0.0,"max_hp_loss":0.0,"gold_gain":0.0,"event_name":"Scrap Ooze","player_choice":"Fled","floor":5.0,"gold_loss":0.0,"damage_taken":0.0},{"damage_healed":0.0,"max_hp_gain":0.0,"max_hp_loss":0.0,"gold_gain":0.0,"event_name":"Lab","player_choice":"Got Potions","floor":20.0,"gold_loss":0.0,"damage_taken":0.0},{"damage_healed":0.0,"max_hp_gain":0.0,"max_hp_loss":0.0,"gold_gain":0.0,"event_name":"Vampires","player_choice":"Ignored","floor":22.0,"gold_loss":0.0,"damage_taken":0.0},{"damage_healed":0.0,"max_hp_gain":0.0,"max_hp_loss":0.0,"gold_gain":0.0,"event_name":"Match and Keep!","player_choice":"1 cards matched","floor":31.0,"gold_loss":0.0,"damage_taken":0.0,"cards_obtained":["Reboot"]},{"damage_healed":0.0,"max_hp_gain":0.0,"max_hp_loss":0.0,"gold_gain":333.0,"event_name":"The Moai Head","player_choice":"Gave Idol","floor":37.0,"relics_lost":["Golden Idol"],"gold_loss":0.0,"damage_taken":0.0},{"damage_healed":0,"gold_gain":0,"player_choice":"Memory 3","damage_taken":10,"max_hp_gain":0,"max_hp_loss":0,"event_name":"SensoryStone","floor":38,"gold_loss":0}],"is_beta":false,"boss_relics":[{"not_picked":["Cursed Key","Ectoplasm"],"picked":"Inserter"},{"not_picked":["Calling Bell","Coffee Dripper"],"picked":"Busted Crown"}],"items_purged_floors":[36,44,54],"is_endless":false,"potions_floor_spawned":[1,12,16,18,24,29,33,41,46,47,55],"ascension_level":20}}