{"host":"c2vrdknshfutmcsq","time":1608138576,"event":{"mods":["BaseMod","Minty Spire (QoL Compilation)"],"gold_per_floor":[310,326,326,346,365,396,396,396,396],"floor_reached":8,"playtime":466,"items_purged":[],"score":64,"play_id":"87c71e4e-ce0e-4546-a546-900eb542a7a6","local_time":"20201216180936","is_ascension_mode":true,"campfire_choices":[],"circlet_count":0,"master_deck":["Strike_R","Strike_R","Strike_R","Strike_R","Strike_R","Defend_R","Defend_R","Defend_R","Defend_R","Bash","Wild Strike","Wild Strike","Cleave","Iron Wave+1","Sentinel"],"relics":["Burning Blood","Old Coin","Golden Idol","White Beast Statue"],"acts_visited":["Exordium"],"potions_floor_usage":[],"damage_taken":[{"damage":8,"enemies":"2 Louse","floor":1,"turns":4},{"damage":2,"enemies":"Jaw Worm","floor":2,"turns":3},{"damage":3,"enemies":"Small Slimes","floor":4,"turns":3},{"damage":16,"enemies":"Blue Slaver","floor":5,"turns":3},{"damage":35,"enemies":"3 Sentries","floor":6,"turns":7},{"damage":6,"enemies":"Lagavulin","floor":8,"turns":3}],"seed_played":"6623099669176777613","potions_obtained":[],"is_trial":false,"path_per_floor":["M","M","?","M","M","E","?","E"],"character_chosen":"IRONCLAD","items_purchased":[],"campfire_rested":0,"item_purchase_floors":[],"current_hp_per_floor":[78,80,60,63,53,24,24,18,18],"gold":396,"neow_bonus":"ONE_RARE_RELIC","is_daily":false,"chose_seed":false,"campfire_upgraded":0,"win_rate":0.0,"timestamp":1608138576,"path_taken":["M","M","?","M","M","E","?","E"],"items_purchased_type":[],"build_version":"2020-12-13","purchased_purges":0,"victory":false,"max_hp_per_floor":[80,80,80,80,80,80,80,80,80],"card_choices":[{"not_picked":["Perfected Strike","Clothesline"],"picked":"Wild Strike","floor":1},{"not_picked":["Blood for Blood","Flex"],"picked":"Wild Strike","floor":2},{"not_picked":["Iron Wave","Flex"],"picked":"Cleave","floor":4},{"not_picked":["Pummel","Armaments"],"picked":"Iron Wave","floor":5},{"not_picked":["Dark Embrace","Bludgeon"],"picked":"Sentinel","floor":6}],"player_experience":1143751,"relics_obtained":[{"floor":6,"key":"White Beast Statue"}],"event_choices":[{"damage_healed":0,"gold_gain":0,"player_choice":"Take Damage","damage_taken":20,"relics_obtained":["Golden Idol"],"max_hp_gain":0,"max_hp_loss":0,"event_name":"Golden Idol","floor":3,"gold_loss":0},{"damage_healed":0,"gold_gain":0,"player_choice":"Grow","damage_taken":0,"max_hp_gain":0,"max_hp_loss":0,"event_name":"Living Wall","floor":7,"gold_loss":0,"cards_upgraded":["Iron Wave"]}],"is_beta":false,"boss_relics":[],"items_purged_floors":[],"is_endless":false,"potions_floor_spawned":[],"killed_by":"Lagavulin","ascension_level":2}}