{"host":"pkysykycfg9bua8p","time":1608123209,"event":{"mods":["AchievementEnabler","BaseMod","Better Third Choice","Filter the Spire","Minty Spire (QoL Compilation)","StSLib"],"gold_per_floor":[114,114,114,39,49,49,67,98,98,98,110,110,140,150,150,254,254,272,289,289,189,189],"floor_reached":21,"playtime":812,"items_purged":["Strike_P","FlurryOfBlows"],"score":189,"play_id":"73e1c9f7-265a-4649-92bf-f9322d6aa11a","local_time":"20201217015329","is_ascension_mode":false,"campfire_choices":[{"data":"Consecrate","floor":6,"key":"SMITH"},{"floor":10,"key":"REST"},{"floor":15,"key":"REST"}],"circlet_count":0,"master_deck":["Strike_P","Strike_P+1","Strike_P+1","Defend_P","Defend_P","Defend_P+1","Defend_P","Eruption+1","Vigilance+1","BowlingBash","Consecrate+1","LessonLearned","Halt","BowlingBash","Adaptation","FlyingSleeves","Blasphemy+1","Prostrate"],"relics":["PureWater","Gremlin Horn","Nunchaku","Girya","NlothsMask","Meat on the Bone","Sozu"],"acts_visited":["Exordium","TheCity"],"potions_floor_usage":[8,11],"damage_taken":[{"damage":2,"enemies":"Cultist","floor":1,"turns":3},{"damage":0,"enemies":"2 Louse","floor":5,"turns":2},{"damage":0,"enemies":"Small Slimes","floor":7,"turns":2},{"damage":10,"enemies":"3 Sentries","floor":8,"turns":9},{"damage":1,"enemies":"Gremlin Gang","floor":11,"turns":3},{"damage":14,"enemies":"Gremlin Nob","floor":13,"turns":3},{"damage":6,"enemies":"2 Fungi Beasts","floor":14,"turns":2},{"damage":7,"enemies":"Slime Boss","floor":16,"turns":7},{"damage":2,"enemies":"2 Thieves","floor":18,"turns":3},{"damage":38,"enemies":"Chosen","floor":19,"turns":9}],"seed_played":"-3157328589499499130","potions_obtained":[{"floor":1,"key":"FearPotion"},{"floor":5,"key":"Energy Potion"},{"floor":7,"key":"BottledMiracle"}],"is_trial":false,"path_per_floor":["M","T","?","$","M","R","M","E","T","R","M","?","E","M","R","B",null,"M","M","?","$"],"character_chosen":"WATCHER","items_purchased":[],"campfire_rested":2,"item_purchase_floors":[],"current_hp_per_floor":[70,70,56,56,56,56,56,46,46,67,66,66,52,46,67,60,72,70,44,44,44,44],"gold":189,"neow_bonus":"UPGRADE_CARD","is_daily":false,"chose_seed":false,"campfire_upgraded":1,"win_rate":0.0,"timestamp":1608123209,"path_taken":["M","?","?","$","M","R","M","E","T","R","M","?","E","M","R","BOSS","M","?","?","$"],"items_purchased_type":[],"build_version":"2020-12-13","purchased_purges":2,"victory":false,"max_hp_per_floor":[72,72,72,72,72,72,72,72,72,72,72,72,72,72,72,72,72,72,72,72,72,72],"card_choices":[{"not_picked":["Adaptation","ThirdEye"],"picked":"BowlingBash","floor":1},{"not_picked":["FollowUp","WaveOfTheHand"],"picked":"Consecrate","floor":5},{"not_picked":["LikeWater","CrushJoints"],"picked":"LessonLearned","floor":7},{"not_picked":["Crescendo","Perseverance"],"picked":"Halt","floor":8},{"not_picked":["Halt","JustLucky"],"picked":"BowlingBash","floor":11},{"not_picked":["Establishment","InnerPeace"],"picked":"Adaptation","floor":13},{"not_picked":["CutThroughFate","Vengeance"],"picked":"FlyingSleeves","floor":14},{"not_picked":["Brilliance","LessonLearned"],"picked":"Blasphemy","floor":16},{"not_picked":["PathToVictory","Meditate+1"],"picked":"Prostrate","floor":18},{"not_picked":["SignatureMove","Crescendo"],"picked":"FlurryOfBlows","floor":19}],"player_experience":53442,"relics_obtained":[{"floor":2,"key":"Gremlin Horn"},{"floor":8,"key":"Nunchaku"},{"floor":9,"key":"Girya"},{"floor":13,"key":"Meat on the Bone"}],"event_choices":[{"damage_healed":70,"gold_gain":0,"player_choice":"Upgrade","damage_taken":14,"max_hp_gain":0,"max_hp_loss":72,"event_name":"betterThird:BetterShining","floor":3,"gold_loss":0,"cards_upgraded":["Strike_P","Defend_P"]},{"damage_healed":0,"gold_gain":0,"player_choice":"Trade","damage_taken":0,"relics_obtained":["NlothsMask"],"max_hp_gain":0,"max_hp_loss":0,"event_name":"FaceTrader","floor":12,"gold_loss":0},{"damage_healed":0,"gold_gain":0,"player_choice":"Upgraded","damage_taken":0,"max_hp_gain":0,"max_hp_loss":0,"event_name":"Upgrade Shrine","floor":20,"gold_loss":0,"cards_upgraded":["Blasphemy"]}],"is_beta":false,"boss_relics":[{"not_picked":["Calling Bell","Runic Dome"],"picked":"Sozu"}],"items_purged_floors":[4,21],"is_endless":false,"potions_floor_spawned":[1,5,7,18,19],"ascension_level":0}}