{"host":"g1wmg2w41xhsnw8g","time":1608091259,"event":{"mods":["2.2 Compatiblity","Act Like it!","BaseMod","Better Altar","Better Match","Better Note","Better Sensory Stone","Better Skull","Better Third Choice","BetterRewards","Booster Modes","CapriCore","Colored Map","Colored Powertips","Curses Come First","Defuse TimeMaze Blight","Displayed Cursed Tome","Downfall","Friendly Minions","GifTheSpireLib","Googly Eyes","Minty Spire (QoL Compilation)","Red Circlet Mod","Relic Sorter","SCP261 Mod","Shop Mod","Spicy Shops","StSLib","The Poker Player","The Sage","Transform Curses","????"],"gold_per_floor":[99,129,149,149,149,178,178,196,196,225,225,34,34,209,223,223,223],"floor_reached":16,"playtime":720,"items_purged":["Slimebound:Defend_Slimebound"],"score":122,"play_id":"adf3ba6d-4ca3-429b-8a77-2333c831e7f4","local_time":"20201215230059","is_ascension_mode":true,"campfire_choices":[{"data":"Slimebound:Split","floor":1,"key":"SMITH"},{"floor":9,"key":"REST"}],"circlet_count":0,"master_deck":["Slimebound:Strike_Slimebound","Slimebound:Strike_Slimebound","Slimebound:Strike_Slimebound","Slimebound:Tackle","Slimebound:Defend_Slimebound","Slimebound:Defend_Slimebound","Slimebound:Defend_Slimebound","Slimebound:Split+1","Slimebound:CorrosiveSpit","Slimebound:GoopSpray","Slimebound:DisruptingSlam","Slimebound:LeadByExample","Slimebound:SlimeSpikes","Slimebound:Repurpose","Slimebound:Prepare","Slimebound:HungryTackle+1","PokerPlayerMod:Club2","PokerPlayerMod:Club3","PokerPlayerMod:Club4","PokerPlayerMod:Club5","PokerPlayerMod:Club6","Doubt","Slimebound:PressTheAttack+1"],"relics":["Slimebound:AbsorbEndCombat","The Courier","Guardian:PocketSentry","Molten Egg 2","Akabeko","Blood Vial"],"acts_visited":["Exordium"],"potions_floor_usage":[6,6,10],"damage_taken":[{"damage":50,"enemies":"Gremlin Nob","floor":2,"turns":5},{"damage":11,"enemies":"Small Slimes","floor":3,"turns":2},{"damage":27,"enemies":"Lagavulin","floor":6,"turns":5},{"damage":13,"enemies":"2 Louse","floor":8,"turns":3},{"damage":30,"enemies":"Gremlin Nob","floor":10,"turns":3},{"damage":0,"enemies":"Cultist","floor":11,"turns":1},{"damage":8,"enemies":"downfall:FleeingMerchant","floor":12,"turns":4},{"damage":10,"enemies":"Exordium Thugs","floor":15,"turns":3},{"damage":45,"enemies":"downfall:Defect","floor":16,"turns":4}],"seed_played":"8798460302790721404","potions_obtained":[{"floor":2,"key":"Energy Potion"},{"floor":5,"key":"hexamod:EctoCoolerPotion"},{"floor":5,"key":"SteroidPotion"},{"floor":8,"key":"Fire Potion"}],"is_trial":false,"path_per_floor":["R","E","M","?","?","E","T","M","R","E","M","$","?","?","M","B"],"character_chosen":"SLIMEBOUND","items_purchased":["Blood Vial"],"campfire_rested":1,"item_purchase_floors":[12],"current_hp_per_floor":[66,30,31,31,31,24,24,21,40,20,20,24,24,24,32,0,0],"gold":223,"neow_bonus":"TEN_PERCENT_HP_BONUS","is_daily":false,"chose_seed":false,"campfire_upgraded":1,"win_rate":0.0,"timestamp":1608091259,"path_taken":["R","E","M","?","?","E","T","?","R","E","M","$","?","?","M","BOSS"],"items_purchased_type":["Relic"],"build_version":"2020-12-13","purchased_purges":1,"victory":false,"max_hp_per_floor":[66,66,66,66,66,66,66,66,66,66,66,66,66,66,66,66,66],"card_choices":[{"not_picked":["Slimebound:SlimeTap","Slimebound:ViciousTackle"],"picked":"Slimebound:GoopSpray","floor":2},{"not_picked":["Slimebound:SplitMire","Slimebound:SlimeBarrage"],"picked":"Slimebound:DisruptingSlam","floor":3},{"not_picked":["Slimebound:BestDefense","Slimebound:RollThrough"],"picked":"Slimebound:LeadByExample","floor":6},{"not_picked":["Slimebound:GrowthPunch+1","Slimebound:PressTheAttack+1"],"picked":"Slimebound:SlimeSpikes","floor":8},{"not_picked":["Slimebound:PrepareCrush","Slimebound:SlimeSlap+1"],"picked":"Slimebound:Repurpose","floor":10},{"not_picked":["Slimebound:RollThrough+1","Slimebound:ItLooksTasty+1"],"picked":"Slimebound:Prepare","floor":11},{"not_picked":["Slimebound:FinishingTackle+1","Slimebound:SplitMire"],"picked":"Slimebound:HungryTackle+1","floor":12},{"not_picked":["Slimebound:SplitAcid","Slimebound:SlimeSpikes"],"picked":"Slimebound:PressTheAttack+1","floor":15}],"player_experience":1414266,"relics_obtained":[{"floor":2,"key":"The Courier"},{"floor":6,"key":"Guardian:PocketSentry"},{"floor":7,"key":"Molten Egg 2"},{"floor":10,"key":"Akabeko"}],"event_choices":[{"damage_healed":0,"gold_gain":0,"player_choice":"Got Potions","damage_taken":0,"max_hp_gain":0,"max_hp_loss":0,"event_name":"Lab","floor":5,"gold_loss":0},{"damage_healed":0,"gold_gain":0,"player_choice":"Jackpot","damage_taken":0,"max_hp_gain":0,"max_hp_loss":0,"event_name":"PokerPlayerMod:ExordiumClub","floor":13,"gold_loss":0,"cards_obtained":["PokerPlayerMod:Club2","PokerPlayerMod:Club3","PokerPlayerMod:Club4","PokerPlayerMod:Club5","PokerPlayerMod:Club6"]},{"damage_healed":0,"gold_gain":0,"player_choice":"Jackpot","damage_taken":0,"max_hp_gain":0,"max_hp_loss":0,"event_name":"PokerPlayerMod:ExordiumClub","floor":13,"gold_loss":0,"cards_obtained":["PokerPlayerMod:Club2","PokerPlayerMod:Club3","PokerPlayerMod:Club4","PokerPlayerMod:Club5","PokerPlayerMod:Club6"]},{"damage_healed":0,"gold_gain":0,"player_choice":"Jackpot","damage_taken":0,"max_hp_gain":0,"max_hp_loss":0,"event_name":"PokerPlayerMod:ExordiumClub","floor":13,"gold_loss":0,"cards_obtained":["PokerPlayerMod:Club2","PokerPlayerMod:Club3","PokerPlayerMod:Club4","PokerPlayerMod:Club5","PokerPlayerMod:Club6"]},{"damage_healed":0,"gold_gain":0,"player_choice":"Jackpot","damage_taken":0,"max_hp_gain":0,"max_hp_loss":0,"event_name":"PokerPlayerMod:ExordiumClub","floor":13,"gold_loss":0,"cards_obtained":["PokerPlayerMod:Club2","PokerPlayerMod:Club3","PokerPlayerMod:Club4","PokerPlayerMod:Club5","PokerPlayerMod:Club6"]},{"damage_healed":0,"gold_gain":0,"player_choice":"Jackpot","damage_taken":0,"max_hp_gain":0,"max_hp_loss":0,"event_name":"PokerPlayerMod:ExordiumClub","floor":13,"gold_loss":0,"cards_obtained":["PokerPlayerMod:Club2","PokerPlayerMod:Club3","PokerPlayerMod:Club4","PokerPlayerMod:Club5","PokerPlayerMod:Club6"]}],"is_beta":false,"boss_relics":[],"items_purged_floors":[12],"is_endless":false,"potions_floor_spawned":[2,8],"killed_by":"downfall:Defect","ascension_level":1}}