{"host":"c9m2z2wmcavfgdp8","time":1608082540,"event":{"mods":["2.2 Compatiblity","Act Like it!","Aspiration","BaseMod","Better Third Choice","Conspire","Downfall","Ekko","Elementarium","Energized Spire","Friendly Minions","GifTheSpireLib","Hallownest","Hermit","Hubris","Infinite Spire","Jorbs\u0027s Wanderer Trilogy","Koishi","Luminous","Marisa????????","Menagerie","Minty Spire (QoL Compilation)","Pale of the Ancients","Permanent Neow","Potionbrewer","Prisma Mod","READ ME - Guardian Mod","Remilia??????","Replay The Spire","SCP261 Mod","Shop Mod","StSLib","The Animator","The Blackbeard","The Bug Knight","The Cursed","The Death Knight","The Disciple","The Exalted","The Hierophant","The Necromancer","The Servant 0.9.4","TheBandit","TheFirefly"],"gold_per_floor":[0,55,75,104,104,119,172,202,202,202,202],"floor_reached":10,"playtime":1287,"items_purged":[],"score":74,"play_id":"e5137c18-986c-419e-9d23-d07ff087d90c","local_time":"20201216023540","is_ascension_mode":false,"campfire_choices":[{"data":"champ:SteelEdge","floor":1,"key":"SMITH"},{"floor":9,"key":"REST"}],"circlet_count":0,"master_deck":["champ:Strike","champ:Strike","champ:Strike","champ:Strike","champ:Defend","champ:Defend","champ:Defend","champ:Defend","champ:Execute","champ:Taunt","champ:SteelEdge+1","champ:BringItOn","champ:Backstep","champ:FaceSlap","conspire:Blindness","ReplayRNGCard","sneckomod:UnknownCommonAttack"],"relics":["champ:ChampionCrown","Juzu Bracelet","infinitespire:Satchel","PrismaticShard","Anchor","Happy Flower"],"acts_visited":["Exordium"],"potions_floor_usage":[8],"damage_taken":[{"damage":57,"enemies":"Gremlin Nob","floor":2,"turns":5},{"damage":10,"enemies":"Small Slimes","floor":3,"turns":3},{"damage":25,"enemies":"3 Sentries","floor":4,"turns":13},{"damage":0,"enemies":"2 Louse","floor":6,"turns":2},{"damage":15,"enemies":"Lagavulin","floor":8,"turns":9},{"damage":40,"enemies":"HollowMod:MossKnight","floor":10,"turns":9}],"seed_played":"-2143146796910348543","potions_obtained":[{"floor":4,"key":"Elixir"},{"floor":6,"key":"Fire Potion"},{"floor":8,"key":"Cursed Concoction"}],"is_trial":false,"path_per_floor":["R","?","M","E","?","M","T","E","R","E"],"character_chosen":"THE_CHAMP","items_purchased":[],"campfire_rested":1,"item_purchase_floors":[],"current_hp_per_floor":[90,43,33,23,23,23,23,8,35,0,0],"gold":202,"neow_bonus":"THREE_RARE_CARDS","is_daily":false,"chose_seed":false,"campfire_upgraded":1,"win_rate":0.0,"timestamp":1608082540,"path_taken":["R","?","M","E","?","M","T","E","R","E"],"items_purchased_type":[],"build_version":"2020-12-13","purchased_purges":0,"victory":false,"max_hp_per_floor":[90,90,90,90,90,90,90,90,90,90,90],"card_choices":[{"not_picked":["champ:HoldFirm","champ:MurderStrike"],"picked":"champ:SteelEdge","floor":0},{"not_picked":["champ:Encircle","champ:TornadoPunch"],"picked":"champ:BringItOn","floor":2},{"not_picked":["champ:FalseCounter","champ:AdrenalArmor"],"picked":"champ:Backstep","floor":3},{"not_picked":["champ:StanceDance","champ:Backstep"],"picked":"champ:FaceSlap","floor":4},{"not_picked":["DeathKnight:DeathsAdvance","WindmillStrike"],"picked":"ReplayRNGCard","floor":6},{"not_picked":["Bromod:SeismicWave","Guardian:Preprogram"],"picked":"sneckomod:UnknownCommonAttack","floor":8}],"player_experience":1624257,"relics_obtained":[{"floor":4,"key":"infinitespire:Satchel"},{"floor":7,"key":"Anchor"},{"floor":8,"key":"Happy Flower"}],"event_choices":[],"is_beta":false,"boss_relics":[],"items_purged_floors":[],"is_endless":false,"potions_floor_spawned":[4,6,8],"killed_by":"HollowMod:MossKnight","ascension_level":0}}