{"host":"y56d1fjpgcjsodvy","time":1608113761,"event":{"mods":["BaseMod","Colored Powertips","GifTheSpireLib","Highlight Path","Minty Spire (QoL Compilation)","StSLib","SuperFastMode","everything is the same but u backflip on backflip"],"gold_per_floor":[110,110,110,130,130,130,150,164,164,187,187,206,231,251,251,334,343,368,387,387,387],"floor_reached":20,"playtime":476,"items_purged":[],"score":357,"play_id":"1fee04a9-69f6-43c6-8866-d3c3499d8272","local_time":"20201216191601","is_ascension_mode":true,"campfire_choices":[{"data":"Bash","floor":6.0,"key":"SMITH"},{"data":"Fire Breathing","floor":15,"key":"SMITH"}],"circlet_count":0,"master_deck":["AscendersBane","Strike_R","Strike_R","Strike_R","Strike_R","Strike_R+1","Defend_R","Defend_R","Defend_R+1","Defend_R","Bash+1","Shrug It Off","Pain","Shockwave","Fire Breathing+1","Evolve","Reckless Charge","Demon Form","CurseOfTheBell","Burning Pact"],"relics":["Burning Blood","WarpedTongs","Pear","Odd Mushroom","Question Card","CeramicFish","Calling Bell","Centennial Puzzle","Frozen Egg 2","FossilizedHelix"],"acts_visited":["Exordium","TheCity"],"potions_floor_usage":[19,20],"damage_taken":[{"damage":7.0,"enemies":"Cultist","floor":1.0,"turns":4.0},{"damage":0.0,"enemies":"2 Louse","floor":4.0,"turns":3.0},{"damage":10.0,"enemies":"Small Slimes","floor":7.0,"turns":4.0},{"damage":5.0,"enemies":"2 Fungi Beasts","floor":8.0,"turns":4.0},{"damage":21.0,"enemies":"The Mushroom Lair","floor":10.0,"turns":4.0},{"damage":8.0,"enemies":"Exordium Wildlife","floor":12.0,"turns":6.0},{"damage":8.0,"enemies":"Blue Slaver","floor":14.0,"turns":5.0},{"damage":24,"enemies":"Hexaghost","floor":16,"turns":9},{"damage":29,"enemies":"Shell Parasite","floor":18,"turns":9},{"damage":29,"enemies":"Spheric Guardian","floor":19,"turns":6},{"damage":38,"enemies":"Chosen and Byrds","floor":20,"turns":5}],"seed_played":"-410250962726102231","potions_obtained":[{"floor":7.0,"key":"DuplicationPotion"},{"floor":12.0,"key":"SpeedPotion"},{"floor":16,"key":"Ancient Potion"},{"floor":18,"key":"GamblersBrew"}],"is_trial":false,"path_per_floor":["M","?","?","M","?","R","M","M","T","?","?","M","T","M","R","B",null,"M","M","M"],"character_chosen":"IRONCLAD","items_purchased":[],"campfire_rested":0,"item_purchase_floors":[],"current_hp_per_floor":[74,79,53,59,59,59,55,56,66,51,40,38,38,36,36,18,77,54,31,0,0],"gold":387,"neow_bonus":"TEN_PERCENT_HP_BONUS","is_daily":false,"chose_seed":false,"campfire_upgraded":2,"win_rate":0.0,"timestamp":1608113761,"path_taken":["M","?","?","M","?","R","?","M","T","?","?","?","?","M","R","BOSS","M","M","?"],"items_purchased_type":[],"build_version":"2020-12-13","purchased_purges":0,"victory":false,"max_hp_per_floor":[82,87,87,87,87,87,87,87,97,97,97,97,97,97,97,97,97,97,97,97,97],"card_choices":[{"not_picked":["Clash","Sever Soul","Uppercut"],"picked":"SKIP","floor":1.0},{"not_picked":["Sword Boomerang","Iron Wave"],"picked":"Shrug It Off","floor":4.0},{"not_picked":["Thunderclap","Seeing Red"],"picked":"Shockwave","floor":7.0},{"not_picked":["Wild Strike","Armaments","Uppercut"],"picked":"SKIP","floor":8.0},{"not_picked":["Sword Boomerang","True Grit"],"picked":"Fire Breathing","floor":10.0},{"not_picked":["Heavy Blade","Combust","Carnage"],"picked":"Evolve","floor":12.0},{"not_picked":["Body Slam","Flame Barrier","Cleave"],"picked":"Reckless Charge","floor":14.0},{"not_picked":["Offering","Limit Break","Juggernaut"],"picked":"Demon Form","floor":16},{"not_picked":["Shrug It Off","Sword Boomerang+1","Clash"],"picked":"Burning Pact","floor":18},{"not_picked":["Perfected Strike","Thunderclap","Havoc","Armaments"],"picked":"SKIP","floor":19}],"player_experience":1169140,"relics_obtained":[{"floor":9.0,"key":"Pear"},{"floor":10.0,"key":"Odd Mushroom"},{"floor":13.0,"key":"CeramicFish"},{"floor":17,"key":"Centennial Puzzle"},{"floor":17,"key":"Frozen Egg 2"},{"floor":17,"key":"FossilizedHelix"}],"event_choices":[{"damage_healed":0.0,"max_hp_gain":5.0,"max_hp_loss":0.0,"gold_gain":0.0,"event_name":"Big Fish","player_choice":"Donut","floor":2.0,"gold_loss":0.0,"damage_taken":0.0},{"damage_healed":0.0,"max_hp_gain":0.0,"max_hp_loss":0.0,"gold_gain":0.0,"event_name":"Shining Light","player_choice":"Entered Light","floor":3.0,"gold_loss":0.0,"damage_taken":26.0,"cards_upgraded":["Defend_R","Strike_R"]},{"damage_healed":0.0,"max_hp_gain":0.0,"max_hp_loss":0.0,"gold_gain":0.0,"event_name":"Accursed Blacksmith","player_choice":"Rummage","floor":5.0,"gold_loss":0.0,"damage_taken":0.0,"relics_obtained":["WarpedTongs"],"cards_obtained":["Pain"]},{"damage_healed":0.0,"max_hp_gain":0.0,"max_hp_loss":0.0,"gold_gain":0.0,"event_name":"Mushrooms","player_choice":"Fought Mushrooms","floor":10.0,"gold_loss":0.0,"damage_taken":0.0},{"damage_healed":0.0,"max_hp_gain":0.0,"max_hp_loss":0.0,"gold_gain":0.0,"event_name":"Scrap Ooze","player_choice":"Success","floor":11.0,"gold_loss":0.0,"damage_taken":11.0,"relics_obtained":["Question Card"]}],"is_beta":false,"boss_relics":[{"not_picked":["Fusion Hammer","SlaversCollar"],"picked":"Calling Bell"}],"items_purged_floors":[],"is_endless":false,"potions_floor_spawned":[7,12,16,18],"killed_by":"Chosen and Byrds","ascension_level":20}}