{"host":"951sez6ulsv0fw1i","time":1608135490,"event":{"mods":["2.2 Compatiblity","Aspiration","BaseMod","Better Third Choice","BetterRewards","CCEM","CapriCore","Conspire","Downfall","Googly Eyes","Hermit","Infinite Spire","JesterMod","Luminous","Mari Mod (Legacy)","Mari\u0027s V1 Patch","Marisa????????","Minty Spire (QoL Compilation)","Potionbrewer","Reimu??????","Shade Mod","StSLib","The Bug Knight","The Cursed","The Forsaken","The Immortal","The Mystic","The Poker Player","The Runesmith","The Servant 0.9.4","TheBandit","TheSwordswoman"],"gold_per_floor":[116,116,116,136,156,156,156,156],"floor_reached":6,"playtime":238,"items_purged":[],"score":36,"play_id":"bd7dafef-4d1c-42c4-887e-b0d28c52f068","local_time":"20201216171810","is_ascension_mode":false,"campfire_choices":[],"circlet_count":0,"master_deck":["MokouMod:Strike","MokouMod:Strike","MokouMod:Strike","MokouMod:Strike","MokouMod:Defend","MokouMod:Defend","MokouMod:Defend","MokouMod:Defend","MokouMod:HeatSpark","Transmutation","MokouMod:TemporalFireSeal","MokouMod:HeartofFire","MokouMod:EnchantingBambooForest"],"relics":["MokouMod:PhoenixFeather"],"acts_visited":["Exordium"],"potions_floor_usage":[],"damage_taken":[{"damage":1,"enemies":"2 Louse","floor":1,"turns":3},{"damage":1,"enemies":"conspire:RoseBush","floor":4,"turns":3},{"damage":5,"enemies":"Cultist","floor":5,"turns":3},{"damage":12,"enemies":"Lagavulin","floor":6,"turns":4}],"seed_played":"2219475092413864565","potions_obtained":[],"is_trial":false,"path_per_floor":["M","?","?","M","M","E"],"character_chosen":"MKU","items_purchased":[],"campfire_rested":0,"item_purchase_floors":[],"current_hp_per_floor":[67,67,67,66,61,49,49,49],"gold":156,"neow_bonus":"RANDOM_COLORLESS_2","is_daily":false,"chose_seed":false,"campfire_upgraded":0,"win_rate":0.0,"timestamp":1608135490,"path_taken":["M","?","?","M","M","E"],"items_purchased_type":[],"build_version":"2020-12-13","purchased_purges":0,"victory":false,"max_hp_per_floor":[68,68,68,68,68,68,68,68],"card_choices":[{"not_picked":["Sadistic Nature","Panache"],"picked":"Transmutation","floor":0},{"not_picked":["MokouMod:FlareStarter","MokouMod:Singe"],"picked":"MokouMod:TemporalFireSeal","floor":1},{"not_picked":["MokouMod:SearingShot","MokouMod:Firecracker"],"picked":"MokouMod:HeartofFire","floor":4},{"not_picked":["MokouMod:SubterraneanCore","MokouMod:Sear"],"picked":"MokouMod:EnchantingBambooForest","floor":5}],"player_experience":512018,"relics_obtained":[],"event_choices":[{"cards_removed":["MokouMod:Strike"],"damage_healed":0,"gold_gain":0,"player_choice":"Purged","damage_taken":0,"max_hp_gain":0,"max_hp_loss":0,"event_name":"Purifier","floor":3,"gold_loss":0}],"is_beta":false,"boss_relics":[],"items_purged_floors":[],"is_endless":false,"potions_floor_spawned":[],"killed_by":"Lagavulin","ascension_level":0}}