{"host":"tyfpg4h531zkrrpn","time":1608103307,"event":{"mods":["Act Like it!","BaseMod","CapriCore","Card Filter","Colored Map","Minty Spire (QoL Compilation)","MostiFishMod","Permanent Neow","Quick Restart","StSLib","Waifu the Spire"],"gold_per_floor":[129,148,148,165,165,165,193,204,204,204,204,204,279,898,898,1604,1604,1620,1620,1633,1648,1667,1667,1699,1718,1718,1735,1735,1763,1781,1807,1807,1905,1905,1920,1969,1987,2006,1627,1627,1646,1646,1646,1665,1683,1683,1133,1166,1166,1166,1166,1166,634,666,667],"floor_reached":56,"playtime":1885,"items_purged":["Auto Shields","Dualcast","Steam Power+1"],"score":1696,"play_id":"48b9bd2c-1d3f-4c4f-a249-707b11536ce2","local_time":"20201215232147","is_ascension_mode":false,"campfire_choices":[{"data":"Zap","floor":6.0,"key":"SMITH"},{"data":"Coolheaded","floor":12.0,"key":"SMITH"},{"data":"MostiFishMod:Hijack","floor":15.0,"key":"SMITH"},{"floor":23.0,"key":"RECALL"},{"data":"MostiFishMod:ReadyAimFire","floor":32.0,"key":"SMITH"},{"data":"Seek","floor":40.0,"key":"SMITH"},{"data":"Recycle","floor":46.0,"key":"SMITH"},{"data":"MostiFishMod:Overload","floor":49.0,"key":"SMITH"},{"data":"Conserve Battery","floor":52.0,"key":"SMITH"}],"circlet_count":0,"master_deck":["Defend_B","Defend_B","Defend_B","Defend_B","Zap+1","MostiFishMod:Hijack+1","Conserve Battery","MostiFishMod:Hijack+1","Coolheaded+1","MostiFishMod:ReadyAimFire+1","Conserve Battery+1","MostiFishMod:Overload+1","Recycle+1","Conserve Battery+1","Seek+1","Coolheaded+1","White Noise+1"],"relics":["Cracked Core","DaveBox","SentryEyes","Question Card","White Beast Statue","Meat on the Bone","ImportantClient","JellyFishMachine","Oddly Smooth Stone","Letter Opener","Bird Faced Urn","Red Mask","Sozu","Civilization","TimeFreeze","Pantograph","Cables","PreservedInsect","Dodecahedron","Calipers","Omamori","Bag of Preparation","Ornamental Fan","Frozen Eye","Mummified Hand"],"acts_visited":["Exordium","TheCity","TheBeyond","TheEnding"],"potions_floor_usage":[55,55],"damage_taken":[{"damage":1.0,"enemies":"Jaw Worm","floor":1.0,"turns":2.0},{"damage":0.0,"enemies":"Small Slimes","floor":2.0,"turns":1.0},{"damage":0.0,"enemies":"2 Louse","floor":4.0,"turns":1.0},{"damage":0.0,"enemies":"3 Sentries","floor":7.0,"turns":2.0},{"damage":0.0,"enemies":"2 Fungi Beasts","floor":8.0,"turns":2.0},{"damage":0.0,"enemies":"Large Slime","floor":14.0,"turns":1.0},{"damage":8.0,"enemies":"The Guardian","floor":16.0,"turns":4.0},{"damage":0.0,"enemies":"Chosen","floor":18.0,"turns":3.0},{"damage":1.0,"enemies":"2 Thieves","floor":20.0,"turns":2.0},{"damage":0.0,"enemies":"3 Cultists","floor":21.0,"turns":2.0},{"damage":0.0,"enemies":"Cultist and Chosen","floor":22.0,"turns":2.0},{"damage":0.0,"enemies":"Book of Stabbing","floor":24.0,"turns":2.0},{"damage":0.0,"enemies":"Centurion and Healer","floor":25.0,"turns":1.0},{"damage":0.0,"enemies":"3 Cultists","floor":27.0,"turns":1.0},{"damage":0.0,"enemies":"Gremlin Leader","floor":29.0,"turns":2.0},{"damage":0.0,"enemies":"Snake Plant","floor":30.0,"turns":1.0},{"damage":0.0,"enemies":"Masked Bandits","floor":31.0,"turns":1.0},{"damage":0.0,"enemies":"Champ","floor":33.0,"turns":2.0},{"damage":0.0,"enemies":"3 Shapes","floor":35.0,"turns":1.0},{"damage":0.0,"enemies":"2 Orb Walkers","floor":36.0,"turns":1.0},{"damage":0.0,"enemies":"Orb Walker","floor":37.0,"turns":1.0},{"damage":0.0,"enemies":"Transient","floor":38.0,"turns":4.0},{"damage":0.0,"enemies":"Sphere and 2 Shapes","floor":41.0,"turns":1.0},{"damage":0.0,"enemies":"Jaw Worm Horde","floor":44.0,"turns":1.0},{"damage":0.0,"enemies":"Writhing Mass","floor":45.0,"turns":1.0},{"damage":0.0,"enemies":"Giant Head","floor":48.0,"turns":1.0},{"damage":0.0,"enemies":"Awakened One","floor":50.0,"turns":5.0},{"damage":0.0,"enemies":"Shield and Spear","floor":54.0,"turns":1.0},{"damage":0,"enemies":"The Heart","floor":55,"turns":4}],"seed_played":"-5829669689352492695","potions_obtained":[{"floor":1.0,"key":"BlessingOfTheForge"},{"floor":8.0,"key":"SpeedPotion"},{"floor":14.0,"key":"Strength Potion"},{"floor":16.0,"key":"Swift Potion"},{"floor":21.0,"key":"PowerPotion"}],"is_trial":false,"path_per_floor":["M","M","?","M","?","R","E","M","T","?","$","R","?","M","R","B",null,"M","?","M","M","M","R","E","M","T","M","?","E","M","?","R","B",null,"M","?","M","M","$","R","M","?","T","M","M","R","$","E","R","B",null,"R","$","E","B",null],"character_chosen":"DEFECT","items_purchased":["TimeFreeze","Pantograph","PreservedInsect","Dodecahedron","Calipers","Bag of Preparation","Ornamental Fan","Frozen Eye"],"campfire_rested":0,"item_purchase_floors":[39,39,47,47,47,53,53,53],"current_hp_per_floor":[74,74,74,74,67,67,67,67,67,64,64,64,53,53,53,46,75,75,75,74,74,74,74,74,74,74,74,74,74,74,74,74,74,75,75,75,76,78,78,78,83,79,79,87,96,96,96,106,106,121,121,121,121,138,156],"gold":667,"neow_bonus":"TRANSFORM_CARD","is_daily":false,"chose_seed":false,"campfire_upgraded":8,"win_rate":0.0,"timestamp":1608103307,"path_taken":["M","M","?","M","?","R","E","M","T","?","$","R","?","M","R","BOSS","M","?","M","M","M","R","E","M","T","M","?","E","M","?","R","BOSS","M","?","M","M","$","R","M","?","T","M","M","R","?","E","R","BOSS","R","$","E","BOSS"],"items_purchased_type":["Relic","Relic","Relic","Relic","Relic","Relic","Relic","Relic"],"build_version":"2020-12-13","purchased_purges":3,"victory":true,"max_hp_per_floor":[75,75,75,75,75,75,75,75,75,75,75,75,75,75,75,75,75,75,75,75,75,75,75,75,75,75,75,75,75,75,75,75,75,75,75,75,76,78,78,78,83,79,79,87,96,96,96,106,106,121,121,121,121,138,156],"card_choices":[{"not_picked":["Turbo","Blizzard"],"picked":"Conserve Battery","floor":1.0},{"not_picked":["Hologram","Barrage","Doom and Gloom","Reinforced Body"],"picked":"SKIP","floor":2.0},{"not_picked":["Barrage","Defragment","Stack","MostiFishMod:DawningShadow"],"picked":"SKIP","floor":4.0},{"not_picked":["Auto Shields","Self Repair","Barrage"],"picked":"MostiFishMod:Hijack","floor":7.0},{"not_picked":["Leap","Ball Lightning","Hologram"],"picked":"Coolheaded","floor":8.0},{"not_picked":["Force Field","Loop","Darkness","Ball Lightning"],"picked":"SKIP","floor":14.0},{"not_picked":["Static Discharge+1","Self Repair","Defragment+1"],"picked":"Auto Shields","floor":18.0},{"not_picked":["Storm","Steam Power","Ball Lightning+1","Double Energy"],"picked":"SKIP","floor":20.0},{"not_picked":["Tempest+1","Chill+1","Fusion"],"picked":"Conserve Battery","floor":21.0},{"not_picked":["Doom and Gloom","Cold Snap","Hello World"],"picked":"MostiFishMod:Overload","floor":22.0},{"not_picked":["Stack","Streamline","Defragment","Heatsinks+1"],"picked":"SKIP","floor":24.0},{"not_picked":["Stack","Hologram+1","Streamline+1"],"picked":"Recycle","floor":25.0},{"not_picked":["Conserve Battery","Ball Lightning","Barrage","Cold Snap+1"],"picked":"SKIP","floor":27.0},{"not_picked":["Redo","Stack+1","Coolheaded","MostiFishMod:Distribution"],"picked":"SKIP","floor":29.0},{"not_picked":["Streamline","Redo","Cold Snap","Beam Cell+1"],"picked":"SKIP","floor":30.0},{"not_picked":["Blizzard","Leap","White Noise"],"picked":"Conserve Battery+1","floor":31.0},{"not_picked":["MostiFishMod:Impulse","MostiFishMod:DeathFromBelow","MostiFishMod:PushDownKick"],"picked":"Seek","floor":33.0},{"not_picked":["Barrage+1","Sweeping Beam+1","Cold Snap","Lockon+1"],"picked":"SKIP","floor":35.0},{"not_picked":["Coolheaded","Doom and Gloom","Conserve Battery+1","Leap+1"],"picked":"SKIP","floor":37.0},{"not_picked":["Consume","Stack","MostiFishMod:DawningShadow"],"picked":"Coolheaded+1","floor":38.0},{"not_picked":["Heatsinks+1","Genetic Algorithm","Beam Cell+1"],"picked":"White Noise+1","floor":41.0},{"not_picked":["Static Discharge","Cold Snap","Self Repair","Auto Shields"],"picked":"SKIP","floor":44.0},{"not_picked":["Coolheaded+1","Ball Lightning+1","Doom and Gloom","Force Field+1"],"picked":"SKIP","floor":45.0},{"not_picked":["Hologram","Sweeping Beam+1","Conserve Battery"],"picked":"Steam Power+1","floor":48.0},{"not_picked":["Hologram","Stack","Core Surge","Coolheaded+1"],"picked":"SKIP","floor":54.0}],"player_experience":541192,"relics_obtained":[{"floor":1.0,"key":"Question Card"},{"floor":7.0,"key":"White Beast Statue"},{"floor":16.0,"key":"ImportantClient"},{"floor":24.0,"key":"Oddly Smooth Stone"},{"floor":26.0,"key":"Letter Opener"},{"floor":29.0,"key":"Bird Faced Urn"},{"floor":31.0,"key":"Red Mask"},{"floor":36.0,"key":"Civilization"},{"floor":43.0,"key":"Cables"},{"floor":48.0,"key":"Omamori"},{"floor":54.0,"key":"Mummified Hand"}],"event_choices":[{"damage_healed":0.0,"max_hp_gain":0.0,"max_hp_loss":0.0,"gold_gain":0.0,"event_name":"Living Wall","player_choice":"Grow","floor":3.0,"gold_loss":0.0,"damage_taken":0.0,"cards_upgraded":["MostiFishMod:Hijack"]},{"cards_removed":["Strike_B"],"damage_healed":0.0,"max_hp_gain":0.0,"max_hp_loss":0.0,"gold_gain":0.0,"event_name":"Golden Wing","player_choice":"Card Removal","floor":5.0,"gold_loss":0.0,"damage_taken":7.0},{"damage_healed":0.0,"max_hp_gain":0.0,"max_hp_loss":0.0,"gold_gain":0.0,"event_name":"Scrap Ooze","player_choice":"Success","floor":10.0,"gold_loss":0.0,"damage_taken":3.0,"relics_obtained":["Meat on the Bone"]},{"damage_healed":0.0,"max_hp_gain":0.0,"max_hp_loss":0.0,"gold_gain":75.0,"event_name":"World of Goop","player_choice":"Gather Gold","floor":13.0,"gold_loss":0.0,"damage_taken":11.0},{"damage_healed":0.0,"max_hp_gain":0.0,"max_hp_loss":0.0,"gold_gain":0.0,"cards_transformed":["Strike_B","Strike_B"],"event_name":"Drug Dealer","player_choice":"Became Test Subject","floor":19.0,"gold_loss":0.0,"damage_taken":0.0,"cards_obtained":["MostiFishMod:ReadyAimFire","Creative AI"]},{"cards_removed":["Creative AI"],"damage_healed":0.0,"max_hp_gain":0.0,"max_hp_loss":0.0,"gold_gain":0.0,"event_name":"Back to Basics","player_choice":"Elegance","floor":28.0,"gold_loss":0.0,"damage_taken":0.0},{"damage_healed":0.0,"max_hp_gain":0.0,"max_hp_loss":0.0,"gold_gain":0.0,"event_name":"Masked Bandits","player_choice":"Fought Bandits","floor":31.0,"gold_loss":0.0,"damage_taken":0.0},{"damage_healed":0.0,"max_hp_gain":0.0,"max_hp_loss":0.0,"gold_gain":0.0,"event_name":"Mysterious Sphere","player_choice":"Fight","floor":36.0,"gold_loss":0.0,"damage_taken":0.0},{"damage_healed":0.0,"max_hp_gain":0.0,"max_hp_loss":4.0,"gold_gain":0.0,"event_name":"Winding Halls","player_choice":"Max HP","floor":42.0,"gold_loss":0.0,"damage_taken":0.0}],"is_beta":false,"boss_relics":[{"not_picked":["FrozenCore","EE1DDrone"],"picked":"JellyFishMachine"},{"not_picked":["RhineFirstAidKit","HereWithMe"],"picked":"Sozu"}],"items_purged_floors":[39,47,53],"is_endless":false,"potions_floor_spawned":[1,8,14,16,18,20,21,22,24,25,27,29,30,31,33,35,36,37,38,41,44,45,48,54],"ascension_level":0}}