{"host":"j28bwyew3wloeuoy","time":1608098750,"event":{"mods":["BaseMod","Downfall","Hubris","Minty Spire (QoL Compilation)","Relic Stats","Replay The Spire","StSLib","The Jungle"],"gold_per_floor":[99,99,127,127,127,127,176,26,41,75,90,110,127,144,158,257,257,257,286,286,35,35,47,72,97,7,7,17,2,102,202,215,315,315,240,269,287,287,287,319,319,334,348,348,366,366,381,55,73,73],"floor_reached":51,"playtime":5598,"items_purged":["champ:Strike"],"score":860,"play_id":"9772563d-21a2-46a4-b459-f5538a5c5100","local_time":"20201216170550","is_ascension_mode":false,"campfire_choices":[{"data":"champ:Execute","floor":1,"key":"SMITH"},{"floor":5,"key":"RECALL"},{"data":"champ:FocusedDefense","floor":8,"key":"SMITH"},{"data":"champ:IgnorePain","floor":18,"key":"SMITH"},{"data":"champ:Improvising","floor":20,"key":"SMITH"},{"data":"champ:FalseCounter","floor":22,"key":"SMITH"},{"floor":27,"key":"REST"},{"data":"champ:VampiricStrike","floor":35,"key":"SMITH"},{"data":"champ:Circumvent","floor":39,"key":"SMITH"},{"data":"champ:Circumvent","floor":44,"key":"SMITH"},{"data":"champ:CrookedStrike","floor":44,"key":"SMITH"}],"circlet_count":0,"master_deck":["champ:Strike+1","champ:Strike","champ:Defend","champ:Defend","champ:Execute+1","champ:Taunt","champ:FocusedDefense+1","champ:RapidStrikes","champ:MurderStrike","champ:IronFortress","champ:BringItOn","champ:DefensiveShout","champ:EnGarde","champ:DefensiveStyle","champ:Improvising+1","champ:IgnorePain+1","champ:Riposte","champ:FalseCounter+1","champ:SkillfulDodge","champ:AdrenalArmor","champ:VampiricStrike+1","champ:RecklessLeap","champ:TornadoPunch","champ:Circumvent+1","J.A.X.","champ:SteelEdge","champ:Riposte","champ:MurderStrike","champ:Shatter","champ:EnGarde+1","champ:MurderStrike","CurseOfTheBell","champ:DefensiveShout","champ:Circumvent+1","champ:Circumvent","champ:CrookedStrike+1","champ:DeathBlow+1","Secret Technique","champ:GladiatorsShout+1"],"relics":["champ:ChampionCrown","downfall:HeartsMalice","Replay:Ringing Soul","downfall:HeartBlessingBlue","downfall:HeartBlessingRed","hubris:Metronome","Honey Jar","Red Mask","ReplayFunnel","Regal Pillow","Whetstone","MutagenicStrength","champ:BlackKnightHelmet","hubris:SphereOfDissonance","Calling Bell","Replay:Mystery Machine","Eternal Feather","hubris:Zylophone","downfall:HeartBlessingGreen","hubris:64BitClover","hubris:Towel","Iron Hammer","Replay:Arrowhead","Happy Flower"],"acts_visited":["Exordium","TheCity","TheBeyond"],"potions_floor_usage":[16,16,19,25,33,33,49,50],"damage_taken":[{"damage":0,"enemies":"2 Louse","floor":2,"turns":1},{"damage":0,"enemies":"Gremlin Nob","floor":3,"turns":1},{"damage":0,"enemies":"Cultist","floor":4,"turns":1},{"damage":5,"enemies":"Jaw Worm","floor":9,"turns":3},{"damage":47,"enemies":"Lagavulin","floor":10,"turns":8},{"damage":7,"enemies":"3 Louse","floor":11,"turns":4},{"damage":30,"enemies":"Exordium Thugs","floor":12,"turns":5},{"damage":6,"enemies":"2 Fungi Beasts","floor":13,"turns":3},{"damage":14,"enemies":"Blue Slaver","floor":14,"turns":3},{"damage":14,"enemies":"Exordium Thugs","floor":15,"turns":6},{"damage":5,"enemies":"downfall:Defect","floor":16,"turns":2},{"damage":40,"enemies":"Masked Bandits","floor":19,"turns":7},{"damage":5,"enemies":"downfall:FleeingMerchant","floor":21,"turns":4},{"damage":8,"enemies":"Spheric Guardian","floor":23,"turns":6},{"damage":63,"enemies":"Gremlin Leader","floor":25,"turns":10},{"damage":19,"enemies":"downfall:FleeingMerchant","floor":26,"turns":4},{"damage":31,"enemies":"3 Byrds","floor":28,"turns":6},{"damage":0,"enemies":"downfall:FleeingMerchant","floor":29,"turns":4},{"damage":40,"enemies":"downfall:Augmenter","floor":30,"turns":6},{"damage":52,"enemies":"downfall:Augmenter","floor":31,"turns":8},{"damage":27,"enemies":"3 Cultists","floor":32,"turns":5},{"damage":31,"enemies":"downfall:Watcher","floor":33,"turns":8},{"damage":41,"enemies":"R_Hoarder","floor":36,"turns":9},{"damage":5,"enemies":"Orb Walker","floor":37,"turns":2},{"damage":22,"enemies":"Nemesis","floor":40,"turns":7},{"damage":0,"enemies":"3 Shapes","floor":42,"turns":3},{"damage":64,"enemies":"Jaw Worm Horde","floor":43,"turns":6},{"damage":31,"enemies":"Maw","floor":45,"turns":7},{"damage":35,"enemies":"Sphere and 2 Shapes","floor":47,"turns":4},{"damage":8,"enemies":"downfall:FleeingMerchant","floor":48,"turns":4},{"damage":101,"enemies":"Transient","floor":49,"turns":5},{"damage":84,"enemies":"downfall:Silent","floor":50,"turns":9}],"seed_played":"-2981085012765846862","potions_obtained":[{"floor":9,"key":"Swift Potion"},{"floor":10,"key":"DistilledChaos"},{"floor":12,"key":"BlessingOfTheForge"},{"floor":16,"key":"LifebloodPotion"},{"floor":23,"key":"GamblersBrew"},{"floor":25,"key":"FearPotion"},{"floor":31,"key":"BlessingOfTheForge"},{"floor":37,"key":"Elixir"},{"floor":42,"key":"BlessingOfTheForge"},{"floor":45,"key":"SkillPotion"}],"is_trial":false,"path_per_floor":["R","M","E","M","R","?","T","R","M","E","M","M","M","M","M","B",null,"R","?","R","$","R","M","T","E","$","R","M","$","?","?","M","B",null,"R","E","M","?","R","E","T","M","M","R","M","?","M","$","M","B",null],"character_chosen":"THE_CHAMP","items_purchased":["champ:SkillfulDodge","ReplayFunnel","Happy Flower","Secret Technique"],"campfire_rested":1,"item_purchase_floors":[21,21,48,48],"current_hp_per_floor":[90,90,93,93,93,96,96,106,109,75,76,54,56,42,31,34,127,127,95,95,98,98,93,93,35,35,92,70,89,85,49,45,27,163,163,146,149,149,166,147,147,163,111,132,119,119,104,164,113,58],"gold":73,"neow_bonus":"THREE_ENEMY_KILL","is_daily":false,"chose_seed":false,"campfire_upgraded":9,"win_rate":0.0,"timestamp":1608098750,"path_taken":["R","M","E","M","R","?","T","R","?","E","M","M","M","M","M","BOSS","R","?","R","$","R","M","T","E","$","R","M","$","?","?","M","BOSS","R","E","M","?","R","E","T","M","M","R","M","?","M","$","M","BOSS"],"items_purchased_type":["Card","Relic","Relic","Card"],"build_version":"2020-12-13","purchased_purges":1,"victory":true,"max_hp_per_floor":[90,90,93,93,93,96,96,106,109,112,115,118,121,121,124,127,127,127,130,130,133,133,136,136,139,142,142,145,148,151,154,157,160,163,163,163,166,166,166,169,169,172,175,175,178,178,178,181,184,184],"relic_stats":{"Regal Pillow":15,"Happy Flower":[4],"counters":[32,158],"Eternal Feather":38,"Whetstone":["champ:Strike","champ:Strike"],"obtain_stats":[{"ReplayFunnel":21,"hubris:Metronome":10,"Regal Pillow":24,"champ:BlackKnightHelmet":31,"downfall:HeartBlessingRed":8,"Happy Flower":48,"hubris:64BitClover":36,"hubris:SphereOfDissonance":31,"champ:ChampionCrown":0,"downfall:HeartsMalice":0,"Eternal Feather":34,"downfall:HeartBlessingGreen":35,"Whetstone":25,"Replay:Mystery Machine":34,"hubris:Towel":38,"Replay:Arrowhead":41,"Calling Bell":34,"hubris:Zylophone":34,"Replay:Ringing Soul":3,"downfall:HeartBlessingBlue":8,"MutagenicStrength":30,"Honey Jar":17,"Iron Hammer":40,"Red Mask":19},{"ReplayFunnel":13,"hubris:Metronome":5,"Regal Pillow":14,"champ:BlackKnightHelmet":20,"downfall:HeartBlessingRed":3,"Happy Flower":30,"hubris:64BitClover":23,"hubris:SphereOfDissonance":20,"champ:ChampionCrown":0,"downfall:HeartsMalice":0,"Eternal Feather":22,"downfall:HeartBlessingGreen":22,"Whetstone":15,"Replay:Mystery Machine":22,"hubris:Towel":24,"Replay:Arrowhead":25,"Calling Bell":22,"hubris:Zylophone":22,"Replay:Ringing Soul":2,"downfall:HeartBlessingBlue":3,"MutagenicStrength":19,"Honey Jar":11,"Iron Hammer":25,"Red Mask":12},{"ReplayFunnel":45,"hubris:Metronome":11,"Regal Pillow":51,"champ:BlackKnightHelmet":89,"downfall:HeartBlessingRed":0,"Happy Flower":144,"hubris:64BitClover":111,"hubris:SphereOfDissonance":89,"champ:ChampionCrown":0,"downfall:HeartsMalice":0,"Eternal Feather":102,"downfall:HeartBlessingGreen":102,"Whetstone":61,"Replay:Mystery Machine":102,"hubris:Towel":113,"Replay:Arrowhead":120,"Calling Bell":102,"hubris:Zylophone":102,"Replay:Ringing Soul":0,"downfall:HeartBlessingBlue":0,"MutagenicStrength":81,"Honey Jar":34,"Iron Hammer":120,"Red Mask":41}]},"card_choices":[{"not_picked":["champ:EnragedBash","champ:SkillfulDodge"],"picked":"champ:FocusedDefense","floor":2},{"not_picked":["champ:FocusedGladiator","champ:CrookedStrike"],"picked":"champ:RapidStrikes","floor":3},{"not_picked":["champ:Duel","champ:EnragedBash","champ:Encircle"],"picked":"SKIP","floor":4},{"not_picked":["champ:DeathBlow","champ:Riposte"],"picked":"champ:IronFortress","floor":9},{"not_picked":["champ:ShieldThrow","champ:FlashCut"],"picked":"champ:BringItOn","floor":10},{"not_picked":["champ:Circumvent","champ:PerfectedStrike"],"picked":"champ:DefensiveShout","floor":11},{"not_picked":["champ:BerserkersShout","champ:FightOn"],"picked":"champ:EnGarde","floor":12},{"not_picked":["champ:Encircle","champ:BladeFlurry"],"picked":"champ:DefensiveStyle","floor":13},{"not_picked":["champ:PerfectedStrike","champ:Shatter","champ:FanOfKnives"],"picked":"SKIP","floor":14},{"not_picked":["champ:Circumvent","champ:GladiatorsShout"],"picked":"champ:Improvising","floor":15},{"not_picked":["champ:DancingMaster","champ:HeavySlash"],"picked":"champ:IgnorePain","floor":16},{"not_picked":["champ:FocusedBerserking","champ:PerfectedStrike","champ:GladiatorsShout"],"picked":"champ:Riposte","floor":19},{"not_picked":["champ:Shatter","champ:DefensiveShout","champ:Encircle"],"picked":"champ:FalseCounter","floor":21},{"not_picked":["champ:Haymaker","champ:PerfectedStrike","champ:EndlessRage"],"picked":"champ:AdrenalArmor","floor":23},{"not_picked":["champ:Haymaker+1","champ:BladeFlurry","champ:FalseCounter"],"picked":"champ:VampiricStrike","floor":25},{"not_picked":["champ:Encircle","champ:CrownThrow","champ:HeavySlash"],"picked":"champ:RecklessLeap","floor":26},{"not_picked":["champ:IronFortress","champ:FanOfKnives","champ:DefensiveStyle"],"picked":"champ:TornadoPunch","floor":28},{"not_picked":["champ:FocusedBerserking","champ:BerserkersShout+1","champ:FanOfKnives"],"picked":"champ:Circumvent","floor":29},{"not_picked":[],"picked":"J.A.X.","floor":30},{"not_picked":["champ:AdrenalArmor","champ:BerserkerStyle+1","champ:Haymaker+1"],"picked":"champ:MurderStrike","floor":30},{"not_picked":["champ:Circumvent","champ:AdrenalArmor","champ:PreciseThrust"],"picked":"champ:Shatter","floor":31},{"not_picked":["champ:CalledShot","champ:Backstep","champ:Shatter"],"picked":"champ:EnGarde+1","floor":32},{"not_picked":["champ:SteelEdge","champ:HeavySlash","champ:Devastate"],"picked":"champ:MurderStrike","floor":33},{"not_picked":["champ:AdrenalArmor","champ:FaceSlap+1","champ:DefensiveStyle","champ:GladiatorStyle"],"picked":"SKIP","floor":36},{"not_picked":["champ:GladiatorsShout+1","champ:BerserkersShout+1","champ:EndlessRage"],"picked":"champ:DefensiveShout","floor":37},{"not_picked":["champ:LastStand","champ:Duel+1","champ:Riposte"],"picked":"champ:Circumvent","floor":40},{"not_picked":["champ:Duel","champ:IronFortress","champ:AdrenalArmor"],"picked":"champ:Circumvent","floor":42},{"not_picked":["champ:EnragedBash","champ:Haymaker+1","champ:ViciousMockery+1"],"picked":"champ:CrookedStrike","floor":43},{"not_picked":["champ:Circumvent","champ:Haymaker+1","champ:AdrenalArmor"],"picked":"champ:DeathBlow+1","floor":45},{"not_picked":["champ:BerserkersShout","champ:BringItOn","champ:GutPunch","champ:BladeFlurry+1"],"picked":"SKIP","floor":47},{"not_picked":["champ:BringItOn","champ:BerserkerStyle","champ:FaceSlap","champ:FocusedDefense"],"picked":"SKIP","floor":48},{"not_picked":["champ:Riposte+1","champ:Backstep","champ:Haymaker"],"picked":"champ:GladiatorsShout+1","floor":49}],"player_experience":385364,"relics_obtained":[{"floor":3,"key":"Replay:Ringing Soul"},{"floor":10,"key":"hubris:Metronome"},{"floor":19,"key":"Red Mask"},{"floor":24,"key":"Regal Pillow"},{"floor":25,"key":"Whetstone"},{"floor":30,"key":"MutagenicStrength"},{"floor":31,"key":"champ:BlackKnightHelmet"},{"floor":31,"key":"hubris:SphereOfDissonance"},{"floor":34,"key":"Replay:Mystery Machine"},{"floor":34,"key":"Eternal Feather"},{"floor":34,"key":"hubris:Zylophone"},{"floor":36,"key":"hubris:64BitClover"},{"floor":40,"key":"Iron Hammer"},{"floor":41,"key":"Replay:Arrowhead"}],"event_choices":[{"damage_healed":0,"gold_gain":0,"cards_transformed":["champ:Defend"],"player_choice":"Transformed","damage_taken":0,"max_hp_gain":0,"max_hp_loss":0,"event_name":"Transmorgrifier","floor":6,"gold_loss":0,"cards_obtained":["champ:MurderStrike"]},{"damage_healed":0,"gold_gain":0,"player_choice":"Fought Bandits","damage_taken":0,"max_hp_gain":0,"max_hp_loss":0,"event_name":"Masked Bandits","floor":19,"gold_loss":0}],"is_beta":false,"boss_relics":[{"not_picked":["Tiny House","hubris:VirtuousBlindfold"],"picked":"Honey Jar"},{"not_picked":["hubris:CrackedHourglass","hubris:HollowSoul"],"picked":"Calling Bell"}],"items_purged_floors":[26],"is_endless":false,"potions_floor_spawned":[9,10,12,13,15,16,23,25,31,37,42,45],"ascension_level":0}}