{"host":"dpbezu80jg8zk7un","time":1608161151,"event":{"mods":["BaseMod","Colored Map","Colored Powertips","Custom Start","DeckTracker","Minty Spire (QoL Compilation)","Quick Restart","StSLib","SuperFastMode"],"gold_per_floor":[119,129,52,52,52,83,83,158,158,158,193,206,206,224,224,303,303,315,327,327,137,153,153,170,184,265,294,294,325,343,263,263,339,339,349,249,260,185,201,201,232,232,256,274,305,316,316,344,344,344,344,344,344,0,29,29,29],"floor_reached":56,"playtime":1980,"items_purged":["Defend_P","Strike_P+1","WaveOfTheHand+1","Defend_P+1"],"score":2370,"play_id":"e95e1627-081a-4228-9a50-3b1075ea0c18","local_time":"20201217082551","is_ascension_mode":true,"campfire_choices":[{"data":"Eruption","floor":7.0,"key":"SMITH"},{"data":"Adaptation","floor":10.0,"key":"SMITH"},{"data":"Meditate","floor":13.0,"key":"SMITH"},{"data":"CrushJoints","floor":15.0,"key":"SMITH"},{"floor":23.0,"key":"REST"},{"floor":28.0,"key":"REST"},{"floor":32.0,"key":"REST"},{"floor":40.0,"key":"RECALL"},{"floor":42.0,"key":"REST"},{"floor":47.0,"key":"REST"},{"floor":49.0,"key":"REST"},{"floor":53.0,"key":"REST"}],"circlet_count":0,"master_deck":["AscendersBane","Vigilance+1","Tantrum+1","Adaptation+1","CrushJoints+1","Meditate+1","WheelKick+1","LessonLearned+1","WreathOfFlame+1","Adaptation+1","FearNoEvil+1","MentalFortress+1","Scrawl+1"],"relics":["PureWater","NeowsBlessing","MealTicket","The Courier","Yang","Astrolabe","InkBottle","Mercury Hourglass","Fusion Hammer","Orichalcum","Damaru","Darkstone Periapt","ClockworkSouvenir","Happy Flower"],"acts_visited":["Exordium","TheCity","TheBeyond","TheEnding"],"potions_floor_usage":[56,56],"damage_taken":[{"damage":0.0,"enemies":"Jaw Worm","floor":1.0,"turns":1.0},{"damage":0.0,"enemies":"Small Slimes","floor":2.0,"turns":1.0},{"damage":0.0,"enemies":"3 Sentries","floor":6.0,"turns":2.0},{"damage":16.0,"enemies":"Gremlin Nob","floor":11.0,"turns":3.0},{"damage":0.0,"enemies":"Cultist","floor":12.0,"turns":2.0},{"damage":6.0,"enemies":"Exordium Thugs","floor":14.0,"turns":3.0},{"damage":19.0,"enemies":"The Guardian","floor":16.0,"turns":10.0},{"damage":17.0,"enemies":"Spheric Guardian","floor":18.0,"turns":4.0},{"damage":12.0,"enemies":"3 Byrds","floor":19.0,"turns":4.0},{"damage":18.0,"enemies":"Snake Plant","floor":22.0,"turns":3.0},{"damage":0.0,"enemies":"Sentry and Sphere","floor":24.0,"turns":2.0},{"damage":11.0,"enemies":"Centurion and Healer","floor":25.0,"turns":3.0},{"damage":16.0,"enemies":"Slavers","floor":27.0,"turns":3.0},{"damage":10.0,"enemies":"Gremlin Leader","floor":29.0,"turns":5.0},{"damage":6.0,"enemies":"Snecko","floor":30.0,"turns":5.0},{"damage":23.0,"enemies":"Champ","floor":33.0,"turns":6.0},{"damage":0.0,"enemies":"3 Shapes","floor":35.0,"turns":2.0},{"damage":0.0,"enemies":"3 Darklings","floor":37.0,"turns":2.0},{"damage":0.0,"enemies":"Spire Growth","floor":39.0,"turns":3.0},{"damage":0.0,"enemies":"Reptomancer","floor":41.0,"turns":2.0},{"damage":0.0,"enemies":"Transient","floor":44.0,"turns":7.0},{"damage":4.0,"enemies":"Nemesis","floor":45.0,"turns":5.0},{"damage":30.0,"enemies":"Jaw Worm Horde","floor":46.0,"turns":2.0},{"damage":0.0,"enemies":"Reptomancer","floor":48.0,"turns":2.0},{"damage":0.0,"enemies":"Awakened One","floor":50.0,"turns":2.0},{"damage":0.0,"enemies":"Donu and Deca","floor":51.0,"turns":2.0},{"damage":0.0,"enemies":"Shield and Spear","floor":55.0,"turns":1.0},{"damage":69,"enemies":"The Heart","floor":56,"turns":6}],"seed_played":"-1419049885349335388","potions_obtained":[{"floor":14.0,"key":"BlessingOfTheForge"},{"floor":16.0,"key":"DistilledChaos"},{"floor":18.0,"key":"StancePotion"},{"floor":22.0,"key":"BlessingOfTheForge"},{"floor":27.0,"key":"BlessingOfTheForge"},{"floor":29.0,"key":"SkillPotion"},{"floor":45.0,"key":"Explosive Potion"}],"is_trial":false,"path_per_floor":["M","M","$","?","$","E","R","?","T","R","E","M","R","M","R","B",null,"M","M","?","$","M","R","M","M","T","E","R","E","M","$","R","B",null,"M","$","M","?","M","R","E","R","T","M","E","M","R","E","R","B","B",null,"R","$","E","B"],"character_chosen":"WATCHER","items_purchased":["Adaptation","Adaptation","FearNoEvil","ClockworkSouvenir","Dexterity Potion","Weak Potion"],"campfire_rested":7,"item_purchase_floors":[3,21,21,54,54,54],"current_hp_per_floor":[61,61,61,54,54,54,54,43,43,43,27,27,27,21,21,2,52,35,23,23,38,20,40,40,29,29,13,33,23,17,32,52,29,58,58,68,68,68,68,68,68,68,68,68,64,34,54,54,68,68,68,68,68,68,68,0,0],"gold":29,"neow_bonus":"THREE_ENEMY_KILL","is_daily":false,"chose_seed":false,"campfire_upgraded":4,"win_rate":0.0,"timestamp":1608161151,"path_taken":["M","M","$","?","$","E","R","?","T","R","E","M","R","M","R","BOSS","M","M","?","$","?","R","M","M","T","E","R","E","M","$","R","BOSS","M","$","M","?","M","R","E","R","T","M","E","M","R","E","R","BOSS","BOSS","R","$","E","BOSS"],"items_purchased_type":["Card","Card","Card","Relic","Potion","Potion"],"build_version":"2020-12-13","purchased_purges":4,"victory":false,"max_hp_per_floor":[68,68,68,68,68,68,68,68,68,68,68,68,68,68,68,68,68,68,68,68,68,68,68,68,68,68,68,68,68,68,68,68,68,68,68,68,68,68,68,68,68,68,68,68,68,68,68,68,68,68,68,68,68,68,68,68,68],"card_choices":[{"not_picked":["FlurryOfBlows","CutThroughFate"],"picked":"Tantrum","floor":1.0},{"not_picked":["SashWhip","ClearTheMind","Consecrate"],"picked":"SKIP","floor":2.0},{"not_picked":["Halt","SashWhip"],"picked":"CrushJoints","floor":6.0},{"not_picked":["DevaForm","ClearTheMind","Study"],"picked":"SKIP","floor":11.0},{"not_picked":["Consecrate","Weave"],"picked":"Meditate","floor":12.0},{"not_picked":["ReachHeaven","DeceiveReality"],"picked":"WheelKick","floor":14.0},{"not_picked":["BowlingBash","Protect+1","Weave"],"picked":"SKIP","floor":18.0},{"not_picked":["Crescendo","WaveOfTheHand","Consecrate"],"picked":"SKIP","floor":19.0},{"not_picked":["EmptyBody","TalkToTheHand"],"picked":"MentalFortress","floor":22.0},{"not_picked":["Evaluate+1","ClearTheMind","Halt"],"picked":"SKIP","floor":24.0},{"not_picked":["EmptyFist","CrushJoints","WindmillStrike"],"picked":"SKIP","floor":25.0},{"not_picked":["BowlingBash","Crescendo","WaveOfTheHand"],"picked":"SKIP","floor":27.0},{"not_picked":["MasterReality","BowlingBash+1","Vengeance"],"picked":"SKIP","floor":29.0},{"not_picked":["Crescendo","JustLucky","FlurryOfBlows+1"],"picked":"SKIP","floor":30.0},{"not_picked":["Crescendo","JustLucky","FlurryOfBlows+1"],"picked":"SKIP","floor":30.0},{"not_picked":["ConjureBlade","Blasphemy"],"picked":"Scrawl","floor":33.0},{"not_picked":["FlurryOfBlows","Prostrate","JustLucky"],"picked":"SKIP","floor":35.0},{"not_picked":["Indignation","LikeWater","ThirdEye"],"picked":"SKIP","floor":37.0},{"not_picked":["FlurryOfBlows","Consecrate+1","FearNoEvil"],"picked":"SKIP","floor":39.0},{"not_picked":["MentalFortress+1","DeusExMachina","Wish"],"picked":"SKIP","floor":41.0},{"not_picked":["Wallop","Swivel","ClearTheMind"],"picked":"SKIP","floor":44.0},{"not_picked":["BowlingBash","SpiritShield","TalkToTheHand"],"picked":"SKIP","floor":45.0},{"not_picked":["Fasting2","Prostrate","WaveOfTheHand"],"picked":"SKIP","floor":46.0},{"not_picked":["LikeWater","EmptyMind","BowlingBash"],"picked":"SKIP","floor":48.0},{"not_picked":["WaveOfTheHand","ThirdEye","Establishment"],"picked":"SKIP","floor":55.0}],"player_experience":2757239,"relics_obtained":[{"floor":6.0,"key":"MealTicket"},{"floor":9.0,"key":"The Courier"},{"floor":11.0,"key":"Yang"},{"floor":26.0,"key":"InkBottle"},{"floor":29.0,"key":"Mercury Hourglass"},{"floor":41.0,"key":"Orichalcum"},{"floor":45.0,"key":"Damaru"},{"floor":48.0,"key":"Darkstone Periapt"},{"floor":55.0,"key":"Happy Flower"}],"event_choices":[{"cards_removed":["Defend_P"],"damage_healed":0.0,"max_hp_gain":0.0,"max_hp_loss":0.0,"gold_gain":0.0,"event_name":"Golden Wing","player_choice":"Card Removal","floor":4.0,"gold_loss":0.0,"damage_taken":7.0},{"damage_healed":0.0,"max_hp_gain":0.0,"max_hp_loss":0.0,"gold_gain":75.0,"event_name":"World of Goop","player_choice":"Gather Gold","floor":8.0,"gold_loss":0.0,"damage_taken":11.0},{"cards_removed":["Strike_P"],"damage_healed":0.0,"max_hp_gain":0.0,"max_hp_loss":0.0,"gold_gain":0.0,"event_name":"Purifier","player_choice":"Purged","floor":20.0,"gold_loss":0.0,"damage_taken":0.0},{"cards_removed":["Eruption"],"damage_healed":0.0,"max_hp_gain":0.0,"max_hp_loss":0.0,"gold_gain":0.0,"event_name":"Designer","player_choice":"Single Remove","floor":38.0,"gold_loss":75.0,"damage_taken":0.0}],"is_beta":false,"boss_relics":[{"not_picked":["Velvet Choker","Calling Bell"],"picked":"Astrolabe"},{"not_picked":["Philosopher\u0027s Stone","Snecko Eye"],"picked":"Fusion Hammer"}],"items_purged_floors":[21,31,36,54],"is_endless":false,"potions_floor_spawned":[14,16,18,22,27,29,35,39,45,55],"killed_by":"The Heart","ascension_level":20}}