{"host":"ya062ahhhuj9au1o","time":1608077533,"event":{"mods":["BaseMod","Better Third Choice","Filter the Spire","Hermit","Minty Spire (QoL Compilation)","Random Character Button","Robot Space Explorer","Somnambulant","StSLib","The Bug Knight","The Cursed","The Servant 0.9.4"],"gold_per_floor":[16,16,16,16,31,31,31,31,31,31,47,58,58,58,58,157,157,167,167,186,186,201,201,201,214,214,214,240,255,255,272,272,376,376,396,410,410,421,441,491,491,491,491,516,535,535,535],"floor_reached":46,"playtime":3337,"items_purged":[],"score":669,"play_id":"4ab44602-a92c-4172-9a49-09701f8dfaf3","local_time":"20201215191213","is_ascension_mode":true,"campfire_choices":[{"data":"somnambulantmod: QuickNap","floor":6,"key":"SMITH"},{"data":"somnambulantmod: PrimingPunch","floor":8,"key":"SMITH"},{"data":"somnambulantmod: Stumble","floor":10,"key":"SMITH"},{"data":"somnambulantmod: ImpenetrableMind","floor":13,"key":"SMITH"},{"data":"somnambulantmod: Bruise","floor":15,"key":"SMITH"},{"data":"somnambulantmod: Harden","floor":23,"key":"SMITH"},{"data":"somnambulantmod: Withdraw","floor":27,"key":"SMITH"},{"data":"somnambulantmod: Harden","floor":30,"key":"SMITH"},{"data":"somnambulantmod: LayeredDefense","floor":32,"key":"SMITH"},{"data":"somnambulantmod: Remember","floor":41,"key":"SMITH"}],"circlet_count":0,"master_deck":["somnambulantmod: SomnambulantStrike","somnambulantmod: SomnambulantStrike","somnambulantmod: SomnambulantStrike","somnambulantmod: SomnambulantStrike","somnambulantmod: Defend_Somnambulant","somnambulantmod: Defend_Somnambulant","somnambulantmod: QuickNap+1","somnambulantmod: PrimingPunch+1","somnambulantmod: LayeredDefense+1","somnambulantmod: AllForNothing","somnambulantmod: Stumble+1","somnambulantmod: Remember+1","somnambulantmod: Bruise+1","somnambulantmod: ImpenetrableMind+1","somnambulantmod: Withdraw+1","Decay","somnambulantmod: Harden+1","somnambulantmod: HorrificThought","somnambulantmod: HappyThoughts+1","somnambulantmod: Harden+1","somnambulantmod: LightSleeper+1","CurseOfTheBell","somnambulantmod: HeadSmack+1","Dark Shackles","somnambulantmod: DarkeningMind+1","somnambulantmod: Blink+1","somnambulantmod: HorrificThought","somnambulantmod: ImpenetrableMind+1"],"relics":["somnambulantmod: DreamJournal","StrikeDummy","somnambulantmod: SleepingPills","Sozu","Kunai","Blue Candle","Vajra","Calling Bell","Centennial Puzzle","Darkstone Periapt","Torii","Mango","Mercury Hourglass","Bottled Flame","CeramicFish"],"acts_visited":["Exordium","TheCity","TheBeyond"],"potions_floor_usage":[40,40],"damage_taken":[{"damage":8.0,"enemies":"2 Louse","floor":1.0,"turns":3.0},{"damage":2,"enemies":"Jaw Worm","floor":5,"turns":4},{"damage":4,"enemies":"Small Slimes","floor":11,"turns":3},{"damage":4,"enemies":"Looter","floor":12,"turns":3},{"damage":30,"enemies":"Slime Boss","floor":16,"turns":10},{"damage":8,"enemies":"Chosen","floor":18,"turns":3},{"damage":0,"enemies":"Shell Parasite","floor":20,"turns":6},{"damage":0,"enemies":"3 Cultists","floor":22,"turns":5},{"damage":0,"enemies":"Centurion and Healer","floor":25,"turns":7},{"damage":0,"enemies":"Cultist and Chosen","floor":29,"turns":9},{"damage":2,"enemies":"3 Cultists","floor":31,"turns":6},{"damage":0,"enemies":"Collector","floor":33,"turns":8},{"damage":0,"enemies":"Orb Walker","floor":35,"turns":4},{"damage":1,"enemies":"3 Darklings","floor":36,"turns":6},{"damage":15,"enemies":"Spire Growth","floor":38,"turns":5},{"damage":49,"enemies":"Jaw Worm Horde","floor":39,"turns":6},{"damage":0,"enemies":"Mind Bloom Boss Battle","floor":40,"turns":8},{"damage":9,"enemies":"4 Shapes","floor":45,"turns":9},{"damage":34,"enemies":"Transient","floor":46,"turns":3}],"seed_played":"5628024051496252363","potions_obtained":[{"floor":11,"key":"Regen Potion"},{"floor":16,"key":"BlessingOfTheForge"}],"is_trial":false,"path_per_floor":["M","?","?","?","M","R","T","R","T","R","M","M","R","$","R","B",null,"M","?","M","?","M","R","?","M","T","R","T","M","R","M","R","B",null,"M","M","?","M","M","?","R","T","T","T","M","M"],"character_chosen":"THE_SOMNAMBULANT","items_purchased":[],"campfire_rested":0,"item_purchase_floors":[],"current_hp_per_floor":[55,55,48,53,51,51,51,51,51,51,47,43,43,43,43,13,60,52,52,52,52,52,52,52,52,52,52,52,52,52,50,50,50,69,69,68,68,53,4,33,33,33,33,33,24,0,0],"gold":535,"neow_bonus":"TRANSFORM_TWO_CARDS","is_daily":false,"chose_seed":false,"campfire_upgraded":10,"win_rate":0.0,"timestamp":1608077533,"path_taken":["M","?","?","?","M","R","?","R","T","R","M","M","R","$","R","BOSS","M","?","?","?","M","R","?","M","T","R","?","?","R","M","R","BOSS","M","M","?","M","M","?","R","?","T","?","M","M"],"items_purchased_type":[],"build_version":"2020-12-13","purchased_purges":0,"victory":false,"max_hp_per_floor":[70,70,70,75,75,75,75,75,75,75,75,75,75,75,75,75,75,75,75,75,75,75,75,75,75,75,75,75,75,75,75,75,75,75,75,75,75,75,75,89,89,89,89,89,89,89,89],"card_choices":[{"not_picked":["somnambulantmod: ShowerThought","somnambulantmod: TrepanningBlow"],"picked":"somnambulantmod: Stumble","floor":1.0},{"not_picked":["somnambulantmod: Bruise","somnambulantmod: Unmake"],"picked":"somnambulantmod: Remember","floor":5},{"not_picked":["somnambulantmod: Unmake","somnambulantmod: Ignorance"],"picked":"somnambulantmod: Bruise","floor":11},{"not_picked":["somnambulantmod: Harden","somnambulantmod: Bruise"],"picked":"somnambulantmod: ImpenetrableMind","floor":12},{"not_picked":["somnambulantmod: NewDawn","somnambulantmod: Amnausea"],"picked":"somnambulantmod: Withdraw","floor":16},{"not_picked":["somnambulantmod: MuscleMemory+1","somnambulantmod: Pinch","somnambulantmod: Unmake+1"],"picked":"SKIP","floor":18},{"not_picked":["somnambulantmod: Bloom","somnambulantmod: Trauma","somnambulantmod: Reject"],"picked":"SKIP","floor":20},{"not_picked":["somnambulantmod: RacingThoughts","somnambulantmod: Unmake"],"picked":"somnambulantmod: Harden","floor":22},{"not_picked":["somnambulantmod: HeadSmack","somnambulantmod: Withdraw"],"picked":"somnambulantmod: HappyThoughts+1","floor":25},{"not_picked":["somnambulantmod: SnuggleUp","somnambulantmod: HappyThoughts+1"],"picked":"somnambulantmod: Harden","floor":29},{"not_picked":["somnambulantmod: HorrificThought","somnambulantmod: Unmake+1"],"picked":"somnambulantmod: LightSleeper+1","floor":31},{"not_picked":["somnambulantmod: PourItOut","somnambulantmod: LightSleeper+1","somnambulantmod: BrainFeeder"],"picked":"SKIP","floor":35},{"not_picked":["somnambulantmod: MuscleMemory+1","somnambulantmod: Unknow+1"],"picked":"somnambulantmod: HeadSmack+1","floor":36},{"not_picked":["Dramatic Entrance","PanicButton"],"picked":"Dark Shackles","floor":37},{"not_picked":["somnambulantmod: HorrificThought","somnambulantmod: Trauma"],"picked":"somnambulantmod: DarkeningMind+1","floor":38},{"not_picked":["somnambulantmod: PillowFort","somnambulantmod: RecurringDream+1"],"picked":"somnambulantmod: Blink+1","floor":39},{"not_picked":["somnambulantmod: Trauma","somnambulantmod: Repression+1"],"picked":"somnambulantmod: HorrificThought","floor":40},{"not_picked":["somnambulantmod: MindWave+1","somnambulantmod: Bruise"],"picked":"somnambulantmod: ImpenetrableMind+1","floor":45}],"player_experience":1627534,"relics_obtained":[{"floor":7,"key":"StrikeDummy"},{"floor":9,"key":"somnambulantmod: SleepingPills"},{"floor":26,"key":"Blue Candle"},{"floor":28,"key":"Vajra"},{"floor":34,"key":"Centennial Puzzle"},{"floor":34,"key":"Darkstone Periapt"},{"floor":34,"key":"Torii"},{"floor":40,"key":"Mango"},{"floor":42,"key":"Mercury Hourglass"},{"floor":43,"key":"Bottled Flame"},{"floor":44,"key":"CeramicFish"}],"event_choices":[{"cards_removed":["somnambulantmod: Defend_Somnambulant"],"damage_healed":0,"gold_gain":0,"player_choice":"Forget","damage_taken":0,"max_hp_gain":0,"max_hp_loss":0,"event_name":"Living Wall","floor":2,"gold_loss":0},{"cards_removed":["somnambulantmod: Defend_Somnambulant"],"damage_healed":0,"gold_gain":0,"player_choice":"Card Removal","damage_taken":7,"max_hp_gain":0,"max_hp_loss":0,"event_name":"Golden Wing","floor":3,"gold_loss":0},{"damage_healed":0,"gold_gain":0,"player_choice":"Donut","damage_taken":0,"max_hp_gain":5,"max_hp_loss":0,"event_name":"Big Fish","floor":4,"gold_loss":0},{"damage_healed":0,"gold_gain":0,"player_choice":"Cursed","damage_taken":0,"max_hp_gain":0,"max_hp_loss":0,"event_name":"Wheel of Change","floor":19,"gold_loss":0,"cards_obtained":["Decay"]},{"damage_healed":0,"gold_gain":0,"player_choice":"Opened","damage_taken":0,"relics_obtained":["Kunai"],"max_hp_gain":0,"max_hp_loss":0,"event_name":"The Mausoleum","floor":21,"gold_loss":0},{"damage_healed":0,"gold_gain":0,"player_choice":"Read","damage_taken":0,"max_hp_gain":0,"max_hp_loss":0,"event_name":"The Library","floor":24,"gold_loss":0,"cards_obtained":["somnambulantmod: HorrificThought"]},{"damage_healed":0,"gold_gain":0,"player_choice":"Memory 1","damage_taken":0,"max_hp_gain":0,"max_hp_loss":0,"event_name":"SensoryStone","floor":37,"gold_loss":0},{"damage_healed":0,"gold_gain":0,"player_choice":"Fight","damage_taken":0,"max_hp_gain":0,"max_hp_loss":0,"event_name":"MindBloom","floor":40,"gold_loss":0}],"is_beta":false,"boss_relics":[{"not_picked":["Pandora\u0027s Box","Fusion Hammer"],"picked":"Sozu"},{"not_picked":["SacredBark","Snecko Eye"],"picked":"Calling Bell"}],"items_purged_floors":[],"is_endless":false,"potions_floor_spawned":[11,16,20,22,25,29,31,35,38,40,45],"killed_by":"Transient","ascension_level":8}}