{"host":"l4kdldlios54gl54","time":1608100318,"event":{"mods":["AchievementEnabler","BaseMod","Colored Map","Colored Powertips","Minty Spire (QoL Compilation)","Random Character Button"],"gold_per_floor":[112,112,129,139,156,156,156,156,156,174,174,187,187,35,35,133,133,148,172,193,193,65,65,65],"floor_reached":23,"playtime":966,"items_purged":["Strike_G","Writhe"],"score":357,"play_id":"f012622b-d341-41b3-9b72-324ea0b157aa","local_time":"20201216073158","is_ascension_mode":true,"campfire_choices":[{"data":"Blade Dance","floor":6,"key":"SMITH"},{"floor":8,"key":"REST"},{"data":"Infinite Blades","floor":15,"key":"SMITH"}],"circlet_count":0,"master_deck":["AscendersBane","Strike_G","Strike_G","Strike_G","Strike_G","Defend_G","Defend_G","Defend_G","Defend_G","Defend_G","Survivor","Neutralize","Blade Dance+1","Sucker Punch","Deflect","Leg Sweep+1","Infinite Blades+1","Corpse Explosion","Dodge and Roll+1","Dash"],"relics":["Ring of the Snake","Bag of Marbles","Gremlin Horn","Golden Idol","Question Card","Coffee Dripper","Smiling Mask"],"acts_visited":["Exordium","TheCity"],"potions_floor_usage":[10,18,19,23],"damage_taken":[{"damage":7,"enemies":"Small Slimes","floor":1,"turns":5},{"damage":4,"enemies":"Jaw Worm","floor":3,"turns":3},{"damage":0,"enemies":"2 Louse","floor":4,"turns":2},{"damage":27,"enemies":"Exordium Thugs","floor":5,"turns":8},{"damage":0,"enemies":"3 Louse","floor":10,"turns":3},{"damage":1,"enemies":"Blue Slaver","floor":12,"turns":3},{"damage":36,"enemies":"The Guardian","floor":16,"turns":21},{"damage":20,"enemies":"Chosen","floor":18,"turns":6},{"damage":3,"enemies":"Shell Parasite","floor":19,"turns":8},{"damage":15,"enemies":"Cultist and Chosen","floor":20,"turns":7},{"damage":12,"enemies":"Snake Plant","floor":23,"turns":4}],"seed_played":"-5817603744364760600","potions_obtained":[{"floor":5,"key":"GhostInAJar"},{"floor":16,"key":"Swift Potion"},{"floor":18,"key":"GamblersBrew"}],"is_trial":false,"path_per_floor":["M","?","M","M","M","R","?","R","T","M","?","M","?","$","R","B",null,"M","M","M","?","$","M"],"character_chosen":"THE_SILENT","items_purchased":["Infinite Blades","LiquidMemories"],"campfire_rested":1,"item_purchase_floors":[14,22],"current_hp_per_floor":[52,47,43,43,16,16,16,34,34,34,54,53,53,53,53,17,49,29,26,11,11,11,0,0],"gold":65,"neow_bonus":"RANDOM_COMMON_RELIC","is_daily":false,"chose_seed":false,"campfire_upgraded":2,"win_rate":0.0,"timestamp":1608100318,"path_taken":["M","?","M","M","M","R","?","R","T","M","?","M","?","$","R","BOSS","M","M","M","?","$","M"],"items_purchased_type":["Card","Potion"],"build_version":"2020-12-13","purchased_purges":2,"victory":false,"max_hp_per_floor":[66,66,66,66,66,66,60,60,60,60,60,60,60,60,60,60,60,60,60,60,60,60,60,60],"card_choices":[{"not_picked":["Bane","Dagger Throw"],"picked":"Blade Dance","floor":1},{"not_picked":["Concentrate","Heel Hook"],"picked":"Sucker Punch","floor":3},{"not_picked":["Masterful Stab","Terror","Bouncing Flask"],"picked":"SKIP","floor":4},{"not_picked":["Bane","Masterful Stab","Acrobatics"],"picked":"SKIP","floor":5},{"not_picked":["Flying Knee","Dagger Spray","Night Terror"],"picked":"Deflect","floor":10},{"not_picked":["Dagger Spray","Deflect","Slice"],"picked":"Leg Sweep","floor":12},{"not_picked":["Phantasmal Killer","Wraith Form v2","Die Die Die"],"picked":"Corpse Explosion","floor":16},{"not_picked":["Caltrops","Setup","Bane","Deadly Poison"],"picked":"SKIP","floor":18},{"not_picked":["Masterful Stab","Flying Knee","Concentrate"],"picked":"Dodge and Roll+1","floor":19},{"not_picked":["Flying Knee","Catalyst","Slice"],"picked":"Dash","floor":20}],"player_experience":831675,"relics_obtained":[{"floor":9,"key":"Question Card"}],"event_choices":[{"damage_healed":0,"gold_gain":0,"player_choice":"Success","damage_taken":5,"relics_obtained":["Gremlin Horn"],"max_hp_gain":0,"max_hp_loss":0,"event_name":"Scrap Ooze","floor":2,"gold_loss":0},{"damage_healed":0,"gold_gain":0,"player_choice":"Lose Max HP","damage_taken":0,"relics_obtained":["Golden Idol"],"max_hp_gain":0,"max_hp_loss":6,"event_name":"Golden Idol","floor":7,"gold_loss":0},{"damage_healed":20,"gold_gain":0,"player_choice":"Banana","damage_taken":0,"max_hp_gain":0,"max_hp_loss":0,"event_name":"Big Fish","floor":11,"gold_loss":0},{"damage_healed":0,"gold_gain":0,"player_choice":"Upgraded","damage_taken":0,"max_hp_gain":0,"max_hp_loss":0,"event_name":"Upgrade Shrine","floor":13,"gold_loss":0,"cards_upgraded":["Leg Sweep"]},{"damage_healed":0,"gold_gain":0,"player_choice":"Opened","damage_taken":0,"relics_obtained":["Smiling Mask"],"max_hp_gain":0,"max_hp_loss":0,"event_name":"The Mausoleum","floor":21,"gold_loss":0,"cards_obtained":["Writhe"]}],"is_beta":false,"boss_relics":[{"not_picked":["Pandora\u0027s Box","Snecko Eye"],"picked":"Coffee Dripper"}],"items_purged_floors":[14,22],"is_endless":false,"potions_floor_spawned":[5,16,18],"killed_by":"Snake Plant","ascension_level":19}}