{"host":"ufl0k2so27eic2iy","time":1608147467,"event":{"mods":["BaseMod","Minty Spire (QoL Compilation)","StSLib","The Animator"],"gold_per_floor":[113,163,181,206,56,84,84,94,94,94,124,154,134,148,148,226,226,261,298,171,171,171,219,229,229,229,229,229,229],"floor_reached":28,"playtime":1265,"items_purged":["animator:Sloth"],"score":431,"play_id":"a9ad0c70-80ad-465a-b3b6-8dce208dcf09","local_time":"20201216193747","is_ascension_mode":true,"campfire_choices":[{"data":"animator:Souei","floor":7,"key":"SMITH"},{"floor":10,"key":"REST"},{"data":"animator:Shichika","floor":15,"key":"SMITH"},{"data":"animator:LuciaKonohana","floor":25,"key":"SMITH"},{"floor":27,"key":"REST"}],"circlet_count":0,"master_deck":["AscendersBane","animator:YoshinoHaruhiko","animator:ShizuruNakatsu","animator:ZankiKiguchi","animator:Souei+1","animator:ChihayaOhtori","animator:SougenEsaka","animator:Hakurou","animator:Sonic","animator:Shichika+1","animator:Rimuru","animator:GuildGirl","animator:Kagari","animator:Hakurou","animator:Togame","animator:SilverFang","animator:KrulTepes","animator:LuciaKonohana+1","animator:WinryRockbell+1","animator:Spearman","Decay"],"relics":["animator:LivingPicture","animator:TheMissingPiece","animator:ShionDessert","Unceasing Top","Singing Bowl","InkBottle","Pandora\u0027s Box","MutagenicStrength","Letter Opener","Bag of Preparation"],"acts_visited":["Exordium","TheCity"],"potions_floor_usage":[8,14,19,23,23],"damage_taken":[{"damage":4.0,"enemies":"2 Louse","floor":1.0,"turns":5.0},{"damage":0.0,"enemies":"Cultist","floor":3.0,"turns":2.0},{"damage":10.0,"enemies":"Small Slimes","floor":4.0,"turns":4.0},{"damage":23.0,"enemies":"Gremlin Nob","floor":6.0,"turns":4.0},{"damage":3,"enemies":"Red Slaver","floor":8,"turns":4},{"damage":24,"enemies":"3 Sentries","floor":12,"turns":8},{"damage":0,"enemies":"Looter","floor":14,"turns":3},{"damage":6,"enemies":"The Guardian","floor":16,"turns":9},{"damage":7,"enemies":"3 Byrds","floor":18,"turns":5},{"damage":24,"enemies":"2 Thieves","floor":19,"turns":4},{"damage":5,"enemies":"animator:HornedBat","floor":23,"turns":5},{"damage":16,"enemies":"Chosen and Byrds","floor":24,"turns":6},{"damage":30,"enemies":"Book of Stabbing","floor":28,"turns":3}],"seed_played":"-8688041108811255267","potions_obtained":[{"floor":6,"key":"SkillPotion"},{"floor":13,"key":"Regen Potion"},{"floor":14,"key":"Energy Potion"},{"floor":16,"key":"PowerPotion"},{"floor":19,"key":"animator:FalseLifePotion"}],"is_trial":false,"path_per_floor":["M","?","M","M","$","E","R","M","T","R","?","E","?","M","R","B",null,"M","M","$","?","?","E","M","R","T","R","E"],"character_chosen":"THE_ANIMATOR","items_purchased":["animator:ShionDessert","animator:Spearman"],"campfire_rested":2,"item_purchase_floors":[5,20],"current_hp_per_floor":[56,56,56,46,46,24,24,21,21,41,41,17,17,29,29,23,56,49,25,25,25,25,22,8,8,8,29,0,0],"gold":229,"neow_bonus":"TEN_PERCENT_HP_BONUS","is_daily":false,"chose_seed":true,"campfire_upgraded":3,"win_rate":0.0,"timestamp":1608147467,"path_taken":["M","?","?","M","$","E","R","M","T","R","?","E","?","?","R","BOSS","M","M","$","?","?","E","M","R","T","R","E"],"items_purchased_type":["Relic","Card"],"build_version":"2020-12-13","purchased_purges":1,"victory":false,"max_hp_per_floor":[66,66,66,66,66,67,67,67,67,67,67,67,67,67,67,67,67,67,67,67,67,67,69,71,71,71,71,71,71],"card_choices":[{"not_picked":["animator:Tatsumaki","animator:TsurugaMeisai"],"picked":"animator:ZankiKiguchi","floor":1.0},{"not_picked":["animator:ShizuruNakatsu","animator:UneriGinkaku"],"picked":"animator:Souei","floor":3.0},{"not_picked":["animator:Shuna","animator:Souei"],"picked":"animator:ChihayaOhtori","floor":4.0},{"not_picked":["animator:ChihayaOhtori","animator:YoshinoHaruhiko"],"picked":"animator:SougenEsaka","floor":6},{"not_picked":["animator:MumenRider","animator:Shion"],"picked":"animator:Hakurou","floor":8},{"not_picked":["animator:Mikaela","animator:SwordMaiden"],"picked":"animator:Sonic","floor":12},{"not_picked":["animator:ZankiKiguchi","animator:Nanami"],"picked":"animator:Shichika","floor":14},{"not_picked":["animator:Father","animator:GoblinSlayer"],"picked":"animator:Rimuru","floor":16},{"not_picked":["animator:Chibimoth","animator:Shimako"],"picked":"animator:LuciaKonohana","floor":18},{"not_picked":["animator:Azekura","animator:Shuna"],"picked":"animator:WinryRockbell+1","floor":19},{"not_picked":["animator:Mitsuba","animator:Genos","animator:SilverFang+1"],"picked":"Singing Bowl","floor":23},{"not_picked":["animator:MaesHughes","animator:LizardPriest","animator:Yoichi"],"picked":"Singing Bowl","floor":24}],"player_experience":2306102,"relics_obtained":[{"floor":6,"key":"Unceasing Top"},{"floor":9,"key":"Singing Bowl"},{"floor":12,"key":"InkBottle"},{"floor":23,"key":"Letter Opener"},{"floor":26,"key":"Bag of Preparation"}],"event_choices":[{"damage_healed":0.0,"max_hp_gain":0.0,"max_hp_loss":0.0,"gold_gain":50.0,"event_name":"Golden Shrine","player_choice":"Pray","floor":2.0,"gold_loss":0.0,"damage_taken":0.0},{"damage_healed":0,"gold_gain":0,"player_choice":"Bought 1 Potion","damage_taken":0,"max_hp_gain":0,"max_hp_loss":0,"event_name":"The Woman in Blue","floor":13,"gold_loss":0},{"damage_healed":0,"gold_gain":0,"player_choice":"Smashed Altar","damage_taken":0,"max_hp_gain":0,"max_hp_loss":0,"event_name":"Forgotten Altar","floor":21,"gold_loss":0,"cards_obtained":["Decay"]},{"damage_healed":0,"gold_gain":0,"player_choice":"Inject Mutagens","damage_taken":0,"relics_obtained":["MutagenicStrength"],"max_hp_gain":0,"max_hp_loss":0,"event_name":"Drug Dealer","floor":22,"gold_loss":0}],"is_beta":false,"boss_relics":[{"not_picked":["Calling Bell","Coffee Dripper"],"picked":"Pandora\u0027s Box"}],"items_purged_floors":[20],"is_endless":false,"potions_floor_spawned":[6,14,16,18,19],"killed_by":"Book of Stabbing","ascension_level":15}}