{"host":"pqs17sqrgflf4eqa","time":1608087022,"event":{"mods":["AchievementEnabler","BaseMod","Bestiary","Better Altar","Colored Map","Colored Powertips","Emptier Cage","Googly Eyes","Highlight Path","Minty Spire (QoL Compilation)","Quick Restart","StSLib","SuperFastMode","Transform Curses","slay the spire mod where everything is the same but ironclad has a cowboy hat"],"gold_per_floor":[118,293,293,71,85,112,124,124,170,205,53,85,102,133,133,133,133],"floor_reached":16,"playtime":317,"items_purged":[],"score":244,"play_id":"1e6f604f-eaea-4fc0-94ab-9eb6fb636042","local_time":"20201215215022","is_ascension_mode":true,"campfire_choices":[{"data":"Eruption","floor":8.0,"key":"SMITH"},{"floor":15,"key":"REST"}],"circlet_count":0,"master_deck":["Strike_P","Strike_P","Strike_P","Strike_P","Defend_P","Defend_P","Defend_P","Defend_P+1","Eruption+1","Vigilance","Consecrate","LessonLearned+1","EmptyMind","Crescendo","FollowUp","FollowUp","Tantrum","ClearTheMind","CutThroughFate","BowlingBash","Worship","ReachHeaven"],"relics":["PureWater","NeowsBlessing","Anchor","Bag of Marbles","Damaru","Happy Flower","Bottled Flame"],"acts_visited":["Exordium"],"potions_floor_usage":[13,16,16],"damage_taken":[{"damage":0.0,"enemies":"Jaw Worm","floor":1.0,"turns":1.0},{"damage":0.0,"enemies":"Cultist","floor":5.0,"turns":1.0},{"damage":0.0,"enemies":"3 Sentries","floor":6.0,"turns":2.0},{"damage":0.0,"enemies":"2 Louse","floor":7.0,"turns":1.0},{"damage":18,"enemies":"Gremlin Nob","floor":10,"turns":3},{"damage":17,"enemies":"3 Sentries","floor":12,"turns":6},{"damage":0,"enemies":"Blue Slaver","floor":13,"turns":1},{"damage":30,"enemies":"Lagavulin","floor":14,"turns":6}],"seed_played":"-6041107130688411500","potions_obtained":[{"floor":7.0,"key":"SmokeBomb"},{"floor":12,"key":"ColorlessPotion"},{"floor":13,"key":"Strength Potion"},{"floor":14,"key":"SteroidPotion"}],"is_trial":false,"path_per_floor":["M","?","?","$","M","E","M","R","T","E","$","E","M","E","R","B"],"character_chosen":"WATCHER","items_purchased":["LessonLearned","EmptyMind","ClearTheMind","CutThroughFate","Strength Potion"],"campfire_rested":1,"item_purchase_floors":[4,4,11,11,11],"current_hp_per_floor":[72,72,72,72,72,72,72,72,72,54,54,37,37,7,28,0,0],"gold":133,"neow_bonus":"THREE_ENEMY_KILL","is_daily":false,"chose_seed":false,"campfire_upgraded":1,"win_rate":0.0,"timestamp":1608087022,"path_taken":["M","?","?","$","M","E","?","R","T","E","$","E","M","E","R","BOSS"],"items_purchased_type":["Card","Card","Card","Card","Potion"],"build_version":"2020-12-13","purchased_purges":0,"victory":false,"max_hp_per_floor":[72,72,72,72,72,72,72,72,72,72,72,72,72,72,72,72,72],"card_choices":[{"not_picked":["EmptyFist","EmptyBody"],"picked":"Consecrate","floor":1.0},{"not_picked":["PathToVictory","SashWhip"],"picked":"Crescendo","floor":5.0},{"not_picked":["ConjureBlade","Meditate"],"picked":"FollowUp","floor":6.0},{"not_picked":["BowlingBash","Wallop"],"picked":"FollowUp","floor":7.0},{"not_picked":["SpiritShield","Omniscience"],"picked":"Tantrum","floor":10},{"not_picked":["FlurryOfBlows","Crescendo"],"picked":"BowlingBash","floor":12},{"not_picked":["PathToVictory","EmptyFist"],"picked":"Worship","floor":13},{"not_picked":["Vault","WreathOfFlame"],"picked":"ReachHeaven","floor":14}],"player_experience":140432,"relics_obtained":[{"floor":6.0,"key":"Anchor"},{"floor":9.0,"key":"Bag of Marbles"},{"floor":10,"key":"Damaru"},{"floor":12,"key":"Happy Flower"},{"floor":14,"key":"Bottled Flame"}],"event_choices":[{"damage_healed":0.0,"max_hp_gain":0.0,"max_hp_loss":0.0,"gold_gain":175.0,"event_name":"Liars Game","player_choice":"AGREE","floor":2.0,"gold_loss":0.0,"damage_taken":0.0,"cards_obtained":["Doubt"]},{"cards_removed":["Doubt"],"damage_healed":0.0,"max_hp_gain":0.0,"max_hp_loss":0.0,"gold_gain":0.0,"event_name":"Purifier","player_choice":"Purged","floor":3.0,"gold_loss":0.0,"damage_taken":0.0}],"is_beta":false,"boss_relics":[],"items_purged_floors":[],"is_endless":false,"potions_floor_spawned":[7,12,13,14],"killed_by":"The Guardian","ascension_level":4}}