{"host":"egyxg9lnjq7g2hmw","time":1608078430,"event":{"mods":["AchievementEnabler","BaseMod","Block Reminder","Colored Map","Colored Powertips","Highlight Path","Minty Spire (QoL Compilation)","Rare Cards Sparkle","StSLib"],"gold_per_floor":[114,39,59,29,43,43,72,72,96,114,114,131,160,160,160,236,236,201,218,110,122,172,172,172,172],"floor_reached":24,"playtime":1215,"items_purged":[],"score":371,"play_id":"c0b047c8-333a-4c21-afe0-66a9bbe632a4","local_time":"20201215162710","is_ascension_mode":true,"campfire_choices":[{"data":"Poisoned Stab","floor":6.0,"key":"SMITH"},{"data":"Outmaneuver","floor":8.0,"key":"SMITH"},{"floor":15.0,"key":"REST"},{"floor":23,"key":"REST"}],"circlet_count":0,"master_deck":["AscendersBane","Strike_G+1","Strike_G","Strike_G","Defend_G","Defend_G","Defend_G","Defend_G","Defend_G","Survivor","Neutralize","Poisoned Stab+1","Outmaneuver+1","Dagger Throw+1","Doppelganger","Setup","Noxious Fumes","Flechettes","Underhanded Strike","Leg Sweep","Escape Plan"],"relics":["Ring of the Snake","Whetstone","Art of War","Potion Belt","GremlinMask","HoveringKite","Tiny Chest"],"acts_visited":["Exordium","TheCity"],"potions_floor_usage":[16,18,24],"damage_taken":[{"damage":0.0,"enemies":"Cultist","floor":1.0,"turns":4.0},{"damage":0.0,"enemies":"2 Louse","floor":3.0,"turns":5.0},{"damage":4.0,"enemies":"Jaw Worm","floor":5.0,"turns":4.0},{"damage":26.0,"enemies":"3 Sentries","floor":7.0,"turns":11.0},{"damage":5.0,"enemies":"Red Slaver","floor":10.0,"turns":5.0},{"damage":3.0,"enemies":"Looter","floor":12.0,"turns":4.0},{"damage":21.0,"enemies":"Lagavulin","floor":13.0,"turns":8.0},{"damage":26,"enemies":"Hexaghost","floor":16,"turns":11},{"damage":12,"enemies":"2 Thieves","floor":18,"turns":5},{"damage":25,"enemies":"Chosen","floor":19,"turns":5},{"damage":11,"enemies":"Centurion and Healer","floor":21,"turns":9},{"damage":34,"enemies":"Slavers","floor":24,"turns":3}],"seed_played":"-1097475695712980201","potions_obtained":[{"floor":1.0,"key":"Dexterity Potion"},{"floor":4.0,"key":"GhostInAJar"},{"floor":7.0,"key":"ColorlessPotion"},{"floor":12.0,"key":"Dexterity Potion"},{"floor":13.0,"key":"SpeedPotion"},{"floor":21,"key":"DuplicationPotion"}],"is_trial":false,"path_per_floor":["M","?","M","?","M","R","E","R","T","M","?","M","E","?","R","B",null,"M","M","?","M","?","R","E"],"character_chosen":"THE_SILENT","items_purchased":[],"campfire_rested":2,"item_purchase_floors":[],"current_hp_per_floor":[65,65,65,65,61,61,35,35,35,30,30,27,6,6,27,1,54,42,17,17,6,6,27,0,0],"gold":172,"neow_bonus":"TEN_PERCENT_HP_BONUS","is_daily":false,"chose_seed":false,"campfire_upgraded":2,"win_rate":0.0,"timestamp":1608078430,"path_taken":["M","?","M","?","M","R","E","R","T","?","?","?","E","?","R","BOSS","M","M","?","?","?","R","E"],"items_purchased_type":[],"build_version":"2020-12-13","purchased_purges":0,"victory":false,"max_hp_per_floor":[72,72,72,72,72,72,72,72,72,72,72,72,72,72,72,72,72,72,72,72,72,72,72,72,72],"card_choices":[{"not_picked":["Riddle With Holes","Catalyst"],"picked":"Poisoned Stab","floor":1.0},{"not_picked":["Backflip","Escape Plan"],"picked":"Outmaneuver","floor":3.0},{"not_picked":["Prepared","Deflect"],"picked":"Dagger Throw","floor":5.0},{"not_picked":["Poisoned Stab","Endless Agony"],"picked":"Doppelganger","floor":7.0},{"not_picked":["Dagger Spray","Blade Dance"],"picked":"Setup","floor":10.0},{"not_picked":["Slice","Escape Plan"],"picked":"Flechettes","floor":12.0},{"not_picked":["Sucker Punch","Terror"],"picked":"Underhanded Strike","floor":13.0},{"not_picked":["Backflip","Acrobatics+1","Bane"],"picked":"SKIP","floor":18},{"not_picked":["Blade Dance","Outmaneuver"],"picked":"Leg Sweep","floor":19},{"not_picked":["Acrobatics","Quick Slash"],"picked":"Escape Plan","floor":21}],"player_experience":466605,"relics_obtained":[{"floor":7.0,"key":"Whetstone"},{"floor":9.0,"key":"Art of War"},{"floor":13.0,"key":"Potion Belt"}],"event_choices":[{"cards_removed":["Strike_G"],"damage_healed":0.0,"max_hp_gain":0.0,"max_hp_loss":0.0,"gold_gain":0.0,"event_name":"The Cleric","player_choice":"Card Removal","floor":2.0,"gold_loss":75.0,"damage_taken":0.0},{"damage_healed":0.0,"max_hp_gain":0.0,"max_hp_loss":0.0,"gold_gain":0.0,"event_name":"The Woman in Blue","player_choice":"Bought 2 Potions","floor":4.0,"gold_loss":0.0,"damage_taken":0.0},{"damage_healed":0.0,"max_hp_gain":0.0,"max_hp_loss":0.0,"gold_gain":0.0,"cards_transformed":["Strike_G"],"event_name":"Transmorgrifier","player_choice":"Transformed","floor":11.0,"gold_loss":0.0,"damage_taken":0.0,"cards_obtained":["Noxious Fumes"]},{"damage_healed":0.0,"max_hp_gain":0.0,"max_hp_loss":0.0,"gold_gain":0.0,"event_name":"FaceTrader","player_choice":"Trade","floor":14.0,"gold_loss":0.0,"damage_taken":0.0,"relics_obtained":["GremlinMask"]},{"damage_healed":0,"gold_gain":0,"player_choice":"Paid Gold","damage_taken":0,"relics_obtained":["Tiny Chest"],"max_hp_gain":0,"max_hp_loss":0,"event_name":"WeMeetAgain","floor":20,"gold_loss":108},{"damage_healed":0,"gold_gain":50,"player_choice":"Stole From Cult","damage_taken":0,"max_hp_gain":0,"max_hp_loss":0,"event_name":"Nest","floor":22,"gold_loss":0}],"is_beta":false,"boss_relics":[{"not_picked":["Astrolabe","Velvet Choker"],"picked":"HoveringKite"}],"items_purged_floors":[],"is_endless":false,"potions_floor_spawned":[1,7,12,13,21],"killed_by":"Slavers","ascension_level":16}}