{"host":"6bsan6hkua32tfq7","time":1608119485,"event":{"mods":["BaseMod","Better Third Choice","Colored Map","Highlight Path","Minty Spire (QoL Compilation)","StSLib"],"gold_per_floor":[118,118,118,134,150,150,166,178,178,178,193,210,210,226,226,305,305,316,330,205,220,9,24,24,24,73,87,87,106,138,153,153,153,153],"floor_reached":33,"playtime":1212,"items_purged":["Strike_P","Defend_P"],"score":530,"play_id":"1df0c8e4-5af6-4141-b90b-710cb9604e11","local_time":"20201216125125","is_ascension_mode":true,"campfire_choices":[{"floor":6,"key":"REST"},{"data":"Eruption","floor":10,"key":"SMITH"},{"floor":13,"key":"REST"},{"floor":15,"key":"REST"},{"data":"Vault","floor":25,"key":"SMITH"},{"floor":28,"key":"REST"},{"floor":32,"key":"REST"}],"circlet_count":0,"master_deck":["AscendersBane","Strike_P+1","Strike_P+1","Strike_P+1","Defend_P+1","Defend_P","Eruption+1","Vigilance","DevaForm+1","PathToVictory+1","FlurryOfBlows+1","LessonLearned+1","FearNoEvil","LikeWater+1","Protect+1","LikeWater","Vault+1","PathToVictory+1","Ghostly","Ghostly+1","Ghostly"],"relics":["PureWater","Boot","Singing Bowl","Busted Crown","Membership Card","PreservedInsect","Question Card"],"acts_visited":["Exordium","TheCity"],"potions_floor_usage":[7,8,16,21,23,33,33],"damage_taken":[{"damage":7,"enemies":"Jaw Worm","floor":1,"turns":5},{"damage":0,"enemies":"Cultist","floor":4,"turns":2},{"damage":0,"enemies":"2 Louse","floor":5,"turns":1},{"damage":6,"enemies":"Looter","floor":7,"turns":4},{"damage":0,"enemies":"Large Slime","floor":8,"turns":4},{"damage":9,"enemies":"2 Fungi Beasts","floor":11,"turns":2},{"damage":10,"enemies":"Red Slaver","floor":12,"turns":6},{"damage":13,"enemies":"Blue Slaver","floor":14,"turns":6},{"damage":25,"enemies":"The Guardian","floor":16,"turns":15},{"damage":2,"enemies":"3 Byrds","floor":18,"turns":6},{"damage":21,"enemies":"Shell Parasite","floor":19,"turns":7},{"damage":4,"enemies":"Snake Plant","floor":21,"turns":7},{"damage":0,"enemies":"Snecko","floor":23,"turns":8},{"damage":9,"enemies":"Centurion and Healer","floor":27,"turns":7},{"damage":6,"enemies":"Snake Plant","floor":29,"turns":8},{"damage":4,"enemies":"Slavers","floor":30,"turns":11},{"damage":18,"enemies":"Cultist and Chosen","floor":31,"turns":9},{"damage":40,"enemies":"Automaton","floor":33,"turns":7}],"seed_played":"523852459958644733","potions_obtained":[{"floor":1,"key":"Explosive Potion"},{"floor":7,"key":"DuplicationPotion"},{"floor":8,"key":"BottledMiracle"},{"floor":11,"key":"Strength Potion"},{"floor":12,"key":"Weak Potion"},{"floor":16,"key":"Weak Potion"},{"floor":21,"key":"CultistPotion"},{"floor":27,"key":"SkillPotion"}],"is_trial":false,"path_per_floor":["M","?","?","M","M","R","M","M","T","R","M","M","R","M","R","B",null,"M","M","$","M","$","M","?","R","T","M","R","M","E","M","R","B"],"character_chosen":"WATCHER","items_purchased":["PathToVictory","Membership Card"],"campfire_rested":5,"item_purchase_floors":[20,22],"current_hp_per_floor":[36,36,10,10,10,30,24,24,24,24,17,7,28,15,36,11,55,55,36,36,34,34,36,36,36,36,29,41,37,35,19,33,0,0],"gold":153,"neow_bonus":"THREE_RARE_CARDS","is_daily":false,"chose_seed":false,"campfire_upgraded":2,"win_rate":0.0,"timestamp":1608119485,"path_taken":["M","?","?","?","?","R","M","?","T","R","M","M","R","M","R","BOSS","M","M","$","M","$","M","?","R","T","M","R","M","E","M","R","BOSS"],"items_purchased_type":["Card","Relic"],"build_version":"2020-12-13","purchased_purges":2,"victory":false,"max_hp_per_floor":[68,68,68,68,68,68,68,68,68,68,70,70,70,70,70,70,70,72,74,74,76,76,78,39,39,39,41,41,43,45,47,47,47,47],"card_choices":[{"not_picked":["Omniscience","Ragnarok"],"picked":"DevaForm","floor":0},{"not_picked":["Worship","EmptyBody"],"picked":"PathToVictory","floor":1},{"not_picked":["Crescendo","CrushJoints"],"picked":"FlurryOfBlows","floor":4},{"not_picked":["BowlingBash","CutThroughFate"],"picked":"LessonLearned","floor":5},{"not_picked":["Wireheading","ThirdEye"],"picked":"FearNoEvil","floor":7},{"not_picked":["Indignation","BowlingBash"],"picked":"LikeWater","floor":8},{"not_picked":["Swivel","CutThroughFate","ClearTheMind"],"picked":"Singing Bowl","floor":11},{"not_picked":["Collect","ClearTheMind"],"picked":"Protect","floor":12},{"not_picked":["CutThroughFate","Evaluate"],"picked":"LikeWater","floor":14},{"not_picked":["Wish","Brilliance"],"picked":"Vault","floor":16},{"not_picked":["CarveReality"],"picked":"Singing Bowl","floor":18},{"not_picked":["Halt+1"],"picked":"Singing Bowl","floor":19},{"not_picked":["EmptyBody"],"picked":"Singing Bowl","floor":21},{"not_picked":["Collect"],"picked":"Singing Bowl","floor":23},{"not_picked":["Conclude"],"picked":"Singing Bowl","floor":27},{"not_picked":["Wireheading"],"picked":"Singing Bowl","floor":29},{"not_picked":["BowlingBash"],"picked":"Singing Bowl","floor":30},{"not_picked":["FlurryOfBlows","Wallop"],"picked":"Singing Bowl","floor":31}],"player_experience":5186796,"relics_obtained":[{"floor":9,"key":"Singing Bowl"},{"floor":26,"key":"PreservedInsect"},{"floor":30,"key":"Question Card"}],"event_choices":[{"cards_removed":["Defend_P"],"damage_healed":0,"gold_gain":0,"player_choice":"Forget","damage_taken":0,"max_hp_gain":0,"max_hp_loss":0,"event_name":"Living Wall","floor":2,"gold_loss":0},{"damage_healed":0,"gold_gain":0,"player_choice":"Relic ","damage_taken":26,"max_hp_gain":0,"max_hp_loss":0,"event_name":"betterThird:BetterScrap","floor":3,"gold_loss":0,"cards_obtained":["White Noise"]},{"damage_healed":0,"gold_gain":0,"player_choice":"Became a Ghost","damage_taken":0,"max_hp_gain":0,"max_hp_loss":39,"event_name":"Ghosts","floor":24,"gold_loss":0,"cards_obtained":["Ghostly","Ghostly","Ghostly"]}],"is_beta":false,"boss_relics":[{"not_picked":["VioletLotus","Calling Bell"],"picked":"Busted Crown"}],"items_purged_floors":[20,22],"is_endless":false,"potions_floor_spawned":[1,7,8,11,12,16,21,27,29,30],"killed_by":"Automaton","ascension_level":20}}