{"host":"Rich","time":1608148021,"event":{"mods":["AchievementEnabler","BaseMod","Highlight Path","Minty Spire (QoL Compilation)","Relic Stats"],"gold_per_floor":[111,36,36,36,48,48,83,96,143,143,174,188,188,188,188,188,188],"floor_reached":16,"playtime":272,"items_purged":["Strike_G"],"score":266,"play_id":"d6f33023-d150-4eea-948a-4203558cbb00","local_time":"20201216144701","is_ascension_mode":true,"campfire_choices":[{"data":"Catalyst","floor":6,"key":"SMITH"},{"data":"Bouncing Flask","floor":10,"key":"SMITH"},{"data":"Bouncing Flask","floor":13,"key":"SMITH"},{"floor":15,"key":"REST"}],"circlet_count":0,"master_deck":["AscendersBane","Strike_G","Strike_G","Defend_G","Defend_G","Defend_G","Defend_G","Defend_G","Survivor","Neutralize","Catalyst+1","Outmaneuver","Poisoned Stab","Bouncing Flask+1","PiercingWail","Bouncing Flask+1","Dagger Spray"],"relics":["Ring of the Snake","NeowsBlessing","Akabeko","Toy Ornithopter","Centennial Puzzle"],"acts_visited":["Exordium"],"potions_floor_usage":[11,16,16],"damage_taken":[{"damage":0,"enemies":"Jaw Worm","floor":1,"turns":1},{"damage":0,"enemies":"Small Slimes","floor":5,"turns":1},{"damage":0,"enemies":"Lagavulin","floor":7,"turns":1},{"damage":0,"enemies":"Cultist","floor":8,"turns":2},{"damage":40,"enemies":"Gremlin Nob","floor":11,"turns":4},{"damage":6,"enemies":"3 Louse","floor":12,"turns":2},{"damage":39,"enemies":"Slime Boss","floor":16,"turns":7}],"seed_played":"2551921829391845865","potions_obtained":[{"floor":1,"key":"PowerPotion"},{"floor":5,"key":"CunningPotion"},{"floor":14,"key":"PowerPotion"}],"is_trial":false,"path_per_floor":["M","$","?","?","M","R","E","M","T","R","E","M","R","?","R","B"],"character_chosen":"THE_SILENT","items_purchased":[],"campfire_rested":1,"item_purchase_floors":[],"current_hp_per_floor":[59,59,59,59,59,59,59,59,59,59,24,18,18,18,37,8,8],"gold":188,"neow_bonus":"THREE_ENEMY_KILL","is_daily":false,"chose_seed":false,"campfire_upgraded":3,"win_rate":0.0,"timestamp":1608148021,"path_taken":["M","$","?","?","M","R","E","?","T","R","E","M","R","?","R","BOSS"],"items_purchased_type":[],"build_version":"2020-12-07","purchased_purges":1,"victory":false,"max_hp_per_floor":[66,66,66,66,66,66,66,66,66,66,66,66,66,66,66,66,66],"relic_stats":{"Centennial Puzzle":[6],"counters":[7,18],"obtain_stats":[{"Centennial Puzzle":11,"NeowsBlessing":0,"Akabeko":7,"Toy Ornithopter":9,"Ring of the Snake":0},{"Centennial Puzzle":5,"NeowsBlessing":0,"Akabeko":3,"Toy Ornithopter":4,"Ring of the Snake":0},{"Centennial Puzzle":9,"NeowsBlessing":0,"Akabeko":3,"Toy Ornithopter":5,"Ring of the Snake":0}],"Toy Ornithopter":15,"Ring of the Snake":[14]},"card_choices":[{"not_picked":["Finisher","Outmaneuver"],"picked":"Catalyst","floor":1},{"not_picked":["Sucker Punch","Quick Slash"],"picked":"Poisoned Stab","floor":5},{"not_picked":["Quick Slash","Endless Agony"],"picked":"Bouncing Flask","floor":7},{"not_picked":["Terror","Outmaneuver"],"picked":"PiercingWail","floor":8},{"not_picked":["Deflect","Catalyst"],"picked":"Bouncing Flask","floor":11},{"not_picked":["Flying Knee","Quick Slash"],"picked":"Dagger Spray","floor":12}],"player_experience":1908883,"relics_obtained":[{"floor":7,"key":"Akabeko"},{"floor":9,"key":"Toy Ornithopter"},{"floor":11,"key":"Centennial Puzzle"}],"event_choices":[{"damage_healed":0,"gold_gain":0,"cards_transformed":["Strike_G"],"player_choice":"Change","damage_taken":0,"max_hp_gain":0,"max_hp_loss":0,"event_name":"Living Wall","floor":3,"gold_loss":0,"cards_obtained":["Outmaneuver"]},{"cards_removed":["Strike_G"],"damage_healed":0,"gold_gain":0,"player_choice":"Purged","damage_taken":0,"max_hp_gain":0,"max_hp_loss":0,"event_name":"Purifier","floor":4,"gold_loss":0},{"damage_healed":0,"gold_gain":0,"player_choice":"Got Potions","damage_taken":0,"max_hp_gain":0,"max_hp_loss":0,"event_name":"Lab","floor":14,"gold_loss":0}],"is_beta":true,"boss_relics":[],"items_purged_floors":[2],"is_endless":false,"potions_floor_spawned":[1,5],"killed_by":"Slime Boss","ascension_level":20}}