{"host":"ks0rgj8xgppw8yky","time":1608139992,"event":{"mods":["BaseMod","Better Match","Better Note","Better Sensory Stone","Colored Powertips","Conspire","Downfall","GungeonMod","Hubris","Jorbs\u0027s Wanderer Trilogy","Marisa????????","Minty Spire (QoL Compilation)","StSLib","The Bug Knight","The Druid","The Forsaken","The Jungle","The Servant 0.9.4"],"gold_per_floor":[116,129,129,129,129,129,162,176,199,213,225,225,225,235,235,235,235],"floor_reached":16,"playtime":995,"items_purged":[],"score":102,"play_id":"4393a068-da7a-4688-9597-529e03f63619","local_time":"20201216123312","is_ascension_mode":false,"campfire_choices":[{"data":"Consecrate","floor":6,"key":"SMITH"},{"floor":13,"key":"REST"},{"data":"Judgement","floor":15,"key":"SMITH"}],"circlet_count":0,"master_deck":["Strike_P","Strike_P","Strike_P","Defend_P","Defend_P","Defend_P","Defend_P","Eruption","Vigilance","Sanctity","Consecrate+1","Judgement+1","Prostrate","Halt","Consecrate","Wallop"],"relics":["PureWater","hubris:Towel","hubris:Icosahedron","Mango","theForsaken:Lifeblossom","Meat on the Bone"],"acts_visited":["Exordium"],"potions_floor_usage":[7],"damage_taken":[{"damage":0,"enemies":"Small Slimes","floor":1,"turns":2},{"damage":0,"enemies":"2 Louse","floor":2,"turns":2},{"damage":41,"enemies":"Lagavulin","floor":7,"turns":8},{"damage":0,"enemies":"Cultist","floor":8,"turns":3},{"damage":10,"enemies":"Exordium Thugs","floor":10,"turns":4},{"damage":0,"enemies":"Looter","floor":11,"turns":3},{"damage":0,"enemies":"2 Fungi Beasts","floor":14,"turns":2},{"damage":85,"enemies":"Hexaghost","floor":16,"turns":12}],"seed_played":"-1444096876595362482","potions_obtained":[{"floor":1,"key":"SneckoOil"},{"floor":7,"key":"BlessingOfTheForge"},{"floor":8,"key":"SteroidPotion"}],"is_trial":false,"path_per_floor":["M","M","?","?","?","R","E","M","T","M","M","T","R","M","R","B"],"character_chosen":"WATCHER","items_purchased":[],"campfire_rested":1,"item_purchase_floors":[],"current_hp_per_floor":[72,72,72,72,72,72,45,45,45,41,46,46,71,74,74,0,0],"gold":235,"neow_bonus":"REMOVE_CARD","is_daily":false,"chose_seed":false,"campfire_upgraded":2,"win_rate":0.0,"timestamp":1608139992,"path_taken":["M","M","?","?","?","R","E","?","T","M","M","?","R","M","R","BOSS"],"items_purchased_type":[],"build_version":"2020-12-13","purchased_purges":0,"victory":false,"max_hp_per_floor":[72,72,72,72,72,72,86,86,86,86,86,86,86,86,86,86,86],"card_choices":[{"not_picked":["InnerPeace","CrushJoints"],"picked":"Sanctity","floor":1},{"not_picked":["SashWhip","ForeignInfluence"],"picked":"Consecrate","floor":2},{"not_picked":["ThirdEye","Vengeance"],"picked":"Judgement","floor":7},{"not_picked":["FollowUp","JustLucky"],"picked":"Prostrate","floor":8},{"not_picked":["FlurryOfBlows","ThirdEye"],"picked":"Halt","floor":10},{"not_picked":["ReachHeaven","Weave"],"picked":"Consecrate","floor":11},{"not_picked":["Collect","CutThroughFate"],"picked":"Wallop","floor":14}],"player_experience":947310,"relics_obtained":[{"floor":7,"key":"Mango"},{"floor":9,"key":"theForsaken:Lifeblossom"},{"floor":12,"key":"Meat on the Bone"}],"event_choices":[{"damage_healed":0,"gold_gain":0,"player_choice":"Bought 0 Potions","damage_taken":0,"max_hp_gain":0,"max_hp_loss":0,"event_name":"The Woman in Blue","floor":5,"gold_loss":0}],"is_beta":false,"boss_relics":[],"items_purged_floors":[],"is_endless":false,"potions_floor_spawned":[1,7,8],"killed_by":"Hexaghost","ascension_level":0}}