{"host":"cjmwurvrz00ml9vd","time":1608151377,"event":{"mods":["2.2 Compatiblity","AchievementEnabler","Act Like it!","Aspiration","BaseMod","Beaked The Cultist","Better Third Choice","BetterRewards","Colored Powertips","Conspire","Downfall","Energized Spire","Marisa????????","Marked Mod","Minty Spire (QoL Compilation)","Replay The Spire","Say the Spire","StSLib","The Blackbeard","The Cursed","The Disciple","The Hierophant","The Jungle","The Necromancer","The Servant 0.9.4","TheFirefly","vexMod"],"gold_per_floor":[112,112,135,148,148,148,186,186,186,60,60,84,105,130,130,130,130],"floor_reached":16,"playtime":819,"items_purged":["SpecialFormula"],"score":190,"play_id":"3cf334f8-733e-4a9a-a401-d80ce80ace1f","local_time":"20201216214257","is_ascension_mode":true,"campfire_choices":[{"floor":6,"key":"REST"},{"floor":8,"key":"REST"},{"floor":15,"key":"REST"}],"circlet_count":0,"master_deck":["Strike_S","Strike_S","Strike_S","Strike_S","Defend_S","Defend_S","Defend_S","Defend_S","KidneyShot","Exchange","Advance","Foresight+1","TimeWarp+1","BottledTime","Potential"],"relics":["Uniform","Golden Egg","Replay:Arrowhead","Lee\u0027s Waffle","vexMod:FocusSash","Golden Idol","Simple Rune","Replay:Wax Seal"],"acts_visited":["Exordium"],"potions_floor_usage":[12,12,13,14],"damage_taken":[{"damage":12,"enemies":"conspire:RoseBush","floor":1,"turns":5},{"damage":2,"enemies":"2 Louse","floor":3,"turns":3},{"damage":4,"enemies":"Small Slimes","floor":4,"turns":5},{"damage":62,"enemies":"3 Sentries","floor":7,"turns":13},{"damage":14,"enemies":"Exordium Thugs","floor":12,"turns":7},{"damage":3,"enemies":"Looter","floor":13,"turns":4},{"damage":3,"enemies":"3 Louse","floor":14,"turns":4},{"damage":28,"enemies":"The Guardian","floor":16,"turns":9}],"seed_played":"6693532095252512442","potions_obtained":[{"floor":7,"key":"Explosive Potion"},{"floor":12,"key":"DistilledChaos"},{"floor":13,"key":"Adrenaline Potion"}],"is_trial":false,"path_per_floor":["M","?","M","M","?","R","E","R","T","$","?","M","M","M","R","B"],"character_chosen":"THE_SERVANT","items_purchased":["Advance","Golden Egg","Replay:Arrowhead","Lee\u0027s Waffle","Foresight","TimeWarp","vexMod:FocusSash","Adrenaline Potion"],"campfire_rested":3,"item_purchase_floors":[0,0,0,0,0,0,0,10],"current_hp_per_floor":[60,42,40,41,41,62,5,26,26,26,26,12,9,6,27,0,0],"gold":130,"neow_bonus":"","is_daily":false,"chose_seed":false,"campfire_upgraded":0,"win_rate":0.0,"timestamp":1608151377,"path_taken":["M","?","M","M","?","R","E","R","T","$","?","M","M","M","R","BOSS"],"items_purchased_type":["Card","Relic","Relic","Relic","Card","Card","Relic","Potion"],"build_version":"2020-12-13","purchased_purges":1,"victory":false,"max_hp_per_floor":[72,72,72,72,72,72,72,72,72,72,72,72,72,72,72,72,72],"card_choices":[{"not_picked":["Alleviate","Ricochet","Rewind"],"picked":"SKIP","floor":1},{"not_picked":["Manipulate","Moonlight"],"picked":"SpecialFormula","floor":3},{"not_picked":["Manipulate","Orbit","Rearm"],"picked":"SKIP","floor":4},{"not_picked":["Misdirection","Alleviate","BestPractice"],"picked":"SKIP","floor":7},{"not_picked":["Misdirection","FastForward","Contraction"],"picked":"SKIP","floor":12},{"not_picked":["GearUp","SpecialFormula"],"picked":"BottledTime","floor":13},{"not_picked":["FanOfKnives","Defy"],"picked":"Potential","floor":14}],"player_experience":613801,"relics_obtained":[{"floor":7,"key":"Simple Rune"},{"floor":9,"key":"Replay:Wax Seal"}],"event_choices":[{"damage_healed":0,"gold_gain":0,"player_choice":"Take Damage","damage_taken":18,"relics_obtained":["Golden Idol"],"max_hp_gain":0,"max_hp_loss":0,"event_name":"Golden Idol","floor":2,"gold_loss":0},{"damage_healed":0,"gold_gain":0,"player_choice":"LEAVE","damage_taken":0,"max_hp_gain":0,"max_hp_loss":0,"event_name":"betterThird:BetterScrap","floor":5,"gold_loss":0,"cards_obtained":["FearNoEvil"]}],"is_beta":false,"boss_relics":[],"items_purged_floors":[10],"is_endless":false,"potions_floor_spawned":[7,12,13],"killed_by":"The Guardian","ascension_level":5}}