{"host":"k5j3culymg4irp71","time":1608088881,"event":{"mods":["2.2 Compatiblity","Act Like it!","Art Attack!","Aspiration","Astrologer","Bard","BaseMod","Bestiary","Better Match","Better Note","BetterRewards","Block Reminder","CCEM","Colored Map","Colored Powertips","Conspire","Downfall","Emptier Cage","Energized Spire","GifTheSpireLib","GungeonMod","Halation","Hallownest","Hermit","Hubris","Infinite Spire","Ironclad Rager","Jorbs\u0027s Wanderer Trilogy","Lobotomy","LobotomyExtend","Mad Scientist","Minty Spire (QoL Compilation)","Pale of the Ancients","Potionbrewer","Quarter Circle Forward PUNCH!","Rare Cards Sparkle","Replay The Spire","Shade Mod","Shop Mod","Spikes Relics","StSLib","Stuff the Spire","The Animator","The Blackbeard","The Bladedancer","The Blue Laboratory","The Cursed","The Druid","The Forsaken","The Gatherer","The Hayseed","The Hierophant","The Juggle","The Necromancer","The Runesmith","The Servant 0.9.4","The Spell Scribe","TheArtist","Waifu the Spire","Wandering Minibosses","slay the spire mod where everything is the same but ironclad has a cowboy hat","vexMod"],"gold_per_floor":[99,116,116,136,61,61,61,86,86,86,71,89,107,92,103,208,208,208,223,223,223,234,234,234,266,285,314,324,324,393,405,461,560,560,410,335,335,260,277,292,318,334,364,364,378,376,376,394,405,509,509],"floor_reached":50,"playtime":4275,"items_purged":[],"score":814,"play_id":"71e2d8eb-f6f9-4765-b622-660240ab5b1b","local_time":"20201215192121","is_ascension_mode":false,"campfire_choices":[{"floor":6,"key":"REST"},{"data":"Slimebound:SamplingLick","floor":10,"key":"SMITH"},{"data":"Slimebound:PrepareCrush","floor":18,"key":"SMITH"},{"data":"Slimebound:SlimeBrawl","floor":21,"key":"SMITH"},{"floor":35,"key":"RECALL"},{"data":"Slimebound:MinionMaster","floor":38,"key":"SMITH"},{"data":"Slimebound:OneTwoCombo","floor":44,"key":"SMITH"}],"circlet_count":0,"master_deck":["Slimebound:Strike_Slimebound","Slimebound:Strike_Slimebound+1","Slimebound:Strike_Slimebound+1","Slimebound:Split+1","Slimebound:CorrosiveSpit","Slimebound:SlimeBrawl+1","Slimebound:SplitAcid","Slimebound:SplitAcid","Slimebound:SamplingLick+1","Hallownest:skillLeafShield","Hallownest:skillLeafShield","Hallownest:skillLeafShield","Hallownest:skillLeafShield","Hallownest:skillLeafShield","Slimebound:PrepareCrush+1","Slimebound:PressTheAttack","Slimebound:ViciousTackle","Slimebound:LeechEnergy","Slimebound:OneTwoCombo","Slimebound:FirmFortitude+1","Slimebound:SplitLeeching+1","Slimebound:SplitMire+1","Slimebound:FormOfPuddle","Slimebound:SplitLeeching","Slimebound:GoopSpray","Slimebound:OneTwoCombo+1","Slimebound:MinionMaster+1","Slimebound:Replication+1","Slimebound:SamplingLick+1","Slimebound:RainOfGoop","Slimebound:Gluttony+1","Slimebound:SamplingLick+1","Slimebound:PrepareCrush","hubris:EnhanceAbility","Slimebound:LevelUp","hubris:Insight","infinitespire:FutureSight","hubris:Rewind","Slimebound:RainOfGoop+1","Slimebound:FlameTackle","Slimebound:SelfFormingGoo"],"relics":["Slimebound:AbsorbEndCombat","LetterFromLob","theForsaken:Lifeblossom","MiniBlackHole","StuffTheSpire:EmeraldSignet","aspiration:FetidBarrel","Black Star","Lantern","infinitespire:Joker Card","conspire:DecoderRing","qcfpunch:Red_Headband","Whetstone","energizedSpire:MagnifyingGlass","downfall:HeartBlessingGreen","downfall:HeartBlessingBlue","downfall:HeartBlessingRed","CCEMRelics:PorcelainBowl","halation:WeightlessCrab","StuffTheSpire:HeavyRock","Slimebound:TarBlob","Replay:Accelerometer","paleoftheancients:Timepiece","paleoftheancients:KeyRelic","CultistMask"],"acts_visited":["Exordium","Hallownest:Greenpath","Hallownest:CityofTears","Hallownest:KingdomsEdge"],"potions_floor_usage":[48],"damage_taken":[{"damage":8,"enemies":"Hallownest:monsterHuskWarrior","floor":2,"turns":4},{"damage":15,"enemies":"Hallownest:monsterHuskGuard","floor":4,"turns":4},{"damage":27,"enemies":"Hallownest:eliteVengeflyKing","floor":8,"turns":5},{"damage":16,"enemies":"downfall:FleeingMerchant","floor":11,"turns":4},{"damage":4,"enemies":"Hallownest:2_Baldur","floor":12,"turns":3},{"damage":19,"enemies":"Hallownest:Wandering_and_Horned","floor":13,"turns":4},{"damage":23,"enemies":"downfall:FleeingMerchant","floor":14,"turns":4},{"damage":28,"enemies":"Hallownest:Guard_and_Warrior","floor":15,"turns":5},{"damage":38,"enemies":"downfall:Ironclad","floor":16,"turns":5},{"damage":24,"enemies":"Hallownest:2_Mistakes","floor":19,"turns":3},{"damage":10,"enemies":"Hallownest:Flukemon_and_Top","floor":22,"turns":3},{"damage":12,"enemies":"Hallownest:Nosk","floor":25,"turns":5},{"damage":17,"enemies":"Hallownest:2_Husk_Sentries","floor":26,"turns":4},{"damage":42,"enemies":"Hallownest:eliteSoulWarrior","floor":27,"turns":3},{"damage":17,"enemies":"Hallownest:2_Flukemon","floor":28,"turns":4},{"damage":16,"enemies":"Hallownest:Warrior_and_Youth","floor":31,"turns":2},{"damage":17,"enemies":"Hallownest:Glutton_and_Coward","floor":32,"turns":2},{"damage":64,"enemies":"downfall:Silent","floor":33,"turns":5},{"damage":24,"enemies":"Hallownest:3_Siblings","floor":39,"turns":3},{"damage":23,"enemies":"Hallownest:2_Littles","floor":40,"turns":3},{"damage":20,"enemies":"Hallownest:Slobbering_and_Violent","floor":42,"turns":4},{"damage":23,"enemies":"Hallownest:eliteHiveKnight","floor":43,"turns":4},{"damage":23,"enemies":"Hallownest:2_Wandering_and_1_Horned","floor":45,"turns":4},{"damage":20,"enemies":"downfall:FleeingMerchant","floor":46,"turns":4},{"damage":35,"enemies":"Hallownest:2_Soldiers_and_1_Guardian","floor":48,"turns":3},{"damage":25,"enemies":"Hallownest:Slobbering_and_Violent","floor":49,"turns":4},{"damage":51,"enemies":"downfall:Defect","floor":50,"turns":5}],"seed_played":"6164285935650624793","potions_obtained":[{"floor":2,"key":"potionbrewer:CleansingPotion"},{"floor":12,"key":"blueLaboratory:NullPotion"},{"floor":13,"key":"sneckomod:MuddlingPotion"},{"floor":19,"key":"potionbrewer:DiscountPotion"},{"floor":22,"key":"Block Potion"},{"floor":26,"key":"potionbrewer:InfectionPotion"},{"floor":28,"key":"DistilledChaos"},{"floor":42,"key":"AttackPotion"},{"floor":45,"key":"Slimebound:SlimedPotion"},{"floor":48,"key":"ColorlessPotion"}],"is_trial":false,"path_per_floor":["R_BF","M","?","M","?","R","T","E","?","R","$","M","M","$","M","B",null,"R","M","?","R","M","?","T","E","M","E","M","?","T","M","M","B",null,"R","?","?","R","M","M","T","M","E","R","M","$","AVR","M","M","B"],"character_chosen":"SLIMEBOUND","items_purchased":["hubris:EnhanceAbility","Slimebound:LevelUp","hubris:Insight"],"campfire_rested":1,"item_purchase_floors":[46,46,46],"current_hp_per_floor":[60,60,20,31,31,49,49,50,50,50,60,60,60,56,54,46,60,60,54,54,54,60,60,60,60,54,41,60,60,60,60,57,55,60,70,70,70,70,66,70,70,70,69,69,70,70,70,65,70,70,70],"gold":509,"neow_bonus":"UPGRADE_CARD","is_daily":false,"chose_seed":false,"campfire_upgraded":5,"win_rate":0.0,"timestamp":1608088881,"path_taken":["R_BF","M","?","M","?","R","T","E","?","R","?","?","M","$","M","BOSS","R","?","?","R","M","?","T","E","M","E","?","?","?","?","M","BOSS","R","?","?","R","M","?","T","M","E","R","M","$","AVR","M","M","BOSS"],"items_purchased_type":["Card","Card","Card"],"build_version":"2020-12-13","purchased_purges":0,"victory":false,"max_hp_per_floor":[60,60,60,60,60,60,60,60,60,60,60,60,60,60,60,60,60,60,60,60,60,60,60,60,60,60,60,60,60,60,60,60,60,60,70,70,70,70,70,70,70,70,70,70,70,70,70,70,70,70,70],"card_choices":[{"not_picked":["Slimebound:RejuvenatingLick","Slimebound:SplitLeeching"],"picked":"Slimebound:SplitAcid","floor":2},{"not_picked":["Slimebound:SplitLeeching","Slimebound:LeechingTouch"],"picked":"Slimebound:SplitAcid","floor":4},{"not_picked":["Slimebound:Schlurp","Slimebound:FinishingTackle"],"picked":"Slimebound:SamplingLick","floor":8},{"not_picked":["Slimebound:SplitBruiser","Slimebound:MegaLick"],"picked":"Slimebound:PressTheAttack","floor":11},{"not_picked":["Slimebound:Schlurp","Slimebound:GrowthPunch"],"picked":"Slimebound:PrepareCrush","floor":12},{"not_picked":["Slimebound:ComboTackle","Slimebound:FormOfPuddle"],"picked":"Slimebound:PressTheAttack","floor":13},{"not_picked":["Slimebound:SamplingLick","Slimebound:SplitAcid"],"picked":"Slimebound:ViciousTackle","floor":14},{"not_picked":["Slimebound:LivingWall","Slimebound:FinishingTackle"],"picked":"Slimebound:LeechEnergy","floor":15},{"not_picked":["Slimebound:MinionMaster","Slimebound:SelfFormingGoo"],"picked":"Slimebound:OneTwoCombo","floor":16},{"not_picked":["Slimebound:ViciousTackle","Slimebound:ComboTackle+1"],"picked":"Slimebound:FirmFortitude+1","floor":19},{"not_picked":["Slimebound:SplitAcid","Slimebound:GrowthPunch"],"picked":"Slimebound:SplitLeeching+1","floor":22},{"not_picked":["Slimebound:LeechingTouch","Slimebound:TongueLash"],"picked":"Slimebound:SplitMire+1","floor":25},{"not_picked":["Slimebound:FinishingTackle+1","Slimebound:FirmFortitude"],"picked":"Slimebound:FormOfPuddle","floor":26},{"not_picked":["Slimebound:LeechingTouch","Slimebound:MegaLick"],"picked":"Slimebound:SplitLeeching","floor":27},{"not_picked":["Slimebound:LeechingTouch","Slimebound:PressTheAttack+1","Slimebound:SplitBruiser"],"picked":"SKIP","floor":28},{"not_picked":["Slimebound:LeechingTouch+1","Slimebound:SplitMire"],"picked":"Slimebound:GoopSpray","floor":31},{"not_picked":["Slimebound:LeechEnergy","Slimebound:HauntingLick"],"picked":"Slimebound:OneTwoCombo","floor":32},{"not_picked":["Slimebound:SlimeSlap","Slimebound:MassRepurpose"],"picked":"Slimebound:MinionMaster","floor":33},{"not_picked":["Slimebound:PressTheAttack+1","Slimebound:Schlurp"],"picked":"Slimebound:Replication+1","floor":39},{"not_picked":["Slimebound:LivingWall+1","Slimebound:Chomp+1"],"picked":"Slimebound:SamplingLick+1","floor":40},{"not_picked":["Slimebound:GrowthPunch","Slimebound:Replication"],"picked":"Slimebound:RainOfGoop","floor":42},{"not_picked":["Slimebound:SpikyOuterGoop+1","Slimebound:SplitAcid"],"picked":"Slimebound:Gluttony+1","floor":43},{"not_picked":["Slimebound:ViciousTackle","Slimebound:SplitLeeching"],"picked":"Slimebound:SamplingLick+1","floor":45},{"not_picked":["Slimebound:ProtectTheBoss","Slimebound:LivingWall+1"],"picked":"Slimebound:PrepareCrush","floor":46},{"not_picked":["Slimebound:LeechingTouch+1","Slimebound:GoopTackle"],"picked":"Slimebound:RainOfGoop+1","floor":48},{"not_picked":["Slimebound:ViciousTackle","Slimebound:PressTheAttack+1"],"picked":"Slimebound:FlameTackle","floor":49},{"not_picked":["Slimebound:MinionMaster","Slimebound:Teamwork"],"picked":"Slimebound:SelfFormingGoo","floor":50}],"player_experience":8869,"relics_obtained":[{"floor":2,"key":"LetterFromLob"},{"floor":7,"key":"StuffTheSpire:EmeraldSignet"},{"floor":8,"key":"aspiration:FetidBarrel"},{"floor":24,"key":"Lantern"},{"floor":25,"key":"infinitespire:Joker Card"},{"floor":25,"key":"conspire:DecoderRing"},{"floor":27,"key":"qcfpunch:Red_Headband"},{"floor":27,"key":"Whetstone"},{"floor":41,"key":"CCEMRelics:PorcelainBowl"},{"floor":43,"key":"halation:WeightlessCrab"},{"floor":43,"key":"StuffTheSpire:HeavyRock"}],"event_choices":[{"damage_healed":0,"gold_gain":0,"player_choice":"3","damage_taken":0,"max_hp_gain":0,"max_hp_loss":0,"event_name":"betterMatch:BetterMatch","floor":5,"gold_loss":0,"cards_obtained":[]},{"damage_healed":0,"gold_gain":0,"player_choice":"Leave","damage_taken":0,"max_hp_gain":0,"max_hp_loss":0,"event_name":"conspire:Investor","floor":20,"gold_loss":0},{"damage_healed":0,"gold_gain":0,"player_choice":"3","damage_taken":0,"max_hp_gain":0,"max_hp_loss":0,"event_name":"betterMatch:BetterMatch","floor":36,"gold_loss":0,"cards_obtained":[]}],"is_beta":false,"boss_relics":[{"not_picked":["halation:Risk","halation:ForbiddenBikini"],"picked":"Black Star"},{"not_picked":["energizedSpire:HugeHouse","Empty Cage"],"picked":"energizedSpire:MagnifyingGlass"}],"items_purged_floors":[],"is_endless":false,"potions_floor_spawned":[2,12,13,19,22,26,28,32,42,45,48],"ascension_level":0}}