{"host":"md0dejzd6k70gl1f","time":1608126746,"event":{"mods":["BaseMod","Minty Spire (QoL Compilation)","Quick Restart"],"gold_per_floor":[118,129,42,42,59,85,85,85,112,112,132,147,174,185,185,185,185],"floor_reached":16,"playtime":494,"items_purged":[],"score":224,"play_id":"47cfbe44-1a7b-4943-8030-204e28b456c7","local_time":"20201216145226","is_ascension_mode":true,"campfire_choices":[{"data":"Dash","floor":8,"key":"SMITH"},{"data":"Die Die Die","floor":10,"key":"SMITH"},{"data":"Quick Slash","floor":15,"key":"SMITH"}],"circlet_count":0,"master_deck":["AscendersBane","Strike_G","Strike_G","Strike_G","Strike_G","Defend_G","Defend_G","Defend_G","Defend_G","Defend_G","Survivor","Neutralize","Backstab","Quick Slash+1","Dash+1","Sucker Punch","Quick Slash","Die Die Die+1","Acrobatics","Backflip"],"relics":["Ring of the Snake","Smiling Mask","Snake Skull","Incense Burner"],"acts_visited":["Exordium"],"potions_floor_usage":[13],"damage_taken":[{"damage":5,"enemies":"Cultist","floor":1,"turns":5},{"damage":4,"enemies":"Small Slimes","floor":2,"turns":4},{"damage":0,"enemies":"2 Louse","floor":5,"turns":2},{"damage":17,"enemies":"3 Sentries","floor":6,"turns":12},{"damage":0,"enemies":"Exordium Wildlife","floor":11,"turns":3},{"damage":0,"enemies":"Blue Slaver","floor":12,"turns":2},{"damage":9,"enemies":"Lagavulin","floor":13,"turns":6},{"damage":0,"enemies":"2 Fungi Beasts","floor":14,"turns":3},{"damage":19,"enemies":"Hexaghost","floor":16,"turns":10}],"seed_played":"-2942592496329828626","potions_obtained":[{"floor":1,"key":"EssenceOfSteel"},{"floor":2,"key":"Block Potion"},{"floor":5,"key":"Energy Potion"},{"floor":13,"key":"Explosive Potion"}],"is_trial":false,"path_per_floor":["M","M","$","$","M","E","?","R","T","R","M","M","E","M","R","B"],"character_chosen":"THE_SILENT","items_purchased":["Dash"],"campfire_rested":0,"item_purchase_floors":[3],"current_hp_per_floor":[60,56,56,56,56,39,39,39,39,39,39,39,30,30,30,11,11],"gold":185,"neow_bonus":"TEN_PERCENT_HP_BONUS","is_daily":false,"chose_seed":false,"campfire_upgraded":3,"win_rate":0.0,"timestamp":1608126746,"path_taken":["M","M","?","$","M","E","?","R","T","R","M","?","E","M","R","BOSS"],"items_purchased_type":["Card"],"build_version":"2020-12-13","purchased_purges":0,"victory":false,"max_hp_per_floor":[72,72,72,72,72,72,72,72,72,72,72,72,72,72,72,72,72],"card_choices":[{"not_picked":["Deflect","Expertise"],"picked":"Backstab","floor":1},{"not_picked":["Outmaneuver","PiercingWail"],"picked":"Quick Slash","floor":2},{"not_picked":["Backflip","Heel Hook"],"picked":"Sucker Punch","floor":5},{"not_picked":["Storm of Steel","Acrobatics"],"picked":"Quick Slash","floor":6},{"not_picked":["Slice","Dodge and Roll"],"picked":"Acrobatics","floor":11},{"not_picked":["Underhanded Strike","Dagger Throw","Bane"],"picked":"SKIP","floor":12},{"not_picked":["Escape Plan","Bane"],"picked":"Backflip","floor":13},{"not_picked":["Choke","Cloak And Dagger","Prepared"],"picked":"SKIP","floor":14}],"player_experience":428487,"relics_obtained":[{"floor":6,"key":"Smiling Mask"},{"floor":9,"key":"Snake Skull"},{"floor":13,"key":"Incense Burner"}],"event_choices":[{"damage_healed":0,"gold_gain":0,"cards_transformed":["Strike_G"],"player_choice":"Transformed","damage_taken":0,"max_hp_gain":0,"max_hp_loss":0,"event_name":"Transmorgrifier","floor":7,"gold_loss":0,"cards_obtained":["Die Die Die"]}],"is_beta":false,"boss_relics":[],"items_purged_floors":[],"is_endless":false,"potions_floor_spawned":[1,2,5,13],"killed_by":"Hexaghost","ascension_level":20}}