{"host":"efgqx4zs42teb71b","time":1608080039,"event":{"mods":["AchievementEnabler","BaseMod","Minty Spire (QoL Compilation)","Relic Stats","StSLib"],"gold_per_floor":[114,114,114,39,58,58,88,99,99,99,128,128,128,140,140,219,219,233,233,247,259,184,184,184,218,266,282,85,111,128,139,139,213,213,226,226,69,116,0,27,27,27,104,133,133,148,148,13,13,13,13,13],"floor_reached":51,"playtime":2379,"items_purged":["Regret"],"score":1448,"play_id":"17a002c4-e899-41f0-b5cd-b23e69b53d0f","local_time":"20201215195359","is_ascension_mode":true,"campfire_choices":[{"data":"Streamline","floor":6,"key":"SMITH"},{"floor":10,"key":"REST"},{"floor":13,"key":"REST"},{"data":"Defragment","floor":15,"key":"SMITH"},{"floor":23,"key":"REST"},{"floor":32,"key":"RECALL"},{"data":"1","floor":41,"key":"LIFT"},{"data":"2","floor":45,"key":"LIFT"},{"data":"3","floor":47,"key":"LIFT"},{"floor":49,"key":"REST"}],"circlet_count":0,"master_deck":["AscendersBane","Zap+1","Dualcast","Gash","Streamline+1","Coolheaded","Defragment+1","Static Discharge+1","Go for the Eyes","Biased Cognition","Chill","Ball Lightning","BootSequence","Hologram","Cold Snap","Tempest","Electrodynamics","Steam","Ball Lightning","Cold Snap","Rainbow","Fusion","Skim","Trip","PanicButton","Consume+1","Hologram","Loop"],"relics":["Cracked Core","HornCleat","Meat on the Bone","Cables","Bag of Marbles","Fusion Hammer","Pear","Lantern","Runic Capacitor","Tiny Chest","Pandora\u0027s Box","Bronze Scales","Ice Cream","Red Mask","Girya","Ornamental Fan","Singing Bowl"],"acts_visited":["Exordium","TheCity","TheBeyond"],"potions_floor_usage":[7,16,25,29,33,40,50],"damage_taken":[{"damage":2,"enemies":"2 Louse","floor":1,"turns":3},{"damage":0,"enemies":"Small Slimes","floor":5,"turns":3},{"damage":14,"enemies":"3 Sentries","floor":7,"turns":9},{"damage":7,"enemies":"Jaw Worm","floor":8,"turns":2},{"damage":28,"enemies":"Gremlin Nob","floor":11,"turns":4},{"damage":6,"enemies":"Red Slaver","floor":14,"turns":2},{"damage":11,"enemies":"The Guardian","floor":16,"turns":7},{"damage":4,"enemies":"3 Byrds","floor":18,"turns":3},{"damage":0,"enemies":"Spheric Guardian","floor":20,"turns":4},{"damage":4,"enemies":"Chosen and Byrds","floor":21,"turns":6},{"damage":28,"enemies":"Gremlin Leader","floor":25,"turns":4},{"damage":4,"enemies":"Snake Plant","floor":27,"turns":2},{"damage":24,"enemies":"Slavers","floor":29,"turns":5},{"damage":1,"enemies":"Snecko","floor":30,"turns":4},{"damage":0,"enemies":"Chosen and Byrds","floor":31,"turns":3},{"damage":39,"enemies":"Collector","floor":33,"turns":8},{"damage":4,"enemies":"Orb Walker","floor":35,"turns":3},{"damage":9,"enemies":"2 Orb Walkers","floor":38,"turns":3},{"damage":10,"enemies":"Reptomancer","floor":40,"turns":4},{"damage":0,"enemies":"Nemesis","floor":44,"turns":5},{"damage":0,"enemies":"3 Shapes","floor":46,"turns":3},{"damage":36,"enemies":"Donu and Deca","floor":50,"turns":6},{"damage":50,"enemies":"Awakened One","floor":51,"turns":3}],"seed_played":"-6294978398060027361","potions_obtained":[{"floor":5,"key":"Block Potion"},{"floor":7,"key":"PotionOfCapacity"},{"floor":8,"key":"PotionOfCapacity"},{"floor":14,"key":"DistilledChaos"},{"floor":18,"key":"CultistPotion"},{"floor":21,"key":"DuplicationPotion"},{"floor":25,"key":"Dexterity Potion"},{"floor":29,"key":"PowerPotion"},{"floor":33,"key":"SpeedPotion"},{"floor":35,"key":"LiquidMemories"},{"floor":38,"key":"CultistPotion"},{"floor":46,"key":"SmokeBomb"}],"is_trial":false,"path_per_floor":["M","?","?","$","M","R","E","M","T","R","E","?","R","M","R","B",null,"M","?","M","M","?","R","?","E","T","M","$","E","M","M","R","B",null,"M","?","$","?","?","E","R","T","T","E","R","M","R","$","R","B","B"],"character_chosen":"DEFECT","items_purchased":["Runic Capacitor","Cold Snap","Bronze Scales","FocusPotion","Loop"],"campfire_rested":4,"item_purchase_floors":[28,28,37,48,48],"current_hp_per_floor":[62,62,41,41,41,41,27,32,32,53,37,37,58,52,52,41,64,60,60,60,56,56,71,51,45,45,53,53,41,52,52,52,25,71,67,62,62,53,53,55,55,55,55,57,57,57,57,57,83,47,0,0],"gold":13,"neow_bonus":"UPGRADE_CARD","is_daily":false,"chose_seed":false,"campfire_upgraded":2,"win_rate":0.0,"timestamp":1608080039,"path_taken":["M","?","?","$","M","R","E","M","T","R","E","?","R","M","R","BOSS","M","?","?","?","?","R","?","E","T","M","$","E","M","M","R","BOSS","M","?","$","?","?","E","R","?","T","E","R","M","R","$","R","BOSS","BOSS"],"items_purchased_type":["Relic","Card","Relic","Potion","Card"],"build_version":"2020-12-13","purchased_purges":1,"victory":false,"max_hp_per_floor":[71,71,71,71,71,71,71,71,71,71,71,71,71,71,71,71,71,71,71,71,71,71,71,76,86,86,86,86,86,86,86,86,86,86,86,86,86,86,86,86,86,86,86,88,88,88,88,88,88,88,88,88],"relic_stats":{"Singing Bowl":2,"counters":[23,96],"Ornamental Fan":[8],"Bronze Scales":[77],"Tiny Chest":1,"Pandora\u0027s Box":["Steam","Ball Lightning","Cold Snap","Rainbow","Fusion","Skim"],"obtain_stats":[{"Ice Cream":38,"Girya":40,"Lantern":26,"Pear":25,"Singing Bowl":44,"Runic Capacitor":28,"Cables":9,"HornCleat":2,"Ornamental Fan":43,"Bronze Scales":37,"Tiny Chest":29,"Pandora\u0027s Box":34,"Fusion Hammer":17,"Bag of Marbles":11,"Red Mask":39,"Cracked Core":0,"Meat on the Bone":7},{"Ice Cream":18,"Girya":19,"Lantern":11,"Pear":11,"Singing Bowl":20,"Runic Capacitor":12,"Cables":4,"HornCleat":1,"Ornamental Fan":19,"Bronze Scales":17,"Tiny Chest":13,"Pandora\u0027s Box":16,"Fusion Hammer":7,"Bag of Marbles":5,"Red Mask":18,"Cracked Core":0,"Meat on the Bone":3},{"Ice Cream":75,"Girya":79,"Lantern":47,"Pear":47,"Singing Bowl":84,"Runic Capacitor":49,"Cables":17,"HornCleat":3,"Ornamental Fan":79,"Bronze Scales":72,"Tiny Chest":54,"Pandora\u0027s Box":69,"Fusion Hammer":30,"Bag of Marbles":21,"Red Mask":75,"Cracked Core":0,"Meat on the Bone":15}],"Meat on the Bone":96,"Cables":[70,49,21,0,0]},"card_choices":[{"not_picked":["Barrage","Sweeping Beam"],"picked":"Gash","floor":1},{"not_picked":["Redo","Lockon"],"picked":"Streamline","floor":5},{"not_picked":["Cold Snap","Rebound"],"picked":"Coolheaded","floor":7},{"not_picked":["Darkness","Redo"],"picked":"Defragment","floor":8},{"not_picked":["Sunder","Recycle"],"picked":"Static Discharge","floor":11},{"not_picked":["Tempest","Conserve Battery"],"picked":"Go for the Eyes","floor":14},{"not_picked":["Machine Learning","Creative AI"],"picked":"Biased Cognition","floor":16},{"not_picked":["Compile Driver","Coolheaded"],"picked":"Chill","floor":18},{"not_picked":["Redo","Compile Driver"],"picked":"Ball Lightning","floor":20},{"not_picked":["Melter","Barrage"],"picked":"BootSequence","floor":21},{"not_picked":["Go for the Eyes+1","Rebound"],"picked":"Hologram","floor":25},{"not_picked":["Consume","Auto Shields","BootSequence"],"picked":"SKIP","floor":27},{"not_picked":["Stack","BootSequence"],"picked":"Tempest","floor":29},{"not_picked":["Darkness+1","Gash","Cold Snap"],"picked":"SKIP","floor":30},{"not_picked":["Tempest","Sweeping Beam","Beam Cell"],"picked":"SKIP","floor":31},{"not_picked":["Creative AI","Fission"],"picked":"Electrodynamics","floor":33},{"not_picked":["Cold Snap","Aggregate+1","Heatsinks+1"],"picked":"SKIP","floor":35},{"not_picked":["Deep Breath","Flash of Steel"],"picked":"Trip","floor":36},{"not_picked":["Madness","Finesse"],"picked":"PanicButton","floor":36},{"not_picked":["Cold Snap+1","Sweeping Beam"],"picked":"Consume+1","floor":40},{"not_picked":["Conserve Battery+1","Lockon+1","Turbo"],"picked":"Singing Bowl","floor":44},{"not_picked":["FTL+1","Sunder"],"picked":"Hologram","floor":46}],"player_experience":628187,"relics_obtained":[{"floor":7,"key":"Meat on the Bone"},{"floor":9,"key":"Cables"},{"floor":11,"key":"Bag of Marbles"},{"floor":25,"key":"Pear"},{"floor":26,"key":"Lantern"},{"floor":29,"key":"Tiny Chest"},{"floor":38,"key":"Ice Cream"},{"floor":40,"key":"Girya"},{"floor":43,"key":"Ornamental Fan"},{"floor":44,"key":"Singing Bowl"}],"event_choices":[{"damage_healed":0,"gold_gain":0,"player_choice":"Box","damage_taken":0,"relics_obtained":["HornCleat"],"max_hp_gain":0,"max_hp_loss":0,"event_name":"Big Fish","floor":2,"gold_loss":0,"cards_obtained":["Regret"]},{"damage_healed":0,"gold_gain":0,"player_choice":"Entered Light","damage_taken":21,"max_hp_gain":0,"max_hp_loss":0,"event_name":"Shining Light","floor":3,"gold_loss":0,"cards_upgraded":["Defend_B","Defend_B"]},{"damage_healed":0,"gold_gain":0,"player_choice":"Grow","damage_taken":0,"max_hp_gain":0,"max_hp_loss":0,"event_name":"Living Wall","floor":12,"gold_loss":0,"cards_upgraded":["Static Discharge"]},{"cards_removed":["Strike_B"],"damage_healed":0,"gold_gain":0,"player_choice":"Purged","damage_taken":0,"max_hp_gain":0,"max_hp_loss":0,"event_name":"Purifier","floor":19,"gold_loss":0},{"cards_removed":["Strike_B"],"damage_healed":0,"gold_gain":0,"player_choice":"Gave Gold","damage_taken":0,"max_hp_gain":0,"max_hp_loss":0,"event_name":"Beggar","floor":22,"gold_loss":75},{"damage_healed":0,"gold_gain":0,"player_choice":"Shed Blood","damage_taken":25,"max_hp_gain":5,"max_hp_loss":0,"event_name":"Forgotten Altar","floor":24,"gold_loss":0},{"damage_healed":0,"gold_gain":0,"player_choice":"Memory 2","damage_taken":5,"max_hp_gain":0,"max_hp_loss":0,"event_name":"SensoryStone","floor":36,"gold_loss":0},{"damage_healed":0,"gold_gain":0,"player_choice":"Fight","damage_taken":0,"max_hp_gain":0,"max_hp_loss":0,"event_name":"Mysterious Sphere","floor":38,"gold_loss":0},{"damage_healed":0,"gold_gain":0,"player_choice":"Paid","damage_taken":0,"relics_obtained":["Red Mask"],"max_hp_gain":0,"max_hp_loss":0,"event_name":"Tomb of Lord Red Mask","floor":39,"gold_loss":116}],"is_beta":false,"boss_relics":[{"not_picked":["Tiny House","Sozu"],"picked":"Fusion Hammer"},{"not_picked":["Coffee Dripper","Runic Dome"],"picked":"Pandora\u0027s Box"}],"items_purged_floors":[4],"is_endless":false,"potions_floor_spawned":[5,7,8,14,18,21,25,29,33,35,38,46],"killed_by":"Awakened One","ascension_level":20}}