{"host":"4cz9gr89nglr7k8k","time":1608154831,"event":{"mods":["BaseMod","Minty Spire (QoL Compilation)","Relic Stats","Slay-I"],"gold_per_floor":[114,39,39,39,52,52,71,88,88,49,49,49,66,128,128,128,128],"floor_reached":16,"playtime":277,"items_purged":[],"score":176,"play_id":"3d0fa86a-10ea-41a1-859f-5654778320a0","local_time":"20201216224031","is_ascension_mode":true,"campfire_choices":[{"data":"Dualcast","floor":6,"key":"SMITH"},{"data":"Static Discharge","floor":12,"key":"SMITH"},{"floor":15,"key":"REST"}],"circlet_count":0,"master_deck":["AscendersBane","Strike_B","Strike_B","Strike_B","Defend_B","Defend_B","Zap","Dualcast+1","Capacitor","Compile Driver","Beam Cell","Cold Snap","Ball Lightning","Static Discharge+1","Streamline"],"relics":["Cracked Core","NeowsBlessing","Potion Belt"],"acts_visited":["Exordium"],"potions_floor_usage":[16],"damage_taken":[{"damage":0,"enemies":"Small Slimes","floor":1,"turns":1},{"damage":0,"enemies":"Jaw Worm","floor":5,"turns":1},{"damage":0,"enemies":"Cultist","floor":7,"turns":1},{"damage":23,"enemies":"Exordium Thugs","floor":8,"turns":5},{"damage":18,"enemies":"2 Fungi Beasts","floor":13,"turns":3},{"damage":51,"enemies":"The Guardian","floor":16,"turns":6}],"seed_played":"8006418293788003390","potions_obtained":[{"floor":7,"key":"BlessingOfTheForge"}],"is_trial":false,"path_per_floor":["M","?","?","?","M","R","M","M","T","$","?","R","M","?","R","B"],"character_chosen":"DEFECT","items_purchased":["Static Discharge"],"campfire_rested":1,"item_purchase_floors":[10],"current_hp_per_floor":[64,64,64,64,64,64,64,41,41,41,46,46,28,28,50,0,0],"gold":128,"neow_bonus":"THREE_ENEMY_KILL","is_daily":false,"chose_seed":false,"campfire_upgraded":2,"win_rate":0.0,"timestamp":1608154831,"path_taken":["M","?","?","?","?","R","M","M","T","?","?","R","M","?","R","BOSS"],"items_purchased_type":["Card"],"build_version":"2020-12-13","purchased_purges":0,"victory":false,"max_hp_per_floor":[71,71,71,71,71,71,71,71,71,71,76,76,76,76,76,76,76],"relic_stats":{"counters":[6,17],"obtain_stats":[{"Potion Belt":9,"NeowsBlessing":0,"Cracked Core":0},{"Potion Belt":4,"NeowsBlessing":0,"Cracked Core":0},{"Potion Belt":8,"NeowsBlessing":0,"Cracked Core":0}]},"card_choices":[{"not_picked":["Stack","Heatsinks"],"picked":"Capacitor","floor":1},{"not_picked":["Reinforced Body","Redo"],"picked":"Beam Cell","floor":5},{"not_picked":["Leap","Barrage"],"picked":"Cold Snap","floor":7},{"not_picked":["Leap","Sweeping Beam"],"picked":"Ball Lightning","floor":8},{"not_picked":["Recycle","Coolheaded"],"picked":"Streamline","floor":13}],"player_experience":1446273,"relics_obtained":[{"floor":9,"key":"Potion Belt"}],"event_choices":[{"cards_removed":["Defend_B"],"damage_healed":0,"gold_gain":0,"player_choice":"Card Removal","damage_taken":0,"max_hp_gain":0,"max_hp_loss":0,"event_name":"The Cleric","floor":2,"gold_loss":75},{"damage_healed":0,"gold_gain":0,"cards_transformed":["Strike_B"],"player_choice":"Change","damage_taken":0,"max_hp_gain":0,"max_hp_loss":0,"event_name":"Living Wall","floor":3,"gold_loss":0,"cards_obtained":["Compile Driver"]},{"cards_removed":["Defend_B"],"damage_healed":0,"gold_gain":0,"player_choice":"Purged","damage_taken":0,"max_hp_gain":0,"max_hp_loss":0,"event_name":"Purifier","floor":4,"gold_loss":0},{"damage_healed":0,"gold_gain":0,"player_choice":"Donut","damage_taken":0,"max_hp_gain":5,"max_hp_loss":0,"event_name":"Big Fish","floor":11,"gold_loss":0},{"damage_healed":0,"gold_gain":62,"player_choice":"Gained Gold","damage_taken":0,"max_hp_gain":0,"max_hp_loss":0,"event_name":"Golden Wing","floor":14,"gold_loss":0}],"is_beta":false,"boss_relics":[],"items_purged_floors":[],"is_endless":false,"potions_floor_spawned":[7],"killed_by":"The Guardian","ascension_level":19}}