{"host":"g1wmg2w41xhsnw8g","time":1608102693,"event":{"mods":["2.2 Compatiblity","Act Like it!","BaseMod","Better Altar","Better Match","Better Note","Better Sensory Stone","Better Skull","Better Third Choice","BetterRewards","Booster Modes","CapriCore","Colored Map","Colored Powertips","Curses Come First","Defuse TimeMaze Blight","Displayed Cursed Tome","Downfall","Friendly Minions","GifTheSpireLib","Googly Eyes","Minty Spire (QoL Compilation)","Red Circlet Mod","Relic Sorter","SCP261 Mod","Shop Mod","Spicy Shops","StSLib","The Poker Player","The Sage","Transform Curses","????"],"gold_per_floor":[99,133,133,159,259,259,259,293,304,304,304,314,314,333,353,453,453,134,162,162,60,60,92,92,111,146,146,59,75,75,21,33,33,33,33],"floor_reached":33,"playtime":2178,"items_purged":[],"score":412,"play_id":"319d3ffd-3605-4613-9968-6a3acca7c1fb","local_time":"20201216021133","daily_mods":["SealedDeck","Specialized","Heirloom","downfall:Jewelcrafting","downfall:Lament","Elite Swarm"],"is_ascension_mode":true,"metric_token":2066,"campfire_choices":[{"data":"PokerPlayerMod:CloakAndDiamond","floor":1,"key":"SMITH"},{"floor":22,"key":"REST"},{"data":"Slimebound:MassFeed","floor":27,"key":"SMITH"}],"circlet_count":0,"master_deck":["Guardian:ExploitGems","Guardian:ExploitGems","Guardian:DecasProtection","Guardian:VentSteam","PokerPlayerMod:CloakAndDiamond+1","PokerPlayerMod:HeartStrike","Guardian:WalkerClaw","PokerPlayerMod:Manipulation","Guardian:SpikerProtocol","Guardian:ShieldCharger","Guardian:ArmoredProtocol","Guardian:Reroute+1","PokerPlayerMod:Heart7","PokerPlayerMod:Club2","PokerPlayerMod:Club3","PokerPlayerMod:Club4","PokerPlayerMod:Club5","PokerPlayerMod:Club6","PokerPlayerMod:Duplicate","Slimebound:MassFeed+1","PokerPlayerMod:ClubStrike+1","PokerPlayerMod:Diamond10+","Guardian:TimeSifter","PokerPlayerMod:Overdeal","expansioncontent:YouAreMine","Guardian:RevengeProtocol","PokerPlayerMod:Club7","PokerPlayerMod:Raise","Pain","Guardian:DonusPower","expansioncontent:GoopSpray"],"relics":["PokerPlayerMod:DeckCase","Guardian:PickAxe","NeowsBlessing","Lizard Tail","Du-Vu Doll","champ:DeflectingBracers","Bottled Lightning","Tiny Chest","Bronze Scales","Mummified Hand","Toolbox","Guardian:GemstoneGun","HornCleat","Molten Egg 2","Vajra","Whetstone","Frozen Eye","WarpedTongs","MerchantsRug","Membership Card","hexamod:BolsterEngine"],"acts_visited":["Exordium","TheCity"],"potions_floor_usage":[9,9,14,15,15,16,21,25],"damage_taken":[{"damage":5,"enemies":"3 Sentries","floor":2,"turns":2},{"damage":0,"enemies":"Gremlin Nob","floor":4,"turns":1},{"damage":0,"enemies":"Lagavulin","floor":8,"turns":1},{"damage":5,"enemies":"Jaw Worm","floor":9,"turns":3},{"damage":11,"enemies":"Small Slimes","floor":12,"turns":3},{"damage":1,"enemies":"2 Louse","floor":14,"turns":2},{"damage":12,"enemies":"Exordium Thugs","floor":15,"turns":4},{"damage":16,"enemies":"downfall:Silent","floor":16,"turns":6},{"damage":63,"enemies":"Slavers","floor":19,"turns":4},{"damage":0,"enemies":"downfall:FleeingMerchant","floor":21,"turns":4},{"damage":8,"enemies":"Gremlin Leader","floor":23,"turns":6},{"damage":6,"enemies":"Chosen","floor":25,"turns":4},{"damage":17,"enemies":"Book of Stabbing","floor":26,"turns":4},{"damage":0,"enemies":"downfall:FleeingMerchant","floor":28,"turns":4},{"damage":4,"enemies":"Snake Plant","floor":29,"turns":2},{"damage":0,"enemies":"downfall:FleeingMerchant","floor":31,"turns":1},{"damage":12,"enemies":"Centurion and Healer","floor":32,"turns":5},{"damage":122,"enemies":"downfall:Watcher","floor":33,"turns":9}],"seed_played":"6356663460480941257","potions_obtained":[{"floor":8,"key":"EntropicBrew"},{"floor":12,"key":"Fruit Juice"},{"floor":14,"key":"Weak Potion"},{"floor":19,"key":"SCP261:EnergyGasPotion"},{"floor":23,"key":"CultistPotion"}],"is_trial":true,"path_per_floor":["R","E","?","E","?","?","T","E","M","R","?","M","?","M","M","B",null,"R","E","T","$","R","E","T","M","E","R","$","M","?","$","M","B"],"character_chosen":"THE_POKER_PLAYER","items_purchased":["Mummified Hand","Toolbox","expansioncontent:YouAreMine","Frozen Eye","MerchantsRug","Membership Card","hexamod:BolsterEngine","expansioncontent:GoopSpray"],"campfire_rested":1,"item_purchase_floors":[18,18,21,28,31,31,31,31],"current_hp_per_floor":[52,47,47,47,47,47,47,47,50,50,50,51,51,55,55,55,57,57,1,1,13,30,41,41,55,48,48,55,60,60,64,59,0,0,0],"gold":33,"neow_bonus":"","is_daily":false,"chose_seed":false,"campfire_upgraded":2,"win_rate":0.0,"timestamp":1608102693,"path_taken":["R","E","?","E","?","?","T","E","M","R","?","M","?","?","M","BOSS","R","E","?","$","R","E","T","M","E","R","$","M","?","?","M","BOSS"],"items_purchased_type":["Relic","Relic","Card","Relic","Relic","Relic","Relic","Card"],"build_version":"2020-12-13","purchased_purges":0,"victory":false,"max_hp_per_floor":[52,52,52,52,52,52,52,52,52,52,52,52,52,57,57,57,57,57,57,57,57,57,57,57,57,60,60,60,60,60,64,68,68,68,68],"card_choices":[{"not_picked":["PokerPlayerMod:ItsShowtime","PokerPlayerMod:Spade3"],"picked":"PokerPlayerMod:Heart7","floor":2},{"not_picked":["PokerPlayerMod:Club4","PokerPlayerMod:Heart2","PokerPlayerMod:FakeSymbols"],"picked":"SKIP","floor":4},{"not_picked":["Guardian:TimeSifter","Guardian:StasisField"],"picked":"PokerPlayerMod:Duplicate","floor":8},{"not_picked":["PokerPlayerMod:Club1","PokerPlayerMod:DamnStraight","Guardian:Incinerate"],"picked":"SKIP","floor":9},{"not_picked":["PokerPlayerMod:Spade2","PokerPlayerMod:Diamond3","Guardian:Emergency"],"picked":"SKIP","floor":12},{"not_picked":["PokerPlayerMod:Club4","PokerPlayerMod:Diamond1"],"picked":"PokerPlayerMod:ClubStrike","floor":14},{"not_picked":["PokerPlayerMod:Spade3","PokerPlayerMod:Configure","PokerPlayerMod:Diamond3"],"picked":"SKIP","floor":15},{"not_picked":["Guardian:RevengeProtocol","Guardian:FierceBash"],"picked":"PokerPlayerMod:Diamond10+","floor":16},{"not_picked":["PokerPlayerMod:Spade3","PokerPlayerMod:Diamond3"],"picked":"Guardian:TimeSifter","floor":19},{"not_picked":["Guardian:Incinerate","PokerPlayerMod:Diamond1"],"picked":"PokerPlayerMod:Overdeal","floor":21},{"not_picked":["PokerPlayerMod:Diamond6","PokerPlayerMod:Spade1"],"picked":"Guardian:RevengeProtocol","floor":23},{"not_picked":["Guardian:TemporalStrike+1","PokerPlayerMod:Fold"],"picked":"Guardian:Gem_Crimson","floor":25},{"not_picked":["Guardian:HyperBeam_Guardian+1","PokerPlayerMod:Club1"],"picked":"PokerPlayerMod:Club7","floor":26},{"not_picked":["PokerPlayerMod:Heart1","PokerPlayerMod:Diamond3"],"picked":"PokerPlayerMod:Raise","floor":28},{"not_picked":["PokerPlayerMod:MagicTrick","PokerPlayerMod:Club3","Guardian:ArmoredProtocol"],"picked":"SKIP","floor":29},{"not_picked":["Guardian:TemporalShield","PokerPlayerMod:Diamond4"],"picked":"Guardian:DonusPower","floor":31},{"not_picked":["PokerPlayerMod:Trickery+1","Guardian:WalkerClaw+1","PokerPlayerMod:SpadeStrike+1"],"picked":"SKIP","floor":32}],"player_experience":1419499,"relics_obtained":[{"floor":2,"key":"Du-Vu Doll"},{"floor":4,"key":"champ:DeflectingBracers"},{"floor":7,"key":"Bottled Lightning"},{"floor":8,"key":"Tiny Chest"},{"floor":19,"key":"Guardian:GemstoneGun"},{"floor":20,"key":"HornCleat"},{"floor":23,"key":"Molten Egg 2"},{"floor":24,"key":"Vajra"},{"floor":26,"key":"Whetstone"}],"event_choices":[{"damage_healed":0,"gold_gain":0,"player_choice":"Jackpot","damage_taken":0,"max_hp_gain":0,"max_hp_loss":0,"event_name":"PokerPlayerMod:ExordiumClub","floor":6,"gold_loss":0,"cards_obtained":["PokerPlayerMod:Club2","PokerPlayerMod:Club3","PokerPlayerMod:Club4","PokerPlayerMod:Club5","PokerPlayerMod:Club6"]},{"damage_healed":0,"gold_gain":0,"player_choice":"Jackpot","damage_taken":0,"max_hp_gain":0,"max_hp_loss":0,"event_name":"PokerPlayerMod:ExordiumClub","floor":6,"gold_loss":0,"cards_obtained":["PokerPlayerMod:Club2","PokerPlayerMod:Club3","PokerPlayerMod:Club4","PokerPlayerMod:Club5","PokerPlayerMod:Club6"]},{"damage_healed":0,"gold_gain":0,"player_choice":"Jackpot","damage_taken":0,"max_hp_gain":0,"max_hp_loss":0,"event_name":"PokerPlayerMod:ExordiumClub","floor":6,"gold_loss":0,"cards_obtained":["PokerPlayerMod:Club2","PokerPlayerMod:Club3","PokerPlayerMod:Club4","PokerPlayerMod:Club5","PokerPlayerMod:Club6"]},{"damage_healed":0,"gold_gain":0,"player_choice":"Jackpot","damage_taken":0,"max_hp_gain":0,"max_hp_loss":0,"event_name":"PokerPlayerMod:ExordiumClub","floor":6,"gold_loss":0,"cards_obtained":["PokerPlayerMod:Club2","PokerPlayerMod:Club3","PokerPlayerMod:Club4","PokerPlayerMod:Club5","PokerPlayerMod:Club6"]},{"damage_healed":0,"gold_gain":0,"player_choice":"Jackpot","damage_taken":0,"max_hp_gain":0,"max_hp_loss":0,"event_name":"PokerPlayerMod:ExordiumClub","floor":6,"gold_loss":0,"cards_obtained":["PokerPlayerMod:Club2","PokerPlayerMod:Club3","PokerPlayerMod:Club4","PokerPlayerMod:Club5","PokerPlayerMod:Club6"]},{"damage_healed":0,"gold_gain":1,"player_choice":"4","damage_taken":0,"max_hp_gain":0,"max_hp_loss":0,"event_name":"betterStone:BetterStone","floor":13,"gold_loss":0,"cards_obtained":["Slimebound:MassFeed"]},{"damage_healed":0,"gold_gain":0,"player_choice":"Rummage","damage_taken":0,"relics_obtained":["WarpedTongs"],"max_hp_gain":0,"max_hp_loss":0,"event_name":"Accursed Blacksmith","floor":30,"gold_loss":0,"cards_obtained":["Pain"]}],"is_beta":false,"boss_relics":[{"not_picked":["PokerPlayerMod:AceCard","sagemod:Falmels_Amulet"],"picked":"Empty Cage"}],"items_purged_floors":[],"is_endless":false,"potions_floor_spawned":[8,12,14,19,23],"killed_by":"downfall:Watcher","ascension_level":1}}