{"host":"mi0eibewekhugwl1","time":1608133434,"event":{"mods":["AchievementEnabler","BaseMod","Colored Map","Colored Powertips","DeckTracker","Keyboard Shortcuts","Minty Spire (QoL Compilation)","Quick Restart","Rare Cards Sparkle","Relic Stats","StSLib","SuperFastMode","everything is the same but u backflip on backflip"],"gold_per_floor":[115,135,155,175,193,193,193],"floor_reached":6,"playtime":153,"items_purged":[],"score":80,"play_id":"509a05b2-ae0d-4bac-9903-9c09ac25057b","local_time":"20201217004354","is_ascension_mode":true,"campfire_choices":[],"circlet_count":0,"master_deck":["AscendersBane","Strike_P","Strike_P","Strike_P","Strike_P","Defend_P","Defend_P","Defend_P","Defend_P","Eruption","Vigilance","FollowUp","Tantrum","TalkToTheHand"],"relics":["PureWater"],"acts_visited":["Exordium"],"potions_floor_usage":[6,6,6],"damage_taken":[{"damage":17,"enemies":"2 Louse","floor":1,"turns":3},{"damage":0,"enemies":"Small Slimes","floor":2,"turns":4},{"damage":0,"enemies":"Cultist","floor":3,"turns":4},{"damage":16,"enemies":"3 Louse","floor":4,"turns":5},{"damage":13,"enemies":"Lots of Slimes","floor":5,"turns":4},{"damage":25,"enemies":"Lagavulin","floor":6,"turns":2}],"seed_played":"-6283621710570298241","potions_obtained":[{"floor":1,"key":"EntropicBrew"},{"floor":3,"key":"Ancient Potion"}],"is_trial":false,"path_per_floor":["M","M","M","M","M","E"],"character_chosen":"WATCHER","items_purchased":[],"campfire_rested":0,"item_purchase_floors":[],"current_hp_per_floor":[50,50,50,34,21,0,0],"gold":193,"neow_bonus":"TEN_PERCENT_HP_BONUS","is_daily":false,"chose_seed":false,"campfire_upgraded":0,"win_rate":0.0,"timestamp":1608133434,"path_taken":["M","M","M","M","M","E"],"items_purchased_type":[],"build_version":"2020-12-13","purchased_purges":0,"victory":false,"max_hp_per_floor":[74,74,74,74,74,74,74],"relic_stats":{"counters":[6,22],"obtain_stats":[{"PureWater":0},{"PureWater":0},{"PureWater":0}]},"card_choices":[{"not_picked":["Wireheading","Prostrate","LikeWater"],"picked":"SKIP","floor":1},{"not_picked":["JustLucky","PathToVictory","Worship"],"picked":"SKIP","floor":2},{"not_picked":["Evaluate","CrushJoints"],"picked":"FollowUp","floor":3},{"not_picked":["JustLucky","Fasting2"],"picked":"Tantrum","floor":4},{"not_picked":["ThirdEye","ForeignInfluence"],"picked":"TalkToTheHand","floor":5}],"player_experience":1678434,"relics_obtained":[],"event_choices":[],"is_beta":false,"boss_relics":[],"items_purged_floors":[],"is_endless":false,"potions_floor_spawned":[1,3,4,5],"killed_by":"Lagavulin","ascension_level":20}}