{"host":"6wux4armhsntp4yb","time":1608123576,"event":{"mods":["BaseMod","Colored Map","Minty Spire (QoL Compilation)","Relic Stats"],"gold_per_floor":[118,393,20,31,44,69,69,96,123,123,136,136,136,156,156,230,230,241,241,258,268,268,268],"floor_reached":22,"playtime":1180,"items_purged":["Regret"],"score":392,"play_id":"253b84f7-0800-4c8d-957f-6290e4f99f7f","local_time":"20201216215936","is_ascension_mode":true,"campfire_choices":[{"data":"Skewer","floor":7.0,"key":"SMITH"},{"data":"Well Laid Plans","floor":10.0,"key":"SMITH"},{"data":"Neutralize","floor":13.0,"key":"SMITH"},{"floor":15.0,"key":"REST"}],"circlet_count":0,"master_deck":["AscendersBane","Strike_G","Strike_G","Strike_G","Strike_G","Defend_G","Defend_G","Defend_G","Defend_G","Defend_G","Survivor","Neutralize+1","Skewer+1","Terror","Dagger Spray","Endless Agony","Blade Dance","Well Laid Plans+1","Storm of Steel","Acrobatics","PiercingWail","Malaise","RitualDagger","Concentrate"],"relics":["Black Star","OrangePellets","Tiny Chest","MealTicket","Lantern","Mummified Hand","PreservedInsect","SlaversCollar"],"acts_visited":["Exordium","TheCity"],"potions_floor_usage":[20,21],"damage_taken":[{"damage":2.0,"enemies":"Small Slimes","floor":1.0,"turns":5.0},{"damage":0.0,"enemies":"Cultist","floor":4.0,"turns":3.0},{"damage":2.0,"enemies":"Jaw Worm","floor":5.0,"turns":3.0},{"damage":11.0,"enemies":"Gremlin Nob","floor":6.0,"turns":3.0},{"damage":20.0,"enemies":"Lagavulin","floor":8.0,"turns":6.0},{"damage":5.0,"enemies":"Red Slaver","floor":11.0,"turns":2.0},{"damage":2.0,"enemies":"Large Slime","floor":14.0,"turns":6.0},{"damage":35.0,"enemies":"Slime Boss","floor":16.0,"turns":11.0},{"damage":9.0,"enemies":"Shell Parasite","floor":18.0,"turns":7.0},{"damage":15,"enemies":"Spheric Guardian","floor":20,"turns":4},{"damage":12,"enemies":"Centurion and Healer","floor":21,"turns":10},{"damage":14,"enemies":"Snake Plant","floor":22,"turns":1}],"seed_played":"-3516303454276555995","potions_obtained":[{"floor":1.0,"key":"FearPotion"},{"floor":6.0,"key":"BlessingOfTheForge"},{"floor":14.0,"key":"Ancient Potion"},{"floor":16.0,"key":"Dexterity Potion"},{"floor":18.0,"key":"PowerPotion"}],"is_trial":false,"path_per_floor":["M","?","$","M","M","E","R","E","T","R","M","?","R","M","R","B",null,"M","?","M","M","M"],"character_chosen":"THE_SILENT","items_purchased":["Terror","Dagger Spray","OrangePellets"],"campfire_rested":1,"item_purchase_floors":[3,3,3],"current_hp_per_floor":[57,57,57,57,55,44,44,24,24,24,19,19,19,17,36,1,50,41,35,20,8,0,0],"gold":268,"neow_bonus":"BOSS_RELIC","is_daily":false,"chose_seed":false,"campfire_upgraded":3,"win_rate":0.0,"timestamp":1608123576,"path_taken":["M","?","$","?","M","E","R","E","T","R","M","?","R","?","R","BOSS","M","?","M","M","M"],"items_purchased_type":["Card","Card","Relic"],"build_version":"2020-12-13","purchased_purges":1,"victory":false,"max_hp_per_floor":[66,66,66,66,66,66,66,66,66,66,66,66,66,66,66,66,66,66,66,66,66,66,66],"relic_stats":{"OrangePellets":[1],"counters":[12,61],"Mummified Hand":[7],"Tiny Chest":0,"MealTicket":0,"PreservedInsect":0,"Black Star":2,"obtain_stats":[{"OrangePellets":3,"SlaversCollar":17,"Lantern":8,"Mummified Hand":8,"Tiny Chest":6,"MealTicket":6,"PreservedInsect":9,"Black Star":0,"Ring of the Snake":0},{"OrangePellets":1,"SlaversCollar":8,"Lantern":5,"Mummified Hand":5,"Tiny Chest":4,"MealTicket":4,"PreservedInsect":5,"Black Star":0,"Ring of the Snake":0},{"OrangePellets":5,"SlaversCollar":39,"Lantern":20,"Mummified Hand":20,"Tiny Chest":14,"MealTicket":14,"PreservedInsect":20,"Black Star":0,"Ring of the Snake":0}]},"card_choices":[{"not_picked":["Prepared","Dodge and Roll"],"picked":"Skewer","floor":1.0},{"not_picked":["Dodge and Roll","Poisoned Stab"],"picked":"Endless Agony","floor":4.0},{"not_picked":["Underhanded Strike","Dodge and Roll"],"picked":"Blade Dance","floor":5.0},{"not_picked":["Caltrops","Accuracy"],"picked":"Well Laid Plans","floor":6.0},{"not_picked":["Quick Slash","Masterful Stab"],"picked":"Storm of Steel","floor":8.0},{"not_picked":["Underhanded Strike","Caltrops"],"picked":"Acrobatics","floor":11.0},{"not_picked":["Endless Agony","Prepared"],"picked":"PiercingWail","floor":14.0},{"not_picked":["Die Die Die","Doppelganger"],"picked":"Malaise","floor":16.0},{"not_picked":["Deadly Poison","Endless Agony","Deflect"],"picked":"SKIP","floor":18.0},{"not_picked":["Dagger Spray","Deflect","Sucker Punch"],"picked":"SKIP","floor":20},{"not_picked":["Finisher","Flying Knee+1"],"picked":"Concentrate","floor":21}],"player_experience":5654155,"relics_obtained":[{"floor":6.0,"key":"Tiny Chest"},{"floor":6.0,"key":"MealTicket"},{"floor":8.0,"key":"Lantern"},{"floor":8.0,"key":"Mummified Hand"},{"floor":9.0,"key":"PreservedInsect"}],"event_choices":[{"damage_healed":0.0,"max_hp_gain":0.0,"max_hp_loss":0.0,"gold_gain":275.0,"event_name":"Golden Shrine","player_choice":"Desecrate","floor":2.0,"gold_loss":0.0,"damage_taken":0.0,"cards_obtained":["Regret"]},{"cards_removed":["Strike_G"],"damage_healed":0.0,"max_hp_gain":0.0,"max_hp_loss":0.0,"gold_gain":0.0,"event_name":"Purifier","player_choice":"Purged","floor":12.0,"gold_loss":0.0,"damage_taken":0.0},{"damage_healed":0.0,"max_hp_gain":0.0,"max_hp_loss":0.0,"gold_gain":0.0,"event_name":"Nest","player_choice":"Joined the Cult","floor":19.0,"gold_loss":0.0,"damage_taken":6.0,"cards_obtained":["RitualDagger"]}],"is_beta":false,"boss_relics":[{"not_picked":["SacredBark","Philosopher\u0027s Stone"],"picked":"SlaversCollar"}],"items_purged_floors":[3],"is_endless":false,"potions_floor_spawned":[1,6,14,16,18],"killed_by":"Snake Plant","ascension_level":20}}