{"host":"1tmagqyeywr2w44t","time":1608117708,"event":{"mods":["2.2 Compatiblity","BaseMod","Colored Powertips","Marisa£¨Ùöéë¡¡Øª×âÞÞ£©","Minty Spire (QoL Compilation)","Rare Cards Sparkle","Replay The Spire","StSLib","SuperFastMode","The Cursed"],"gold_per_floor":[113,127,144,144,164,195,195,195,222,268,280,306,318,347,359,474,486,515,541,553,269,286,311,311,338,388,407,421,431,477,512,512,613,613,624,634,646,665,675,675,705,705,705,97,116,166,219,246,246,246,246,246,102,127,127],"floor_reached":56,"playtime":2843,"items_purged":[],"score":1967,"play_id":"618da18a-b168-4e25-b575-abe8a8cec001","local_time":"20201216202148","is_ascension_mode":true,"campfire_choices":[{"data":"TheCursedMod:DemonicPact","floor":7,"key":"SMITH"},{"floor":15,"key":"RECALL"},{"data":"TheCursedMod:ParallelWorld","floor":24,"key":"SMITH"},{"floor":32,"key":"REST"},{"data":"TheCursedMod:CircleOfBlood","floor":40,"key":"SMITH"},{"data":"TheCursedMod:Evocation","floor":42,"key":"SMITH"},{"floor":49,"key":"REST"},{"data":"TheCursedMod:SpitefulPray","floor":52,"key":"SMITH"},{"data":"ReplayTheSpireMod:Necrogeddon","floor":52,"key":"SMITH"}],"circlet_count":0,"master_deck":["TheCursedMod:CursedWand","TheCursedMod:CleanUpWorkshop","TheCursedMod:CursedAmulet","TheCursedMod:RapidMovement+1","TheCursedMod:Grudge+1","TheCursedMod:AshesToAshes","TheCursedMod:DemonicPact+1","TheCursedMod:LuckyCharm","TheCursedMod:SpitefulPlan+1","TheCursedMod:CollectTribute+1","TheCursedMod:SpitefulPray+1","TheCursedMod:ReleasedStrength+1","TheCursedMod:CursedShiv","TheCursedMod:SpitefulStrike","TheCursedMod:ManaBullet","TheCursedMod:ParallelWorld+1","TheCursedMod:HellsGateOpen","ReplayTheSpireMod:Splinters","TheCursedMod:BlessingInDisguise","TheCursedMod:Evocation+1","TheCursedMod:DemonSword","CurseOfTheBell","TheCursedMod:CircleOfBlood+1","TheCursedMod:FleshFromBone+1","ReplayTheSpireMod:Necrogeddon+1","Deep Breath","TheCursedMod:NeowsMight"],"relics":["TheCursedMod:CrystalBall","TheCursedMod:Tack","MawBank","Replay:Baseball","Pandora\u0027s Box","Replay:Towering Pillar of Hats","Quantum Egg","ReplayTheSpireMod:Lightbulb","Bag of Marbles","PreservedInsect","Thread and Needle","Calling Bell","Smiling Mask","TheCursedMod:BloodyHarpoon","Torii","Happy Flower","Toolbox","Ginger","Durian","Replay:Arrowhead","Bird Faced Urn","Replay:Rubber Ducky"],"acts_visited":["Exordium","TheCity","TheBeyond","TheEnding"],"potions_floor_usage":[12,22,23,28,31,33,35,39,47,54,55],"damage_taken":[{"damage":6,"enemies":"Jaw Worm","floor":1,"turns":3},{"damage":0,"enemies":"2 Louse","floor":2,"turns":2},{"damage":0,"enemies":"Cultist","floor":3,"turns":3},{"damage":0,"enemies":"3 Louse","floor":5,"turns":3},{"damage":5,"enemies":"3 Sentries","floor":6,"turns":5},{"damage":0,"enemies":"Lagavulin","floor":10,"turns":4},{"damage":13,"enemies":"Large Slime","floor":12,"turns":3},{"damage":4,"enemies":"Exordium Wildlife","floor":14,"turns":2},{"damage":0,"enemies":"Slime Boss","floor":16,"turns":3},{"damage":1,"enemies":"Shell Parasite","floor":18,"turns":3},{"damage":26,"enemies":"3 Byrds","floor":19,"turns":3},{"damage":0,"enemies":"Centurion and Healer","floor":22,"turns":4},{"damage":9,"enemies":"Gremlin Leader","floor":23,"turns":4},{"damage":8,"enemies":"Book of Stabbing","floor":25,"turns":3},{"damage":5,"enemies":"Shelled Parasite and Fungi","floor":27,"turns":3},{"damage":0,"enemies":"Sentry and Sphere","floor":28,"turns":4},{"damage":0,"enemies":"Centurion and Healer","floor":29,"turns":3},{"damage":36,"enemies":"Slavers","floor":31,"turns":3},{"damage":2,"enemies":"Automaton","floor":33,"turns":6},{"damage":2,"enemies":"Orb Walker","floor":35,"turns":4},{"damage":19,"enemies":"3 Darklings","floor":36,"turns":4},{"damage":16,"enemies":"Spire Growth","floor":37,"turns":5},{"damage":0,"enemies":"Jaw Worm Horde","floor":38,"turns":5},{"damage":1,"enemies":"Transient","floor":39,"turns":5},{"damage":1,"enemies":"Nemesis","floor":41,"turns":3},{"damage":0,"enemies":"Writhing Mass","floor":45,"turns":4},{"damage":0,"enemies":"Mind Bloom Boss Battle","floor":46,"turns":4},{"damage":39,"enemies":"2 Orb Walkers","floor":47,"turns":4},{"damage":27,"enemies":"Reptomancer","floor":48,"turns":4},{"damage":45,"enemies":"Time Eater","floor":50,"turns":8},{"damage":34,"enemies":"Shield and Spear","floor":54,"turns":5},{"damage":30,"enemies":"The Heart","floor":55,"turns":8}],"seed_played":"3066812697314946564","potions_obtained":[{"floor":10,"key":"Weak Potion"},{"floor":14,"key":"Languid Potion"},{"floor":16,"key":"Reflective Coating"},{"floor":19,"key":"ColorlessPotion"},{"floor":27,"key":"Adrenaline Potion"},{"floor":29,"key":"Strength Potion"},{"floor":30,"key":"FairyPotion"},{"floor":31,"key":"Elixir"},{"floor":33,"key":"LiquidBronze"},{"floor":36,"key":"AttackPotion"},{"floor":39,"key":"Doom Potion"},{"floor":41,"key":"AttackPotion"}],"is_trial":false,"path_per_floor":["M","M","M","?","M","E","R","?","T","E","?","M","?","M","R","B",null,"M","M","?","$","M","E","R","E","T","M","M","M","?","E","R","B",null,"M","M","M","M","M","R","E","R","T","$","M","?","?","E","R","B",null,"R","$","E","B",null],"character_chosen":"THE_CURSED","items_purchased":["Replay:Towering Pillar of Hats","Toolbox","Ginger","ReplayTheSpireMod:Necrogeddon","Deep Breath","SkillPotion"],"campfire_rested":2,"item_purchase_floors":[21,44,44,44,53,53],"current_hp_per_floor":[62,62,62,47,47,42,42,35,35,35,35,22,22,18,18,18,61,60,34,34,34,34,25,25,17,17,12,12,12,12,1,23,21,62,60,41,25,27,42,42,41,41,41,41,61,80,41,22,46,21,65,65,65,63,47],"gold":127,"neow_bonus":"UPGRADE_CARD","is_daily":false,"chose_seed":false,"campfire_upgraded":6,"win_rate":0.0,"timestamp":1608117708,"path_taken":["M","M","M","?","M","E","R","?","T","E","?","?","?","M","R","BOSS","M","M","?","$","M","E","R","E","T","M","M","M","?","E","R","BOSS","M","?","?","M","M","R","E","R","T","$","M","?","?","E","R","BOSS","R","$","E","BOSS"],"items_purchased_type":["Relic","Relic","Relic","Card","Card","Potion"],"build_version":"2020-12-13","purchased_purges":0,"victory":true,"max_hp_per_floor":[75,75,75,75,75,75,75,75,75,75,75,75,75,75,75,75,75,75,75,75,75,75,75,75,75,75,75,75,75,75,75,75,75,75,75,75,75,75,75,75,75,75,75,75,75,80,80,80,80,80,80,80,80,80,80],"card_choices":[{"not_picked":["TheCursedMod:RapidMovement","TheCursedMod:SpitefulStrike"],"picked":"TheCursedMod:SpitefulPray","floor":1},{"not_picked":["TheCursedMod:RavingStaff","TheCursedMod:CursedMace"],"picked":"TheCursedMod:ReleasedStrength","floor":2},{"not_picked":["TheCursedMod:Grudge","TheCursedMod:CircleOfCorruption","TheCursedMod:SmokeScreen"],"picked":"SKIP","floor":3},{"not_picked":["TheCursedMod:CircleOfCorruption","TheCursedMod:BloodBarrier"],"picked":"TheCursedMod:TacticalStrike","floor":5},{"not_picked":["TheCursedMod:ManaCirculation","TheCursedMod:EmpowerCircles"],"picked":"TheCursedMod:CursedShiv","floor":6},{"not_picked":["TheCursedMod:CircleOfFlame","TheCursedMod:Evocation"],"picked":"TheCursedMod:SpitefulStrike","floor":10},{"not_picked":["TheCursedMod:CircleOfWindfury","TheCursedMod:FleshFromBone"],"picked":"TheCursedMod:ManaBullet","floor":12},{"not_picked":["TheCursedMod:CursedBlade","TheCursedMod:TacticalStrike","TheCursedMod:CursedShiv"],"picked":"SKIP","floor":14},{"not_picked":["TheCursedMod:ForbiddenAlchemy","TheCursedMod:ShockAndAwe"],"picked":"TheCursedMod:ParallelWorld","floor":16},{"not_picked":["TheCursedMod:CircleOfAmplification","TheCursedMod:RavingStaff","TheCursedMod:SurpriseAttack"],"picked":"SKIP","floor":18},{"not_picked":["TheCursedMod:CircleOfAmplification+1","TheCursedMod:SmokeScreen","TheCursedMod:CursedBlade+1"],"picked":"SKIP","floor":19},{"not_picked":["TheCursedMod:ReleasedKnowledge+1","TheCursedMod:BloodBarrier","TheCursedMod:VitalStrike"],"picked":"SKIP","floor":22},{"not_picked":["TheCursedMod:CircleOfFlame","TheCursedMod:VitalStrike","TheCursedMod:SoulCrush"],"picked":"SKIP","floor":23},{"not_picked":["TheCursedMod:Stigma","TheCursedMod:Wield+1","TheCursedMod:VitalStrike"],"picked":"SKIP","floor":25},{"not_picked":["TheCursedMod:CursedBlade","TheCursedMod:CircleOfCorruption+1","TheCursedMod:OutForBlood"],"picked":"SKIP","floor":27},{"not_picked":["TheCursedMod:BlessingInDisguise","TheCursedMod:VitalStrike+1","TheCursedMod:LuckyCharm"],"picked":"SKIP","floor":28},{"not_picked":["TheCursedMod:CursedArmor","TheCursedMod:CursedBlade+1","TheCursedMod:CircleOfCorruption"],"picked":"SKIP","floor":29},{"not_picked":["TheCursedMod:ManaBullet","TheCursedMod:CursedBoomerang+1"],"picked":"TheCursedMod:BlessingInDisguise","floor":30},{"not_picked":["TheCursedMod:Obscuration","TheCursedMod:SaltUponWound+1"],"picked":"TheCursedMod:Evocation","floor":31},{"not_picked":["TheCursedMod:Neurasthenia","TheCursedMod:ParallelWorld"],"picked":"TheCursedMod:DemonSword","floor":33},{"not_picked":["TheCursedMod:Obscuration+1","TheCursedMod:Stretching+1","TheCursedMod:Wield+1"],"picked":"SKIP","floor":35},{"not_picked":["TheCursedMod:CursedAmulet+1","TheCursedMod:CursedBlade+1","TheCursedMod:CircleOfFlame"],"picked":"SKIP","floor":36},{"not_picked":["TheCursedMod:CircleOfCorruption","TheCursedMod:CursedBlade+1"],"picked":"TheCursedMod:CircleOfBlood","floor":37},{"not_picked":["TheCursedMod:ReleasedStrength+1","TheCursedMod:CircleOfCorruption+1","TheCursedMod:BlessingInDisguise"],"picked":"SKIP","floor":38},{"not_picked":["TheCursedMod:RavingStaff+1","TheCursedMod:VitalStrike"],"picked":"TheCursedMod:FleshFromBone+1","floor":39},{"not_picked":["TheCursedMod:OutForBlood","TheCursedMod:VitalStrike+1","TheCursedMod:EmpowerCircles+1"],"picked":"SKIP","floor":41},{"not_picked":["TheCursedMod:CursedAmulet+1","TheCursedMod:SpitefulPlan+1","TheCursedMod:CursedMace+1"],"picked":"SKIP","floor":45},{"not_picked":["TheCursedMod:AbyssShockwave","TheCursedMod:FleshFromBone+1","TheCursedMod:Stretching+1"],"picked":"SKIP","floor":48},{"not_picked":["TheCursedMod:BloodBarrier+1","TheCursedMod:RavingStaff+1"],"picked":"TheCursedMod:NeowsMight","floor":54}],"player_experience":161678,"relics_obtained":[{"floor":6,"key":"TheCursedMod:Tack"},{"floor":9,"key":"MawBank"},{"floor":10,"key":"Replay:Baseball"},{"floor":23,"key":"Quantum Egg"},{"floor":25,"key":"ReplayTheSpireMod:Lightbulb"},{"floor":26,"key":"Bag of Marbles"},{"floor":30,"key":"PreservedInsect"},{"floor":31,"key":"Thread and Needle"},{"floor":34,"key":"Smiling Mask"},{"floor":34,"key":"TheCursedMod:BloodyHarpoon"},{"floor":34,"key":"Torii"},{"floor":41,"key":"Happy Flower"},{"floor":46,"key":"Durian"},{"floor":47,"key":"Replay:Arrowhead"},{"floor":48,"key":"Bird Faced Urn"},{"floor":54,"key":"Replay:Rubber Ducky"}],"event_choices":[{"damage_healed":0,"gold_gain":0,"player_choice":"Entered Light","damage_taken":15,"max_hp_gain":0,"max_hp_loss":0,"event_name":"Shining Light","floor":4,"gold_loss":0,"cards_upgraded":["TheCursedMod:RapidMovement","TheCursedMod:ReleasedStrength"]},{"cards_removed":["TheCursedMod:TacticalStrike"],"damage_healed":0,"gold_gain":0,"player_choice":"Card Removal","damage_taken":7,"max_hp_gain":0,"max_hp_loss":0,"event_name":"Golden Wing","floor":8,"gold_loss":0},{"damage_healed":0,"gold_gain":0,"player_choice":"Forge","damage_taken":0,"max_hp_gain":0,"max_hp_loss":0,"event_name":"Accursed Blacksmith","floor":11,"gold_loss":0,"cards_upgraded":["TheCursedMod:SpitefulPlan"]},{"damage_healed":0,"gold_gain":0,"player_choice":"Grow","damage_taken":0,"max_hp_gain":0,"max_hp_loss":0,"event_name":"Living Wall","floor":13,"gold_loss":0,"cards_upgraded":["TheCursedMod:Grudge"]},{"damage_healed":0,"gold_gain":0,"player_choice":"Read","damage_taken":0,"max_hp_gain":0,"max_hp_loss":0,"event_name":"The Library","floor":20,"gold_loss":0,"cards_obtained":["TheCursedMod:HellsGateOpen"]},{"damage_healed":0,"gold_gain":0,"player_choice":"Fight","damage_taken":0,"max_hp_gain":0,"max_hp_loss":0,"event_name":"MindBloom","floor":46,"gold_loss":0},{"damage_healed":0,"gold_gain":0,"player_choice":"Fight","damage_taken":0,"max_hp_gain":0,"max_hp_loss":0,"event_name":"Mysterious Sphere","floor":47,"gold_loss":0}],"is_beta":false,"boss_relics":[{"not_picked":["Runic Dome","ChewingGum"],"picked":"Pandora\u0027s Box"},{"not_picked":["Replay:Wanted Poster","SacredBark"],"picked":"Calling Bell"}],"items_purged_floors":[],"is_endless":false,"potions_floor_spawned":[10,14,16,19,27,29,31,33,36,39,41,46],"ascension_level":9}}