{"host":"8ipjylpxrvyj8jzh","time":1608145107,"event":{"mods":["AchievementEnabler","Aspiration","BaseMod","Better Match","Better Third Choice","BetterRewards","Card Forge","Colored Map","Displayed Cursed Tome","Energized Spire","Halation","Hubris","Infinite Spire","Minty Spire (QoL Compilation)","Quick Restart","Replay The Spire","Shop Mod","Spicy Shops","StSLib","The Animator","Treasure Hunter"],"gold_per_floor":[614,709,773,115,115,149,149,149,149,149,149,203,203,203,203,312,312,396,396,396,38,38,375,60,141,168,300,411,401,427,545,545],"floor_reached":31,"playtime":3064,"items_purged":[],"score":507,"play_id":"a23dd716-9568-4741-b4fe-0107f94078b3","local_time":"20201216115827","is_ascension_mode":true,"campfire_choices":[{"floor":7,"key":"REST"},{"data":"SashWhip","floor":15,"key":"SMITH"}],"circlet_count":0,"master_deck":["Eruption+1","Vigilance+1","Evaluate+1","Wallop+1","MasterReality+1","TH:CopperCoins+1","Wish+1","TH:CursedSword+1","SashWhip+1","Devotion+1","EmptyFist+1","Consecrate+1","Wish+1","TH:EnergyPotion+1","TH:EnergyPotion+1","Perseverance+1","TH:EnergyPotion"],"relics":["Hammer of Thor","Seething Fire","Anvil of the Gods","halation:SimulatedSpire","The Courier","Membership Card","infinitespire:EvilPickle","Juzu Bracelet","Strawberry","infinitespire:Broken Mirror","Yang","MealTicket","Potion Belt","Ginger","Guide Book","ReplayTheSpireMod:Shallot","GremlinMask","White Beast Statue","hubris:MobiusCoin","hubris:Icosahedron","halation:MonkeysPaw","hubris:BottledHeart","infinitespire:Magic Flask","halation:Jellyphish","Chameleon Ring","ReplayFunnel","halation:IllGainedPizza","Tiny Chest","halation:BlueSoulGem","aspiration:ChemicalBlood","infinitespire:Midas Blood","infinitespire:CheckeredPen","Sling","aspiration:TomeofQuesting","Juzu Bracelet","Vajra","Dream Catcher","hubris:PeanutButter"],"acts_visited":["Exordium","TheCity"],"potions_floor_usage":[6,16,25,25,31,31,31,31],"damage_taken":[{"damage":0,"enemies":"Cultist","floor":1,"turns":3},{"damage":0,"enemies":"Jaw Worm","floor":3,"turns":4},{"damage":43,"enemies":"3 Sentries","floor":6,"turns":7},{"damage":9,"enemies":"Small Slimes","floor":12,"turns":4},{"damage":91,"enemies":"Hexaghost","floor":16,"turns":20},{"damage":21,"enemies":"Spheric Guardian","floor":18,"turns":4},{"damage":0,"enemies":"Slavers","floor":23,"turns":17},{"damage":0,"enemies":"Gremlin Leader","floor":25,"turns":10},{"damage":0,"enemies":"Replay:Snechameleon","floor":27,"turns":6},{"damage":0,"enemies":"2 Thieves","floor":28,"turns":3},{"damage":4,"enemies":"3 Cultists","floor":31,"turns":7}],"seed_played":"8276500319453887537","potions_obtained":[{"floor":3,"key":"PowerPotion"},{"floor":12,"key":"ColorlessPotion"},{"floor":16,"key":"Adrenaline Potion"},{"floor":18,"key":"Languid Potion"},{"floor":23,"key":"Swift Potion"},{"floor":25,"key":"Block Potion"},{"floor":27,"key":"Weak Potion"},{"floor":28,"key":"Swift Potion"}],"is_trial":false,"path_per_floor":["M","?","M","$","?","E","R","?","T","?","?","M","?","?","R","B",null,"M","?","?","$","?","E","$","E","T","E","M","?","T","M"],"character_chosen":"WATCHER","items_purchased":["infinitespire:Broken Mirror","MentalFortress","Adaptation","MasterReality","Yang","MealTicket","Potion Belt","Ginger","Guide Book","ReplayTheSpireMod:Shallot","halation:Jellyphish","Chameleon Ring","Consecrate","ReplayFunnel","halation:IllGainedPizza","Tiny Chest","infinitespire:Midas Blood","infinitespire:CheckeredPen","Sling","aspiration:TomeofQuesting"],"campfire_rested":1,"item_purchase_floors":[4,4,4,4,4,4,4,4,4,4,21,21,21,21,21,21,24,24,24,24],"current_hp_per_floor":[72,51,51,51,51,8,31,31,31,24,17,8,8,8,8,7,79,58,1,1,1,1,1,1,1,1,1,1,1,1,0,0],"gold":545,"neow_bonus":"SIMULATED_SPIRE","is_daily":false,"chose_seed":false,"campfire_upgraded":1,"win_rate":0.0,"timestamp":1608145107,"path_taken":["M","?","M","$","?","E","R","?","T","?","?","M","?","?","R","BOSS","M","?","?","$","?","E","?","E","T","E","M","?","?","M"],"items_purchased_type":["Relic","Card","Card","Card","Relic","Relic","Relic","Relic","Relic","Relic","Relic","Relic","Card","Relic","Relic","Relic","Relic","Relic","Relic","Relic"],"build_version":"2020-12-13","purchased_purges":0,"victory":false,"max_hp_per_floor":[72,79,79,79,79,79,79,79,79,79,79,79,79,79,79,79,79,79,1,1,1,1,1,1,1,1,1,1,1,1,1,1],"card_choices":[{"not_picked":["Crescendo","SashWhip"],"picked":"Evaluate","floor":1},{"not_picked":["Conclude","SignatureMove"],"picked":"Wireheading","floor":2},{"not_picked":["Replay:BluntJabs","CrushJoints"],"picked":"Wallop","floor":2},{"not_picked":["PathToVictory","WheelKick"],"picked":"Nirvana","floor":3},{"not_picked":["TH:Mimic"],"picked":"TH:CopperCoins","floor":6},{"not_picked":["Scrawl","ClearTheMind"],"picked":"Wish","floor":6},{"not_picked":["TH:BikiniMail"],"picked":"TH:CursedSword","floor":9},{"not_picked":["Worship","Swivel"],"picked":"SashWhip","floor":12},{"not_picked":["TH:PixieDust"],"picked":"TH:ElvenBoots","floor":16},{"not_picked":["Replay:AllIn","MasterReality"],"picked":"Devotion","floor":16},{"not_picked":["EmptyMind","Prostrate"],"picked":"EmptyFist+1","floor":18},{"not_picked":["BowlingBash","PathToVictory"],"picked":"Wish","floor":23},{"not_picked":["TH:CursedSword","TH:ArmorSpikes"],"picked":"SKIP","floor":23},{"not_picked":["TH:CursedSword"],"picked":"TH:EnergyPotion","floor":25},{"not_picked":["Replay:AllIn","Ragnarok","Judgement"],"picked":"SKIP","floor":25},{"not_picked":["TH:ElvenBoots","TH:DeckOfManyThings"],"picked":"SKIP","floor":26},{"not_picked":["TH:CursedSword"],"picked":"TH:EnergyPotion","floor":27},{"not_picked":["EmptyBody+1","SignatureMove"],"picked":"Replay:Battleflow","floor":27},{"not_picked":["ClearTheMind","Replay:Hum+1"],"picked":"Perseverance","floor":28},{"not_picked":["TH:ElvenBoots"],"picked":"TH:EnergyPotion","floor":30}],"player_experience":266250,"relics_obtained":[{"floor":2,"key":"Strawberry"},{"floor":6,"key":"White Beast Statue"},{"floor":9,"key":"hubris:MobiusCoin"},{"floor":23,"key":"aspiration:ChemicalBlood"},{"floor":25,"key":"Juzu Bracelet"},{"floor":26,"key":"Vajra"},{"floor":27,"key":"Dream Catcher"}],"event_choices":[{"damage_healed":0,"gold_gain":0,"player_choice":"Trade","damage_taken":0,"relics_obtained":["GremlinMask"],"max_hp_gain":0,"max_hp_loss":0,"event_name":"FaceTrader","floor":5,"gold_loss":0},{"damage_healed":0,"gold_gain":0,"player_choice":"Damaged","damage_taken":7,"max_hp_gain":0,"max_hp_loss":0,"event_name":"Wheel of Change","floor":10,"gold_loss":0},{"cards_removed":["Steam"],"damage_healed":0,"gold_gain":0,"player_choice":"Card Removal","damage_taken":7,"max_hp_gain":0,"max_hp_loss":0,"event_name":"Golden Wing","floor":11,"gold_loss":0},{"damage_healed":0,"gold_gain":0,"player_choice":"Opened","damage_taken":0,"relics_obtained":["infinitespire:Magic Flask"],"max_hp_gain":0,"max_hp_loss":0,"event_name":"The Mausoleum","floor":20,"gold_loss":0}],"is_beta":false,"boss_relics":[{"not_picked":["Honey Jar","Painkiller Herb"],"picked":"halation:MonkeysPaw"}],"items_purged_floors":[],"is_endless":false,"potions_floor_spawned":[3,12,16,18,23,25,27,28],"killed_by":"3 Cultists","ascension_level":4}}