{"host":"keq0h3zgiuz4rmh9","time":1608104392,"event":{"mods":["AchievementEnabler","BaseMod","BetterRewards","Downfall","Duelist Mod","GifTheSpireLib","Hermit","Minty Spire (QoL Compilation)","Replay The Spire","StSLib","The Cursed","The Necromancer"],"gold_per_floor":[125,158,158,175,100,118,118,131,159,159,176,176,190,253,268,369,369,369,395,395,415,344,372,398,398,449,476,492,502,502,199,215,311,311,311,339,339,109,109,109,109,109,136,136,161,161,181,32,42,56,73,73],"floor_reached":53,"playtime":3734,"items_purged":[],"score":845,"play_id":"c670735a-024a-4662-975a-61febab73244","local_time":"20201216023952","is_ascension_mode":true,"campfire_choices":[{"data":"theDuelist:CastleWalls","floor":1,"key":"PURGE"},{"floor":3,"key":"RECALL"},{"data":"theDuelist:YamataDragon","floor":5,"key":"SMITH"},{"floor":10,"key":"REST"},{"data":"theDuelist:BlueEyesUltimate","floor":18,"key":"SMITH"},{"data":"theDuelist:GaiaDragonChamp","floor":35,"key":"SMITH"},{"data":"theDuelist:BusterBladerDDS","floor":37,"key":"SMITH"},{"data":"theDuelist:BlasterDragonInfernos","floor":44,"key":"SMITH"},{"floor":46,"key":"REST"}],"circlet_count":0,"master_deck":["theDuelist:BabyDragon","theDuelist:CastleWalls","theDuelist:CaveDragon","theDuelist:CaveDragon","theDuelist:LesserDragon","theDuelist:LesserDragon","theDuelist:Sparks+1","theDuelist:YamataDragon+1","theDuelist:GravityLash+1","theDuelist:BackgroundDragon","theDuelist:RedEyes","theDuelist:Earthquake","theDuelist:BlueEyesUltimate+1","theDuelist:BusterBladerDDS+1","theDuelist:BlackBrachios","theDuelist:SilverDragon+1","theDuelist:BlizzardDragon+1","theDuelist:DarkstormDragon","theDuelist:DarkHorus","theDuelist:EyeTimaeus+1","theDuelist:DragonCaptureJar","theDuelist:SliferSky+1","theDuelist:SliferSky+1","theDuelist:DragonShield+1","theDuelist:GaiaDragonChamp+1","theDuelist:BlasterDragonInfernos+1","theDuelist:MirageDragon+1"],"relics":["theDuelist:MillenniumPuzzle","theDuelist:CardPoolRelic","theDuelist:CardPoolBasicRelic","theDuelist:BoosterPackPoolRelic","theDuelist:CardPoolAddRelic","theDuelist:CardPoolMinusRelic","theDuelist:CardPoolSaveRelic","theDuelist:CardPoolOptionsRelic","Replay:Mystery Machine","downfall:HeartBlessingRed","Bottled Flame","Blue Doll","theDuelist:TributeEggRelic","Painkiller Herb","theDuelist:DuelistOrichalcum","Solar Panel","Replay:Wax Seal","Durian","Pocketwatch","Gambling Chip","Darkstone Periapt","theDuelist:MetronomeRelicB","ReplayTheSpireMod:DimensionalGlitch","Chameleon Ring","Whetstone","Guide Book","Molten Egg 2","Replay:Towering Pillar of Hats","Blood Vial","theDuelist:BoosterBetterBoostersRelic","TwistedFunnel"],"acts_visited":["Exordium","TheCity","TheBeyond"],"potions_floor_usage":[16,16,32,33,33,50,52,52,52],"damage_taken":[{"damage":18,"enemies":"Gremlin Nob","floor":2,"turns":4},{"damage":0,"enemies":"Cultist","floor":4,"turns":2},{"damage":4,"enemies":"Small Slimes","floor":6,"turns":2},{"damage":10,"enemies":"Jaw Worm","floor":8,"turns":2},{"damage":10,"enemies":"Replay:BlueRogue","floor":9,"turns":4},{"damage":0,"enemies":"2 Fungi Beasts","floor":11,"turns":2},{"damage":10,"enemies":"Exordium Wildlife","floor":13,"turns":3},{"damage":13,"enemies":"Gremlin Nob","floor":14,"turns":3},{"damage":0,"enemies":"Blue Slaver","floor":15,"turns":2},{"damage":13,"enemies":"downfall:Ironclad","floor":16,"turns":6},{"damage":38,"enemies":"Gremlin Leader","floor":19,"turns":5},{"damage":0,"enemies":"Chosen","floor":20,"turns":1},{"damage":2,"enemies":"Cultist and Chosen","floor":21,"turns":6},{"damage":12,"enemies":"Replay:Snechameleon","floor":23,"turns":3},{"damage":1,"enemies":"Replay:Snechameleon","floor":26,"turns":7},{"damage":6,"enemies":"theDuelist:KaibaA2","floor":27,"turns":3},{"damage":0,"enemies":"Snecko","floor":28,"turns":2},{"damage":11,"enemies":"Shelled Parasite and Fungi","floor":29,"turns":3},{"damage":0,"enemies":"downfall:FleeingMerchant","floor":31,"turns":4},{"damage":0,"enemies":"Chosen and Byrds","floor":32,"turns":6},{"damage":10,"enemies":"downfall:Watcher","floor":33,"turns":6},{"damage":18,"enemies":"Nemesis","floor":36,"turns":7},{"damage":3,"enemies":"downfall:FleeingMerchant","floor":38,"turns":4},{"damage":14,"enemies":"R_Hoarder","floor":45,"turns":8},{"damage":11,"enemies":"3 Darklings","floor":47,"turns":5},{"damage":16,"enemies":"3 Shapes","floor":49,"turns":2},{"damage":28,"enemies":"3 Darklings","floor":50,"turns":4},{"damage":0,"enemies":"Spire Growth","floor":51,"turns":3},{"damage":17,"enemies":"downfall:Defect","floor":52,"turns":6}],"seed_played":"7145092900817142346","potions_obtained":[{"floor":8,"key":"Explosive Potion"},{"floor":9,"key":"Ancient Potion"},{"floor":15,"key":"theDuelist:BabyPotion"},{"floor":16,"key":"BlessingOfTheForge"},{"floor":19,"key":"Strength Potion"},{"floor":23,"key":"Swift Potion"},{"floor":41,"key":"theDuelist:DebuffFuryPotion"},{"floor":41,"key":"theDuelist:DebuffFuryPotion"},{"floor":45,"key":"theDuelist:WaterBottle"},{"floor":50,"key":"Strength Potion"}],"is_trial":false,"path_per_floor":["R","E","R","M","R","M","T","M","E","R","M","?","M","?","M","B",null,"T","E","?","?","?","E","T","?","?","E","?","?","?","T","?","B",null,"T","E","T","T","PTL","PTL","T","T","T","T","E","T","?","T","?","?","?","B",null],"character_chosen":"THE_DUELIST","items_purchased":["theDuelist:SliferSky","theDuelist:DragonShield+1","theDuelist:MetronomeRelicB","Whetstone","Guide Book","Molten Egg 2","TwistedFunnel"],"campfire_rested":2,"item_purchase_floors":[31,31,31,38,38,38,48],"current_hp_per_floor":[88,70,70,70,70,66,66,56,46,72,72,72,62,49,49,36,88,88,50,50,48,48,36,36,36,40,34,34,23,23,23,23,13,93,93,75,75,72,72,72,72,72,72,72,59,86,76,76,61,34,35,19],"gold":73,"neow_bonus":"TEN_PERCENT_HP_BONUS","is_daily":false,"chose_seed":false,"campfire_upgraded":5,"win_rate":0.0,"timestamp":1608104392,"path_taken":["R","E","R","M","R","M","T","M","E","R","M","?","M","?","M","BOSS","T","E","?","?","?","E","T","?","?","E","?","?","?","T","?","BOSS","T","E","T","T","PTL","PTL","T","?","T","T","E","T","?","T","?","?","?","BOSS"],"items_purchased_type":["Card","Card","Relic","Relic","Relic","Relic","Relic"],"build_version":"2020-12-13","purchased_purges":0,"victory":true,"max_hp_per_floor":[88,88,88,88,88,88,88,88,88,88,88,88,88,88,88,88,88,88,88,88,88,88,88,88,88,93,93,93,93,93,93,93,93,93,93,93,93,93,93,93,93,93,93,93,93,93,93,93,93,93,93,93],"card_choices":[{"not_picked":["theDuelist:TailSwipe+1","theDuelist:Destroyersaurus+1"],"picked":"theDuelist:GravityLash+1","floor":2},{"not_picked":["theDuelist:WhiteNightDragon","theDuelist:TornadoDragon","theDuelist:CyberDragonVier","theDuelist:AncientDragon"],"picked":"theDuelist:BackgroundDragon","floor":4},{"not_picked":["theDuelist:AtomicScrapDragon","theDuelist:AncientGearGadjiltron"],"picked":"theDuelist:RedEyes","floor":6},{"not_picked":["theDuelist:MadSwordBeast","theDuelist:DreadnoughtDreadnoid","theDuelist:HorusServant","theDuelist:SystemDown","theDuelist:AncientGearGadjiltron"],"picked":"SKIP","floor":8},{"not_picked":["theDuelist:SpiralSpearStrike","theDuelist:HymnOfLight","theDuelist:Dracocension","theDuelist:UltraEvolutionPill"],"picked":"theDuelist:Earthquake","floor":9},{"not_picked":["theDuelist:RainbowOverdragon","theDuelist:BlueBloodedOni","theDuelist:BattleguardKing","theDuelist:FeatherPho","theDuelist:ImperialOrder"],"picked":"SKIP","floor":11},{"not_picked":["theDuelist:GiantRex","theDuelist:FiveHeaded","theDuelist:GravityLash"],"picked":"SKIP","floor":13},{"not_picked":["theDuelist:MirageDragon","theDuelist:Kabazauls","theDuelist:CyberTwinDragon","theDuelist:BlackBrutdrago"],"picked":"theDuelist:BlueEyesUltimate","floor":15},{"not_picked":["theDuelist:TailSwipe","theDuelist:Scapegoat","theDuelist:Lancephorhynchus","theDuelist:BerserkScales"],"picked":"theDuelist:BusterBladerDDS","floor":16},{"not_picked":["theDuelist:DragonZombie","theDuelist:CyberDragonDrei","theDuelist:DreadnoughtDreadnoid","theDuelist:CyberTwinDragon"],"picked":"theDuelist:BlackBrachios","floor":19},{"not_picked":["theDuelist:CyberDinosaur","theDuelist:CyberDragonNachster+1","theDuelist:DefenseZone+1","theDuelist:AncientPixieDragon"],"picked":"theDuelist:SilverDragon+1","floor":20},{"not_picked":["theDuelist:RedEyesZombie","theDuelist:GravityLash+1"],"picked":"theDuelist:BlizzardDragon","floor":21},{"not_picked":["theDuelist:SystemDown","theDuelist:Mountain","theDuelist:JurassicImpact","theDuelist:CyberDragonSieger"],"picked":"SKIP","floor":23},{"not_picked":["theDuelist:MirageDragon","theDuelist:MaskedDragon","theDuelist:BlackPtera","theDuelist:Destroyersaurus"],"picked":"theDuelist:DarkHorus","floor":26},{"not_picked":["theDuelist:CyberDinosaur","theDuelist:SnowDragon","theDuelist:Hydrogeddon+1","theDuelist:SilverDragon"],"picked":"theDuelist:EyeTimaeus+1","floor":27},{"not_picked":["theDuelist:ScrapIronScarecrow","theDuelist:DefensiveTactics","theDuelist:CyberneticOverflow","theDuelist:SeismicShockwave+1"],"picked":"theDuelist:DragonCaptureJar","floor":28},{"not_picked":["theDuelist:SpiralSpearStrike+1","theDuelist:DragonShield+1","theDuelist:DragonCaptureJar","theDuelist:DefenseZone+1","theDuelist:DefenseDraw"],"picked":"SKIP","floor":29},{"not_picked":["theDuelist:BattleguardKing","theDuelist:Hinotama","theDuelist:LightningDarts","theDuelist:RainbowOverdragon","theDuelist:BigFire+1"],"picked":"SKIP","floor":31},{"not_picked":["theDuelist:BattleguardKing","theDuelist:BigFire","theDuelist:Hinotama","theDuelist:RainbowOverdragon","theDuelist:LightningDarts"],"picked":"SKIP","floor":32},{"not_picked":["theDuelist:WaterDragon+1","theDuelist:SeismicShockwave","theDuelist:CyberDragonInfinity","theDuelist:ChimeratechOverdragon"],"picked":"theDuelist:GaiaDragonChamp","floor":33},{"not_picked":["theDuelist:WaterDragon+1","theDuelist:QueenDragunDjinn","theDuelist:OceanDragonLord","theDuelist:CyberDragonInfinity+1","theDuelist:BlueDuston+1"],"picked":"SKIP","floor":36},{"not_picked":["theDuelist:WaterDragon+1","theDuelist:LostWorld+1"],"picked":"theDuelist:BlasterDragonInfernos","floor":38},{"not_picked":["theDuelist:Destroyersaurus+1","theDuelist:OneDayPeace+1","theDuelist:DragonCaptureJar","theDuelist:BlacklandFireDragon+1"],"picked":"theDuelist:MirageDragon+1","floor":45},{"not_picked":["theDuelist:RainbowOverdragon+1","theDuelist:RedMedicine+1","theDuelist:Jinzo","theDuelist:JamBreeding","theDuelist:BigEye+1"],"picked":"SKIP","floor":47},{"not_picked":["theDuelist:CyberDinosaur+1","theDuelist:Frostosaurus+1","theDuelist:TornadoDragon+1","theDuelist:AmuletDragon+1","theDuelist:Sabersaurus+1"],"picked":"SKIP","floor":49},{"not_picked":["theDuelist:AncientGearGadjiltron+1","theDuelist:Dracocension+1","theDuelist:CyberDinosaur+1","theDuelist:Vandalgyon","theDuelist:TwinHeadedBehemoth+1"],"picked":"SKIP","floor":50},{"not_picked":["theDuelist:FiveHeaded+1","theDuelist:FireDarts+1","theDuelist:BeserkDragon+1"],"picked":"SKIP","floor":51}],"player_experience":151211,"relics_obtained":[{"floor":2,"key":"Replay:Mystery Machine"},{"floor":7,"key":"Bottled Flame"},{"floor":9,"key":"Blue Doll"},{"floor":14,"key":"theDuelist:TributeEggRelic"},{"floor":19,"key":"theDuelist:DuelistOrichalcum"},{"floor":23,"key":"Solar Panel"},{"floor":24,"key":"Replay:Wax Seal"},{"floor":26,"key":"Durian"},{"floor":26,"key":"Pocketwatch"},{"floor":26,"key":"Gambling Chip"},{"floor":27,"key":"Darkstone Periapt"},{"floor":36,"key":"Chameleon Ring"},{"floor":42,"key":"Replay:Towering Pillar of Hats"},{"floor":43,"key":"Blood Vial"},{"floor":45,"key":"theDuelist:BoosterBetterBoostersRelic"}],"event_choices":[{"damage_healed":0,"gold_gain":0,"player_choice":"Purchased Darkstorm Dragon for 71 Gold.","duelist":true,"damage_taken":0,"max_hp_gain":0,"max_hp_loss":0,"event_name":"Card Trader","floor":22,"gold_loss":0},{"damage_healed":0,"gold_gain":0,"player_choice":"Fight","duelist":true,"damage_taken":0,"max_hp_gain":0,"max_hp_loss":0,"event_name":"Battle City","floor":26,"gold_loss":0},{"cards_removed":["theDuelist:Sparks"],"damage_healed":0,"gold_gain":0,"player_choice":"Card Removal","damage_taken":0,"max_hp_gain":0,"max_hp_loss":0,"event_name":"Wheel of Change","floor":30,"gold_loss":0}],"is_beta":false,"boss_relics":[{"not_picked":["Replay:Bronze Core","Snecko Eye"],"picked":"Painkiller Herb"},{"not_picked":["Replay:Wanted Poster","Abe\u0027s Treasure"],"picked":"ReplayTheSpireMod:DimensionalGlitch"}],"items_purged_floors":[],"is_endless":false,"potions_floor_spawned":[8,9,15,16,19,21,23,27,29,45,49,50,51],"ascension_level":1}}