{"host":"mkv3lj8gfkr85ioo","time":1608082662,"event":{"mods":["AchievementEnabler","BaseMod","Colored Map","Minty Spire (QoL Compilation)","SuperFastMode"],"gold_per_floor":[110,110,127,127,127,162,162,201,252,107,32,59,68,68,68,180,180,180,180,165,165,65,65,65,65,65,65,1,1,1,1,1,1,1,1,1,1,1,1,1,1,1,1,1,1,1,1,1,1,1],"floor_reached":51,"playtime":1040,"items_purged":["Defend_R","Strike_R"],"score":805,"play_id":"207d69cb-4ba1-4b1d-9ba9-7929e1c42d7e","local_time":"20201216103742","is_ascension_mode":false,"campfire_choices":[{"data":"Impervious","floor":7.0,"key":"SMITH"},{"floor":13.0,"key":"REST"},{"data":"Body Slam","floor":15.0,"key":"SMITH"},{"data":"Offering","floor":23.0,"key":"SMITH"},{"data":"Shrug It Off","floor":29.0,"key":"SMITH"},{"data":"Dropkick","floor":32.0,"key":"SMITH"},{"floor":40.0,"key":"REST"},{"data":"Barricade","floor":42.0,"key":"SMITH"},{"data":"Strike_R","floor":45.0,"key":"PURGE"},{"data":"Strike_R","floor":49.0,"key":"PURGE"}],"circlet_count":0,"master_deck":["Strike_R","Defend_R","Defend_R","Bash+1","Impervious+1","Shrug It Off+1","Shrug It Off","Body Slam+1","Offering+1","Dropkick+1","Impervious","Entrench+1","Seeing Red+1","Barricade+1"],"relics":["Burning Blood","NeowsBlessing","Centennial Puzzle","CeramicFish","Pear","Dream Catcher","Bronze Scales","Ectoplasm","StrikeDummy","Ancient Tea Set","Cursed Key","Peace Pipe"],"acts_visited":["Exordium","TheCity","TheBeyond"],"potions_floor_usage":[50,50,50],"damage_taken":[{"damage":0.0,"enemies":"Jaw Worm","floor":1.0,"turns":1.0},{"damage":0.0,"enemies":"Small Slimes","floor":3.0,"turns":1.0},{"damage":0.0,"enemies":"Lagavulin","floor":6.0,"turns":1.0},{"damage":22.0,"enemies":"3 Sentries","floor":8.0,"turns":9.0},{"damage":0.0,"enemies":"2 Louse","floor":12.0,"turns":2.0},{"damage":1.0,"enemies":"The Guardian","floor":16.0,"turns":10.0},{"damage":6.0,"enemies":"3 Byrds","floor":18.0,"turns":4.0},{"damage":6.0,"enemies":"2 Thieves","floor":20.0,"turns":2.0},{"damage":7.0,"enemies":"Cultist and Chosen","floor":21.0,"turns":3.0},{"damage":6.0,"enemies":"Centurion and Healer","floor":25.0,"turns":4.0},{"damage":6.0,"enemies":"Snecko","floor":30.0,"turns":2.0},{"damage":45.0,"enemies":"Champ","floor":33.0,"turns":6.0},{"damage":12.0,"enemies":"3 Darklings","floor":35.0,"turns":7.0},{"damage":6.0,"enemies":"3 Shapes","floor":37.0,"turns":3.0},{"damage":17.0,"enemies":"3 Darklings","floor":38.0,"turns":3.0},{"damage":6.0,"enemies":"Mind Bloom Boss Battle","floor":39.0,"turns":5.0},{"damage":6.0,"enemies":"Maw","floor":44.0,"turns":4.0},{"damage":6.0,"enemies":"Spire Growth","floor":46.0,"turns":1.0},{"damage":6.0,"enemies":"Transient","floor":47.0,"turns":5.0},{"damage":6.0,"enemies":"Sphere and 2 Shapes","floor":48.0,"turns":5.0},{"damage":6,"enemies":"Awakened One","floor":50,"turns":4}],"seed_played":"6362182903900522755","potions_obtained":[{"floor":6.0,"key":"Strength Potion"},{"floor":8.0,"key":"Swift Potion"},{"floor":16.0,"key":"EntropicBrew"},{"floor":21.0,"key":"AttackPotion"},{"floor":30.0,"key":"Block Potion"},{"floor":35.0,"key":"Dexterity Potion"},{"floor":37.0,"key":"Dexterity Potion"},{"floor":38.0,"key":"FearPotion"}],"is_trial":false,"path_per_floor":["M","?","M","?","?","E","R","E","T","$","$","M","R","?","R","B",null,"M","?","M","M","$","R","?","M","T","?","?","R","M","?","R","B",null,"M","?","M","M","?","R","?","R","T","M","R","M","M","M","R","B",null],"character_chosen":"IRONCLAD","items_purchased":["Bronze Scales"],"campfire_rested":2,"item_purchase_floors":[10],"current_hp_per_floor":[80,80,80,68,61,67,67,61,61,61,61,67,90,95,95,95,95,95,95,95,94,94,94,94,94,94,94,94,94,94,94,94,55,95,89,89,89,78,78,95,95,95,95,95,95,95,95,95,95,95],"gold":1,"neow_bonus":"THREE_ENEMY_KILL","is_daily":false,"chose_seed":false,"campfire_upgraded":6,"win_rate":0.0,"timestamp":1608082662,"path_taken":["M","?","M","?","?","E","R","E","T","$","?","M","R","?","R","BOSS","M","?","M","M","$","R","?","M","T","?","?","R","?","?","R","BOSS","M","?","M","M","?","R","?","R","T","M","R","M","M","?","R","BOSS"],"items_purchased_type":["Relic"],"build_version":"2020-12-13","purchased_purges":2,"victory":true,"max_hp_per_floor":[80,80,80,80,80,80,80,90,90,90,90,90,90,95,95,95,95,95,95,95,95,95,95,95,95,95,95,95,95,95,95,95,95,95,95,95,95,95,95,95,95,95,95,95,95,95,95,95,95,95],"card_choices":[{"not_picked":["Armaments","Warcry","True Grit"],"picked":"SKIP","floor":1.0},{"not_picked":["Blood for Blood","Warcry","Pommel Strike"],"picked":"SKIP","floor":3.0},{"not_picked":["Thunderclap","Pommel Strike"],"picked":"Impervious","floor":6.0},{"not_picked":["Offering","Perfected Strike"],"picked":"Shrug It Off","floor":8.0},{"not_picked":["Clothesline","True Grit"],"picked":"Shrug It Off","floor":12.0},{"not_picked":["Perfected Strike","Sword Boomerang"],"picked":"Body Slam","floor":13.0},{"not_picked":["Immolate","Demon Form"],"picked":"Offering","floor":16.0},{"not_picked":["True Grit","Headbutt","Iron Wave"],"picked":"SKIP","floor":18.0},{"not_picked":["Burning Pact","Searing Blow","Havoc"],"picked":"SKIP","floor":20.0},{"not_picked":["Uppercut+1","Thunderclap","Wild Strike+1"],"picked":"SKIP","floor":21.0},{"not_picked":["Clothesline+1","Offering","True Grit"],"picked":"SKIP","floor":25.0},{"not_picked":["Heavy Blade+1","Iron Wave"],"picked":"Dropkick","floor":30.0},{"not_picked":["Double Tap","Fiend Fire"],"picked":"Impervious","floor":33.0},{"not_picked":["True Grit","Twin Strike+1","Havoc"],"picked":"SKIP","floor":35.0},{"not_picked":["Iron Wave+1","Hemokinesis","Clothesline"],"picked":"SKIP","floor":37.0},{"not_picked":["Cleave+1","Body Slam+1"],"picked":"Entrench+1","floor":38.0},{"not_picked":["Headbutt+1","Rampage+1"],"picked":"Seeing Red+1","floor":39.0},{"not_picked":["Pommel Strike","Body Slam+1"],"picked":"Barricade","floor":40.0},{"not_picked":["Shockwave","Evolve","Uppercut+1"],"picked":"SKIP","floor":44.0},{"not_picked":["True Grit","Clothesline+1","Anger+1"],"picked":"SKIP","floor":46.0},{"not_picked":["Uppercut+1","Clash+1","Thunderclap+1"],"picked":"SKIP","floor":47.0},{"not_picked":["Perfected Strike","True Grit+1","Fire Breathing"],"picked":"SKIP","floor":48.0}],"player_experience":154336,"relics_obtained":[{"floor":6.0,"key":"CeramicFish"},{"floor":8.0,"key":"Pear"},{"floor":9.0,"key":"Dream Catcher"},{"floor":26.0,"key":"StrikeDummy"},{"floor":39.0,"key":"Peace Pipe"}],"event_choices":[{"damage_healed":0.0,"max_hp_gain":0.0,"max_hp_loss":0.0,"gold_gain":0.0,"event_name":"Living Wall","player_choice":"Grow","floor":2.0,"gold_loss":0.0,"damage_taken":0.0,"cards_upgraded":["Bash"]},{"damage_healed":0.0,"max_hp_gain":0.0,"max_hp_loss":0.0,"gold_gain":0.0,"event_name":"Scrap Ooze","player_choice":"Success","floor":4.0,"gold_loss":0.0,"damage_taken":12.0,"relics_obtained":["Centennial Puzzle"]},{"cards_removed":["Strike_R"],"damage_healed":0.0,"max_hp_gain":0.0,"max_hp_loss":0.0,"gold_gain":0.0,"event_name":"Golden Wing","player_choice":"Card Removal","floor":5.0,"gold_loss":0.0,"damage_taken":7.0},{"damage_healed":0.0,"max_hp_gain":5.0,"max_hp_loss":0.0,"gold_gain":0.0,"event_name":"Big Fish","player_choice":"Donut","floor":14.0,"gold_loss":0.0,"damage_taken":0.0},{"damage_healed":0.0,"max_hp_gain":0.0,"max_hp_loss":0.0,"gold_gain":0.0,"event_name":"Cursed Tome","player_choice":"Ignored","floor":19.0,"gold_loss":0.0,"damage_taken":0.0},{"damage_healed":0.0,"max_hp_gain":0.0,"max_hp_loss":0.0,"gold_gain":0.0,"event_name":"Vampires","player_choice":"Ignored","floor":27.0,"gold_loss":0.0,"damage_taken":0.0},{"damage_healed":0.0,"max_hp_gain":0.0,"max_hp_loss":0.0,"gold_gain":0.0,"event_name":"WeMeetAgain","player_choice":"Paid Gold","floor":28.0,"gold_loss":64.0,"damage_taken":0.0,"relics_obtained":["Ancient Tea Set"]},{"damage_healed":0.0,"max_hp_gain":0.0,"max_hp_loss":0.0,"gold_gain":0.0,"event_name":"Ghosts","player_choice":"Ignored","floor":31.0,"gold_loss":0.0,"damage_taken":0.0},{"cards_removed":["Defend_R"],"damage_healed":0.0,"max_hp_gain":0.0,"max_hp_loss":0.0,"gold_gain":0.0,"event_name":"Falling","player_choice":"Removed Skill","floor":36.0,"gold_loss":0.0,"damage_taken":0.0},{"damage_healed":0.0,"max_hp_gain":0.0,"max_hp_loss":0.0,"gold_gain":0.0,"event_name":"MindBloom","player_choice":"Fight","floor":39.0,"gold_loss":0.0,"damage_taken":0.0},{"damage_healed":0.0,"max_hp_gain":0.0,"max_hp_loss":0.0,"gold_gain":0.0,"event_name":"NoteForYourself","player_choice":"Ignored","floor":41.0,"gold_loss":0.0,"damage_taken":0.0}],"is_beta":false,"boss_relics":[{"not_picked":["Runic Cube","Runic Dome"],"picked":"Ectoplasm"},{"not_picked":["Black Blood","Velvet Choker"],"picked":"Cursed Key"}],"items_purged_floors":[11,22],"is_endless":false,"potions_floor_spawned":[6,8,16,21,30,35,37,38,39],"ascension_level":0}}