{"host":"6xsbn6ynqlzwllfm","time":1608159672,"event":{"mods":["2.2 Compatiblity","BaseMod","Bestiary","Colored Map","Colored Powertips","Curses Come First","Downfall","Highlight Path","Keyboard Shortcuts","Minty Spire (QoL Compilation)","Quick Restart","Relic Stats","Slay the Relics Exporter","StSLib","SuperFastMode"],"gold_per_floor":[117,117,136,211,222,222,254,254,254,270,270,283,283,297,297,393,393,407,9,9,9,0,0],"floor_reached":22,"playtime":1028,"items_purged":["Guardian:Defend_Guardian"],"score":313,"play_id":"fdcf1276-6350-4628-9775-e970109dbe6e","local_time":"20201216180112","is_ascension_mode":true,"campfire_choices":[{"data":"Guardian:MultiBeam","floor":6,"key":"SMITH"},{"data":"Guardian:CurlUp","floor":8,"key":"SMITH"},{"data":"Guardian:PrismaticBarrier","floor":13,"key":"SMITH"},{"data":"Guardian:Orbwalk","floor":15,"key":"SMITH"}],"circlet_count":0,"master_deck":["AscendersBane","Guardian:Strike_Guardian","Guardian:Strike_Guardian","Guardian:Defend_Guardian","Guardian:Defend_Guardian","Guardian:Defend_Guardian","Guardian:CurlUp+1","Guardian:TwinSlam","Guardian:MultiBeam+1","Madness","Guardian:PrimingBeam","Guardian:PrimingBeam","Guardian:Orbwalk+1","Guardian:StasisEngine","Guardian:PrismaticBarrier+1","Guardian:Recover","Guardian:GemFinder","Guardian:Gem_Cyan","Guardian:SpikerProtocol","Guardian:BronzeOrb"],"relics":["Guardian:ModeShifter","NeowsBlessing","Pocketwatch","Letter Opener","Golden Idol","Empty Cage","Toxic Egg 2","MutagenicStrength"],"acts_visited":["Exordium","TheCity"],"potions_floor_usage":[],"damage_taken":[{"damage":0,"enemies":"2 Louse","floor":1,"turns":1},{"damage":0,"enemies":"Cultist","floor":3,"turns":1},{"damage":0,"enemies":"Small Slimes","floor":5,"turns":1},{"damage":15,"enemies":"Lagavulin","floor":7,"turns":7},{"damage":0,"enemies":"Exordium Wildlife","floor":10,"turns":2},{"damage":3,"enemies":"Blue Slaver","floor":12,"turns":4},{"damage":11,"enemies":"Exordium Thugs","floor":14,"turns":4},{"damage":34,"enemies":"Slime Boss","floor":16,"turns":10},{"damage":26,"enemies":"Shell Parasite","floor":18,"turns":9},{"damage":11,"enemies":"2 Thieves","floor":22,"turns":2}],"seed_played":"-582492105233307464","potions_obtained":[{"floor":1,"key":"EssenceOfSteel"},{"floor":3,"key":"FairyPotion"},{"floor":16,"key":"FearPotion"}],"is_trial":false,"path_per_floor":["M","?","M","?","M","R","E","R","T","M","?","M","R","M","R","B",null,"M","$","?","$","M"],"character_chosen":"GUARDIAN","items_purchased":["Toxic Egg 2","Guardian:BronzeOrb"],"campfire_rested":0,"item_purchase_floors":[19,19],"current_hp_per_floor":[65,65,65,54,54,54,39,39,39,39,39,36,36,25,25,12,53,27,27,27,27,16,16],"gold":0,"neow_bonus":"THREE_ENEMY_KILL","is_daily":false,"chose_seed":false,"campfire_upgraded":4,"win_rate":0.0,"timestamp":1608159672,"path_taken":["M","?","?","?","M","R","E","R","T","M","?","M","R","M","R","BOSS","M","$","?","$","M"],"items_purchased_type":["Relic","Card"],"build_version":"2020-12-13","purchased_purges":1,"victory":false,"max_hp_per_floor":[72,72,72,72,72,72,72,72,72,72,67,67,67,67,67,67,67,67,67,67,67,67,67],"relic_stats":{"counters":[10,41],"Golden Idol":28,"Letter Opener":[10],"obtain_stats":[{"NeowsBlessing":0,"Golden Idol":11,"MutagenicStrength":20,"Guardian:ModeShifter":0,"Letter Opener":9,"Toxic Egg 2":19,"Empty Cage":17,"Pocketwatch":7},{"NeowsBlessing":0,"Golden Idol":5,"MutagenicStrength":9,"Guardian:ModeShifter":0,"Letter Opener":4,"Toxic Egg 2":9,"Empty Cage":8,"Pocketwatch":4},{"NeowsBlessing":0,"Golden Idol":12,"MutagenicStrength":39,"Guardian:ModeShifter":0,"Letter Opener":10,"Toxic Egg 2":39,"Empty Cage":30,"Pocketwatch":10}],"Pocketwatch":[45]},"card_choices":[{"not_picked":["Guardian:Recover","Guardian:Gem_Lightblue"],"picked":"Guardian:MultiBeam","floor":1},{"not_picked":["Guardian:TimeCapacitor","Guardian:BronzeOrb"],"picked":"Guardian:PrimingBeam","floor":3},{"not_picked":["Guardian:ShieldCharger","Guardian:VentSteam"],"picked":"Guardian:Orbwalk","floor":5},{"not_picked":["Guardian:ShieldSpikes","Guardian:ShieldCharger"],"picked":"Guardian:StasisEngine","floor":7},{"not_picked":["Guardian:CrystalBeam","Guardian:Gem_Fragmented"],"picked":"Guardian:Gem_Yellow","floor":10},{"not_picked":["Guardian:ChargeCore","Guardian:PrimingBeam"],"picked":"Guardian:PrismaticBarrier","floor":12},{"not_picked":["Guardian:VentSteam","Guardian:ChargeUp"],"picked":"Guardian:Recover","floor":14},{"not_picked":["Guardian:BaubleBeam","Guardian:ConstructionForm"],"picked":"Guardian:GemFinder","floor":16},{"not_picked":["Guardian:Gem_Green","Guardian:Gem_Red"],"picked":"Guardian:Gem_Cyan","floor":18},{"not_picked":["Guardian:Gem_Lightblue","Guardian:RefractedBeam"],"picked":"Guardian:SpikerProtocol","floor":18}],"player_experience":1239246,"relics_obtained":[{"floor":7,"key":"Pocketwatch"},{"floor":9,"key":"Letter Opener"}],"event_choices":[{"damage_healed":0,"gold_gain":0,"player_choice":"2 cards matched","damage_taken":0,"max_hp_gain":0,"max_hp_loss":0,"event_name":"Match and Keep!","floor":2,"gold_loss":0,"cards_obtained":["Madness","Guardian:PrimingBeam"]},{"damage_healed":0,"gold_gain":75,"player_choice":"Gather Gold","damage_taken":11,"max_hp_gain":0,"max_hp_loss":0,"event_name":"World of Goop","floor":4,"gold_loss":0},{"damage_healed":0,"gold_gain":0,"player_choice":"Lose Max HP","damage_taken":0,"relics_obtained":["Golden Idol"],"max_hp_gain":0,"max_hp_loss":5,"event_name":"Golden Idol","floor":11,"gold_loss":0},{"damage_healed":0,"gold_gain":0,"player_choice":"Inject Mutagens","damage_taken":0,"relics_obtained":["MutagenicStrength"],"max_hp_gain":0,"max_hp_loss":0,"event_name":"Drug Dealer","floor":20,"gold_loss":0}],"is_beta":false,"boss_relics":[{"not_picked":["Runic Dome","Velvet Choker"],"picked":"Empty Cage"}],"items_purged_floors":[19],"is_endless":false,"potions_floor_spawned":[1,3,16],"killed_by":"2 Thieves","ascension_level":14}}