{"host":"y89x8uui45kcjy42","time":1608113255,"event":{"mods":["2.2 Compatiblity","BaseMod","CapriCore","Colored Map","Colored Powertips","Custom Start","Friendly Minions","Highlight Path","Keyboard Shortcuts","Minty Spire (QoL Compilation)","Relic Stats","Slay the Relics Exporter","StSLib","SuperFastMode","The Gatherer","Waifu the Spire"],"gold_per_floor":[110,121,71,82,82,82,102,130,130,150,168,184,195,221,221,324,324,335,335,260,280,299,299,325,295,295,322,341,341,352,352,352,453,453,470,493,511,411,411,411,425,440,494,528,438,438,438,438],"floor_reached":46,"playtime":1683,"items_purged":["Gatherer:Strike_Gatherer","Gatherer:Strike_Gatherer"],"score":529,"play_id":"9a73d310-ee42-43f7-8afa-f7d8a7cd5256","local_time":"20201216190735","is_ascension_mode":true,"metric_token":1053,"campfire_choices":[{"floor":6,"key":"RECALL"},{"floor":15,"key":"REST"},{"floor":23,"key":"REST"},{"floor":29,"key":"REST"},{"floor":32,"key":"REST"},{"floor":40,"key":"REST"}],"circlet_count":0,"master_deck":["Gatherer:Defend_Gatherer","Gatherer:Defend_Gatherer","Gatherer:Centralize","Gatherer:FlowerWhip","Gatherer:FlowerBeam","Gatherer:Snatch","Gatherer:SmartManeuver+1","Gatherer:BambuSword","Gatherer:Photoscythe+1","Gatherer:PoisonMastery","Gatherer:PoisonMastery+1","Gatherer:RottenStipe+1","Gatherer:CarefulStrike+1","Gatherer:FlowerBeam+1","Gatherer:Solidify+1","Gatherer:BlackTea+1","CurseOfTheBell","Gatherer:DrugPower+1","Gatherer:EnergyBasket+1"],"relics":["Fusion Hammer","Regal Pillow","Gatherer:MistGenerator","Blue Candle","Astrolabe","Tiny Chest","Meat on the Bone","Matryoshka","Darkstone Periapt","Calling Bell","Vajra","Kunai","Incense Burner","Bronze Scales","Boot","Art of War","Bag of Marbles","War Paint"],"acts_visited":["Exordium","TheCity","TheBeyond"],"potions_floor_usage":[14,14,24,27,33,33,35,37,41],"damage_taken":[{"damage":1,"enemies":"Cultist","floor":1,"turns":3},{"damage":0,"enemies":"2 Louse","floor":2,"turns":3},{"damage":0,"enemies":"Small Slimes","floor":4,"turns":2},{"damage":2,"enemies":"2 Fungi Beasts","floor":7,"turns":3},{"damage":27,"enemies":"3 Sentries","floor":8,"turns":6},{"damage":4,"enemies":"Gremlin Gang","floor":10,"turns":2},{"damage":5,"enemies":"Looter","floor":11,"turns":2},{"damage":5,"enemies":"Large Slime","floor":12,"turns":3},{"damage":6,"enemies":"Lots of Slimes","floor":13,"turns":2},{"damage":12,"enemies":"Gremlin Nob","floor":14,"turns":3},{"damage":34,"enemies":"Slime Boss","floor":16,"turns":11},{"damage":5,"enemies":"3 Byrds","floor":18,"turns":3},{"damage":10,"enemies":"Chosen","floor":21,"turns":3},{"damage":30,"enemies":"Snake Plant","floor":22,"turns":3},{"damage":35,"enemies":"Book of Stabbing","floor":24,"turns":4},{"damage":27,"enemies":"Slavers","floor":27,"turns":4},{"damage":10,"enemies":"Cultist and Chosen","floor":28,"turns":4},{"damage":17,"enemies":"Centurion and Healer","floor":30,"turns":5},{"damage":59,"enemies":"Collector","floor":33,"turns":7},{"damage":10,"enemies":"Orb Walker","floor":35,"turns":2},{"damage":24,"enemies":"3 Darklings","floor":37,"turns":3},{"damage":12,"enemies":"4 Shapes","floor":41,"turns":4},{"damage":16,"enemies":"Maw","floor":42,"turns":5},{"damage":27,"enemies":"Nemesis","floor":44,"turns":4},{"damage":60,"enemies":"Reptomancer","floor":46,"turns":2}],"seed_played":"-4060398745053548700","potions_obtained":[{"floor":1,"key":"DuplicationPotion"},{"floor":4,"key":"Weak Potion"},{"floor":8,"key":"DuplicationPotion"},{"floor":18,"key":"CultistPotion"},{"floor":25,"key":"Energy Potion"},{"floor":25,"key":"GamblersBrew"},{"floor":27,"key":"BlessingOfTheForge"},{"floor":33,"key":"SkillPotion"},{"floor":37,"key":"Block Potion"}],"is_trial":false,"path_per_floor":["M","M","?","M","?","R","M","E","T","M","M","M","M","E","R","B",null,"M","?","$","M","M","R","E","?","T","E","M","R","M","?","R","B",null,"M","T","M","$","?","R","M","M","T","E","?","E"],"character_chosen":"THE_GATHERER","items_purchased":[],"campfire_rested":5,"item_purchase_floors":[],"current_hp_per_floor":[71,71,71,71,71,71,69,42,42,38,33,28,22,10,46,12,72,67,67,67,57,27,63,28,28,28,13,15,51,46,33,71,24,83,73,73,49,49,49,83,71,55,55,40,40,0,0,0],"gold":438,"neow_bonus":"BOSS_RELIC","is_daily":false,"chose_seed":false,"campfire_upgraded":0,"win_rate":0.0,"timestamp":1608113255,"path_taken":["M","?","?","M","?","R","M","E","T","M","?","M","M","E","R","BOSS","M","?","$","M","M","R","E","?","T","E","?","R","M","?","R","BOSS","M","?","M","$","?","R","M","M","T","E","?","E"],"items_purchased_type":[],"build_version":"2020-12-13","purchased_purges":2,"victory":false,"max_hp_per_floor":[72,72,72,72,72,72,72,72,72,72,72,72,72,72,72,72,72,72,72,72,72,72,72,72,72,72,72,72,72,72,77,77,77,83,83,83,83,83,83,83,83,83,83,83,83,83,83,83],"relic_stats":{"Darkstone Periapt":6,"Regal Pillow":70,"counters":[25,93],"Blue Candle":[1],"Astrolabe":["Gatherer:PoisonMastery","Gatherer:RottenStipe","Gatherer:CarefulStrike"],"War Paint":["Gatherer:SmartManeuver","Gatherer:BlackTea"],"Boot":[36],"Bronze Scales":[58],"Tiny Chest":1,"Art of War":[0],"Kunai":[4],"obtain_stats":[{"Darkstone Periapt":27,"Regal Pillow":8,"Blue Candle":14,"Astrolabe":17,"Gatherer:MistGenerator":9,"Vajra":34,"Incense Burner":34,"War Paint":44,"Boot":36,"Calling Bell":34,"Matryoshka":26,"Bronze Scales":36,"Tiny Chest":19,"Fusion Hammer":0,"Art of War":43,"Bag of Marbles":43,"Kunai":34,"Gatherer:AlchemyBag":0,"Meat on the Bone":24},{"Darkstone Periapt":16,"Regal Pillow":5,"Blue Candle":10,"Astrolabe":11,"Gatherer:MistGenerator":5,"Vajra":19,"Incense Burner":19,"War Paint":24,"Boot":20,"Calling Bell":19,"Matryoshka":15,"Bronze Scales":20,"Tiny Chest":12,"Fusion Hammer":0,"Art of War":23,"Bag of Marbles":23,"Kunai":19,"Gatherer:AlchemyBag":0,"Meat on the Bone":15},{"Darkstone Periapt":57,"Regal Pillow":17,"Blue Candle":29,"Astrolabe":40,"Gatherer:MistGenerator":17,"Vajra":73,"Incense Burner":73,"War Paint":91,"Boot":75,"Calling Bell":73,"Matryoshka":53,"Bronze Scales":75,"Tiny Chest":43,"Fusion Hammer":0,"Art of War":87,"Bag of Marbles":87,"Kunai":73,"Gatherer:AlchemyBag":0,"Meat on the Bone":53}],"Meat on the Bone":60},"card_choices":[{"not_picked":["Gatherer:Solidify","Gatherer:SaveValuables","Gatherer:EnergyBasket"],"picked":"SKIP","floor":1},{"not_picked":["Gatherer:CollectorsShot","Gatherer:PotentialSlash"],"picked":"Gatherer:FlowerBeam","floor":2},{"not_picked":["Gatherer:Frenzy","Gatherer:RottenStipe"],"picked":"Gatherer:Snatch","floor":4},{"not_picked":["Gatherer:DrugPower","Gatherer:MiningStrike"],"picked":"Gatherer:SmartManeuver","floor":7},{"not_picked":["Gatherer:GatherMaterial","Gatherer:CarefulStrike","Gatherer:FlowerPower"],"picked":"SKIP","floor":8},{"not_picked":["Gatherer:FlowerShield","Gatherer:Duplicator","Gatherer:Frenzy"],"picked":"SKIP","floor":10},{"not_picked":["Gatherer:CollectorsShot","Gatherer:ScentOfRosmari","Gatherer:Misfortune"],"picked":"SKIP","floor":11},{"not_picked":["Gatherer:GrowBook","Gatherer:FlowerPower","Gatherer:ScherryThrow"],"picked":"SKIP","floor":12},{"not_picked":["Gatherer:ScentOfRosmari","Gatherer:PotentialSlash"],"picked":"Gatherer:BambuSword","floor":13},{"not_picked":["Gatherer:CollectorsShot","Gatherer:EchoOfNature"],"picked":"Gatherer:Photoscythe","floor":14},{"not_picked":["Gatherer:FlamingBottle","Gatherer:Photoscythe"],"picked":"Gatherer:PoisonMastery","floor":16},{"not_picked":["Gatherer:CollectorsShot+1","Gatherer:Uplift"],"picked":"Gatherer:FlowerBeam+1","floor":18},{"not_picked":["Gatherer:ScherryThrow","Gatherer:AromaProtection","Gatherer:FlowerShield"],"picked":"SKIP","floor":21},{"not_picked":["Gatherer:TreeGrowth","Gatherer:BambuSword+1","Gatherer:FlowerShield"],"picked":"SKIP","floor":22},{"not_picked":["Gatherer:VenomBarrier","Gatherer:SaveValuables","Gatherer:AromaProtection+1"],"picked":"SKIP","floor":24},{"not_picked":["Gatherer:BambuSword","Gatherer:Herbalism","Gatherer:BigPouch"],"picked":"SKIP","floor":27},{"not_picked":["Gatherer:BalancedGrowth","Gatherer:FlowerFalling","Gatherer:Solidify"],"picked":"SKIP","floor":28},{"not_picked":["Gatherer:Convert","Gatherer:Polymorphism"],"picked":"Gatherer:Solidify+1","floor":30},{"not_picked":["Gatherer:Bulldoze","Gatherer:FinishingStrike"],"picked":"Gatherer:BlackTea","floor":33},{"not_picked":["Gatherer:TacticalStrike","Gatherer:FlowerFalling+1","Gatherer:WoolGloves+1"],"picked":"SKIP","floor":35},{"not_picked":["Gatherer:Convert","Gatherer:WoolGloves+1","Gatherer:GlowingPlant"],"picked":"SKIP","floor":37},{"not_picked":["Gatherer:TreeGrowth","Gatherer:FlowerFalling+1"],"picked":"Gatherer:DrugPower+1","floor":41},{"not_picked":["Gatherer:Duality+1","Gatherer:SaveValuables","Gatherer:BambuSword+1"],"picked":"SKIP","floor":42},{"not_picked":["Gatherer:HeartToFruit","Gatherer:PotentialSlash"],"picked":"Gatherer:EnergyBasket+1","floor":44}],"player_experience":499351,"relics_obtained":[{"floor":8,"key":"Regal Pillow"},{"floor":9,"key":"Gatherer:MistGenerator"},{"floor":14,"key":"Blue Candle"},{"floor":24,"key":"Meat on the Bone"},{"floor":26,"key":"Matryoshka"},{"floor":27,"key":"Darkstone Periapt"},{"floor":34,"key":"Vajra"},{"floor":34,"key":"Kunai"},{"floor":34,"key":"Incense Burner"},{"floor":36,"key":"Bronze Scales"},{"floor":36,"key":"Boot"},{"floor":43,"key":"Art of War"},{"floor":43,"key":"Bag of Marbles"},{"floor":44,"key":"War Paint"}],"event_choices":[{"cards_removed":["Gatherer:Strike_Gatherer"],"damage_healed":0,"gold_gain":0,"player_choice":"Card Removal","damage_taken":0,"max_hp_gain":0,"max_hp_loss":0,"event_name":"The Cleric","floor":3,"gold_loss":50},{"cards_removed":["Gatherer:Defend_Gatherer"],"damage_healed":0,"gold_gain":0,"player_choice":"Purged","damage_taken":0,"max_hp_gain":0,"max_hp_loss":0,"event_name":"Purifier","floor":5,"gold_loss":0},{"damage_healed":0,"gold_gain":0,"player_choice":"Opened","damage_taken":0,"relics_obtained":["Tiny Chest"],"max_hp_gain":0,"max_hp_loss":0,"event_name":"The Mausoleum","floor":19,"gold_loss":0},{"damage_healed":0,"gold_gain":0,"player_choice":"Bought 2 Potions","damage_taken":0,"max_hp_gain":0,"max_hp_loss":0,"event_name":"The Woman in Blue","floor":25,"gold_loss":0},{"damage_healed":0,"gold_gain":0,"player_choice":"Shed Blood","damage_taken":18,"max_hp_gain":5,"max_hp_loss":0,"event_name":"Forgotten Altar","floor":31,"gold_loss":0},{"damage_healed":0,"gold_gain":0,"player_choice":"Ignored","damage_taken":0,"max_hp_gain":0,"max_hp_loss":0,"event_name":"Tomb of Lord Red Mask","floor":39,"gold_loss":0},{"cards_removed":["Gatherer:Defend_Gatherer"],"damage_healed":0,"gold_gain":0,"player_choice":"Upgrade and Remove","damage_taken":0,"max_hp_gain":0,"max_hp_loss":0,"event_name":"Designer","floor":45,"gold_loss":90,"cards_upgraded":["Gatherer:Photoscythe"]}],"is_beta":false,"boss_relics":[{"not_picked":["Runic Dome","Empty Cage"],"picked":"Astrolabe"},{"not_picked":["Pandora\u0027s Box","Coffee Dripper"],"picked":"Calling Bell"}],"items_purged_floors":[20,38],"is_endless":false,"potions_floor_spawned":[1,4,8,12,18,27,33,37],"killed_by":"Reptomancer","ascension_level":1}}