{"host":"e1zuqie93klo2ncl","time":1608153923,"event":{"mods":["AchievementEnabler","BaseMod","Minty Spire (QoL Compilation)","Relic Stats","StSLib"],"gold_per_floor":[116,128,140,27,27,48,84,84,111,36,36,36,56,56,56,152,152,171,96,46,0,23,23,23,23,23,23,48,48,48,66,66,161,161,176,196,196,212,212,212],"floor_reached":39,"playtime":1806,"items_purged":["Strike_G"],"score":783,"play_id":"08048a6d-0256-4468-bd44-ec321921a95c","local_time":"20201216212523","is_ascension_mode":true,"campfire_choices":[{"floor":8.0,"key":"REST"},{"data":"Noxious Fumes","floor":11.0,"key":"SMITH"},{"data":"Noxious Fumes","floor":15.0,"key":"SMITH"},{"floor":23.0,"key":"REST"},{"floor":29.0,"key":"REST"},{"floor":32.0,"key":"REST"}],"circlet_count":0,"master_deck":["AscendersBane","Defend_G+1","Defend_G+1","Defend_G+1","Defend_G+1","Defend_G+1","Survivor","Neutralize","Adrenaline","Noxious Fumes+1","Flying Knee","Quick Slash","Poisoned Stab","Footwork","Die Die Die","Noxious Fumes+1","Deadly Poison","Night Terror","Deflect","Tools of the Trade","Neutralize","Wraith Form v2","Reflex+1","Expertise","Leg Sweep"],"relics":["Ring of the Snake","Golden Idol","Smiling Mask","Oddly Smooth Stone","Sozu","Bottled Tornado","HoveringKite"],"acts_visited":["Exordium","TheCity","TheBeyond"],"potions_floor_usage":[],"damage_taken":[{"damage":0.0,"enemies":"Cultist","floor":1.0,"turns":4.0},{"damage":0.0,"enemies":"Jaw Worm","floor":2.0,"turns":5.0},{"damage":7.0,"enemies":"Small Slimes","floor":3.0,"turns":4.0},{"damage":15.0,"enemies":"2 Fungi Beasts","floor":6.0,"turns":4.0},{"damage":13.0,"enemies":"3 Sentries","floor":7.0,"turns":6.0},{"damage":1.0,"enemies":"Blue Slaver","floor":13.0,"turns":4.0},{"damage":16.0,"enemies":"The Guardian","floor":16.0,"turns":8.0},{"damage":14.0,"enemies":"Shell Parasite","floor":18.0,"turns":5.0},{"damage":28.0,"enemies":"Chosen","floor":22.0,"turns":5.0},{"damage":14.0,"enemies":"Snecko","floor":28.0,"turns":6.0},{"damage":14.0,"enemies":"Snake Plant","floor":31.0,"turns":5.0},{"damage":27.0,"enemies":"Champ","floor":33.0,"turns":15.0},{"damage":27.0,"enemies":"Orb Walker","floor":35.0,"turns":5.0},{"damage":9,"enemies":"3 Darklings","floor":36,"turns":6},{"damage":5,"enemies":"Sphere and 2 Shapes","floor":38,"turns":6}],"seed_played":"1077072858617640065","potions_obtained":[{"floor":1.0,"key":"BlessingOfTheForge"},{"floor":6.0,"key":"Block Potion"},{"floor":13.0,"key":"FearPotion"}],"is_trial":false,"path_per_floor":["M","M","M","$","?","M","E","R","T","?","R","?","M","?","R","B",null,"M","?","$","?","M","R","?","?","T","?","M","R","?","M","R","B",null,"M","M","?","M","?"],"character_chosen":"THE_SILENT","items_purchased":["Poisoned Stab","Footwork"],"campfire_rested":4,"item_purchase_floors":[4,4],"current_hp_per_floor":[59,59,52,52,52,37,24,40,40,40,40,33,32,37,37,21,50,36,36,36,36,8,25,25,25,25,25,11,28,28,14,31,4,45,18,9,9,4,0,0],"gold":212,"neow_bonus":"THREE_RARE_CARDS","is_daily":false,"chose_seed":false,"campfire_upgraded":2,"win_rate":0.0,"timestamp":1608153923,"path_taken":["M","M","?","$","?","M","E","R","T","?","R","?","M","?","R","BOSS","M","?","$","?","M","R","?","?","T","?","?","R","?","M","R","BOSS","M","M","?","?","?"],"items_purchased_type":["Card","Card"],"build_version":"2020-12-13","purchased_purges":1,"victory":false,"max_hp_per_floor":[60,60,60,60,54,54,54,54,54,54,54,54,54,59,59,59,59,59,59,59,59,59,59,59,59,59,59,59,59,59,59,59,59,59,59,59,59,59,59,59],"relic_stats":{"Sozu":3,"counters":[15,88],"Golden Idol":81,"HoveringKite":[10],"Smiling Mask":25,"obtain_stats":[{"Sozu":17,"Golden Idol":5,"Oddly Smooth Stone":9,"HoveringKite":34,"Bottled Tornado":26,"Smiling Mask":7,"Ring of the Snake":0},{"Sozu":7,"Golden Idol":3,"Oddly Smooth Stone":5,"HoveringKite":12,"Bottled Tornado":9,"Smiling Mask":5,"Ring of the Snake":0},{"Sozu":35,"Golden Idol":13,"Oddly Smooth Stone":23,"HoveringKite":71,"Bottled Tornado":45,"Smiling Mask":23,"Ring of the Snake":0}],"Ring of the Snake":[30]},"card_choices":[{"not_picked":["Tools of the Trade","Wraith Form v2"],"picked":"Adrenaline","floor":0.0},{"not_picked":["Bouncing Flask","Flechettes"],"picked":"Noxious Fumes","floor":1.0},{"not_picked":["Acrobatics","Prepared"],"picked":"Flying Knee","floor":2.0},{"not_picked":["Sucker Punch","Underhanded Strike"],"picked":"Quick Slash","floor":3.0},{"not_picked":["Slice","Riddle With Holes"],"picked":"Die Die Die","floor":6.0},{"not_picked":["Backflip","Acrobatics"],"picked":"Noxious Fumes","floor":7.0},{"not_picked":["Deflect","Predator"],"picked":"Deadly Poison","floor":13.0},{"not_picked":["A Thousand Cuts","Malaise"],"picked":"Night Terror","floor":16.0},{"not_picked":["Bane+1","Slice","Sucker Punch"],"picked":"SKIP","floor":18.0},{"not_picked":["Accuracy","Skewer"],"picked":"Deflect","floor":22.0},{"not_picked":["Calculated Gamble","Slice","Outmaneuver+1"],"picked":"SKIP","floor":28.0},{"not_picked":["Quick Slash","Dagger Throw","Underhanded Strike"],"picked":"SKIP","floor":31.0},{"not_picked":["Tools of the Trade","Unload"],"picked":"Wraith Form v2","floor":33.0},{"not_picked":["Poisoned Stab","Bane"],"picked":"Reflex+1","floor":35.0},{"not_picked":["Dagger Throw+1","Slice+1","Quick Slash"],"picked":"SKIP","floor":36},{"not_picked":["Flying Knee","Blade Dance"],"picked":"Leg Sweep","floor":38}],"player_experience":787759,"relics_obtained":[{"floor":7.0,"key":"Smiling Mask"},{"floor":9.0,"key":"Oddly Smooth Stone"},{"floor":26.0,"key":"Bottled Tornado"}],"event_choices":[{"damage_healed":0.0,"max_hp_gain":0.0,"max_hp_loss":6.0,"gold_gain":0.0,"event_name":"Golden Idol","player_choice":"Lose Max HP","floor":5.0,"gold_loss":0.0,"damage_taken":0.0,"relics_obtained":["Golden Idol"]},{"cards_removed":["Strike_G"],"damage_healed":0.0,"max_hp_gain":0.0,"max_hp_loss":0.0,"gold_gain":0.0,"event_name":"The Cleric","player_choice":"Card Removal","floor":10.0,"gold_loss":75.0,"damage_taken":0.0},{"cards_removed":["Strike_G"],"damage_healed":0.0,"max_hp_gain":0.0,"max_hp_loss":0.0,"gold_gain":0.0,"event_name":"Golden Wing","player_choice":"Card Removal","floor":12.0,"gold_loss":0.0,"damage_taken":7.0},{"damage_healed":0.0,"max_hp_gain":5.0,"max_hp_loss":0.0,"gold_gain":0.0,"event_name":"Big Fish","player_choice":"Donut","floor":14.0,"gold_loss":0.0,"damage_taken":0.0},{"cards_removed":["Strike_G"],"damage_healed":0.0,"max_hp_gain":0.0,"max_hp_loss":0.0,"gold_gain":0.0,"event_name":"Beggar","player_choice":"Gave Gold","floor":19.0,"gold_loss":75.0,"damage_taken":0.0},{"damage_healed":0.0,"max_hp_gain":0.0,"max_hp_loss":0.0,"gold_gain":0.0,"event_name":"Masked Bandits","player_choice":"Paid Fearfully","floor":21.0,"gold_loss":46.0,"damage_taken":0.0},{"damage_healed":0.0,"max_hp_gain":0.0,"max_hp_loss":0.0,"gold_gain":0.0,"event_name":"Back to Basics","player_choice":"Simplicity","floor":24.0,"gold_loss":0.0,"damage_taken":0.0,"cards_upgraded":["Strike_G","Defend_G","Defend_G","Defend_G","Defend_G","Defend_G"]},{"damage_healed":0.0,"max_hp_gain":0.0,"max_hp_loss":0.0,"gold_gain":0.0,"event_name":"The Mausoleum","player_choice":"Ignored","floor":25.0,"gold_loss":0.0,"damage_taken":0.0},{"damage_healed":0.0,"max_hp_gain":0.0,"max_hp_loss":0.0,"gold_gain":0.0,"event_name":"Match and Keep!","player_choice":"2 cards matched","floor":27.0,"gold_loss":0.0,"damage_taken":0.0,"cards_obtained":["Tools of the Trade","Neutralize"]},{"damage_healed":0.0,"max_hp_gain":0.0,"max_hp_loss":0.0,"gold_gain":0.0,"event_name":"Cursed Tome","player_choice":"Ignored","floor":30.0,"gold_loss":0.0,"damage_taken":0.0},{"damage_healed":0,"gold_gain":0,"cards_transformed":["Strike_G"],"player_choice":"Transformed","damage_taken":0,"max_hp_gain":0,"max_hp_loss":0,"event_name":"Transmorgrifier","floor":37,"gold_loss":0,"cards_obtained":["Expertise"]}],"is_beta":false,"boss_relics":[{"not_picked":["Ectoplasm","Busted Crown"],"picked":"Sozu"},{"not_picked":["Snecko Eye","Pandora\u0027s Box"],"picked":"HoveringKite"}],"items_purged_floors":[20],"is_endless":false,"potions_floor_spawned":[1,6,13,22,33,36],"ascension_level":20}}