{"host":"n91txuwnyvkdwz99","time":1608124758,"event":{"mods":["AchievementEnabler","BaseMod","Bestiary","Better Altar","Better Sensory Stone","Better Third Choice","CapriCore","Colored Map","Colored Powertips","Downfall","Infinite Spire","Minty Spire (QoL Compilation)","Relic Stats","Replay The Spire","Spicy Shops","StSLib","The Blue Laboratory","The Immortal","TheSwordswoman"],"gold_per_floor":[109,124,195,195,145,145,145,145,145,162,36,36,36,49,49,49,49],"floor_reached":16,"playtime":676,"items_purged":["blazmod:Defend+1"],"score":88,"play_id":"81056c5d-f085-402c-9501-29f2d037dc6e","local_time":"20201216081918","is_ascension_mode":false,"campfire_choices":[{"data":"blazmod:RevolvingPhoenix","floor":6,"key":"SMITH"},{"data":"blazmod:ButterflyEffect","floor":12,"key":"SMITH"},{"data":"blazmod:PhysicalEndurance","floor":15,"key":"SMITH"}],"circlet_count":0,"master_deck":["blazmod:Strike","blazmod:Strike","blazmod:Strike","blazmod:Strike","blazmod:Defend+1","blazmod:Defend+1","blazmod:Defend+1","blazmod:ButterflyEffect+1","blazmod:RevolvingPhoenix+1","blazmod:PhysicalEndurance+1","blazmod:PhysicalEndurance","blazmod:PhysicalEndurance"],"relics":["Cracked Core","NeowsBlessing","blazmod:Raikiri","infinitespire:Cubic Diamond","Replay:Bottled Eggs","Molten Egg 2"],"acts_visited":["Exordium"],"potions_floor_usage":[16,16],"damage_taken":[{"damage":0,"enemies":"Small Slimes","floor":1,"turns":1},{"damage":0,"enemies":"Jaw Worm","floor":2,"turns":1},{"damage":0,"enemies":"Jaw Worm","floor":4,"turns":1},{"damage":0,"enemies":"2 Louse","floor":10,"turns":3},{"damage":0,"enemies":"Blue Slaver","floor":14,"turns":5},{"damage":27,"enemies":"Slime Boss","floor":16,"turns":13}],"seed_played":"-585019493805617157","potions_obtained":[{"floor":2,"key":"AttackPotion"},{"floor":14,"key":"blueLaboratory:HeartbeatPotion"}],"is_trial":false,"path_per_floor":["M","M","?","?","?","R","?","T","T","M","$","R","$","M","R","B"],"character_chosen":"THE_SWORDSWOMAN","items_purchased":["blazmod:PhysicalEndurance"],"campfire_rested":0,"item_purchase_floors":[11],"current_hp_per_floor":[40,40,24,24,24,24,24,24,24,24,24,24,24,24,24,0,0],"gold":49,"neow_bonus":"THREE_ENEMY_KILL","is_daily":false,"chose_seed":false,"campfire_upgraded":3,"win_rate":0.0,"timestamp":1608124758,"path_taken":["M","M","?","?","?","R","?","?","T","?","$","R","$","M","R","BOSS"],"items_purchased_type":["Card"],"build_version":"2020-12-13","purchased_purges":1,"victory":false,"max_hp_per_floor":[40,40,40,40,40,40,40,40,40,40,40,40,40,40,40,40,40],"relic_stats":{"counters":[6,24],"obtain_stats":[{"blazmod:Raikiri":3,"blazmod:Venustas":0,"NeowsBlessing":0,"Molten Egg 2":9,"infinitespire:Cubic Diamond":7,"Replay:Bottled Eggs":8,"Cracked Core":7},{"blazmod:Raikiri":2,"blazmod:Venustas":0,"NeowsBlessing":0,"Molten Egg 2":3,"infinitespire:Cubic Diamond":3,"Replay:Bottled Eggs":3,"Cracked Core":3},{"blazmod:Raikiri":2,"blazmod:Venustas":0,"NeowsBlessing":0,"Molten Egg 2":3,"infinitespire:Cubic Diamond":3,"Replay:Bottled Eggs":3,"Cracked Core":3}]},"card_choices":[{"not_picked":["blazmod:SecondSight","blazmod:DanceOfTheGods","blazmod:Observant"],"picked":"SKIP","floor":1},{"not_picked":["blazmod:FleetOfFoot","blazmod:SidewaySolace"],"picked":"blazmod:RevolvingPhoenix","floor":2},{"not_picked":["blazmod:Trasient","blazmod:StanceChange"],"picked":"blazmod:PhysicalEndurance","floor":3},{"not_picked":["blazmod:DanceOfTheGods","blazmod:ButterFlutter+1","blazmod:NaturesBeauty"],"picked":"SKIP","floor":10},{"not_picked":["blazmod:MyEverything","blazmod:ButterFlutter+1"],"picked":"blazmod:PhysicalEndurance","floor":14}],"player_experience":45096,"relics_obtained":[{"floor":3,"key":"blazmod:Raikiri"},{"floor":8,"key":"Replay:Bottled Eggs"},{"floor":9,"key":"Molten Egg 2"}],"event_choices":[{"cards_removed":["blazmod:Kyokasuigetsu"],"damage_healed":0,"gold_gain":0,"player_choice":"Card Removal","damage_taken":0,"max_hp_gain":0,"max_hp_loss":0,"event_name":"The Cleric","floor":5,"gold_loss":50}],"is_beta":false,"boss_relics":[],"items_purged_floors":[11],"is_endless":false,"potions_floor_spawned":[2,14],"killed_by":"Slime Boss","ascension_level":0}}