{"host":"6bsan6hkua32tfq7","time":1608117894,"event":{"mods":["BaseMod","Better Third Choice","Colored Map","Highlight Path","Minty Spire (QoL Compilation)","StSLib"],"gold_per_floor":[156,90,90,155,194,194,232,285,285,285,338,11,70,135,135,135,135],"floor_reached":16,"playtime":482,"items_purged":["Defend_G"],"score":232,"play_id":"9b822739-656c-498d-b628-011486a56208","local_time":"20201216122454","is_ascension_mode":true,"campfire_choices":[{"floor":6,"key":"REST"},{"floor":10,"key":"REST"},{"floor":15,"key":"REST"}],"circlet_count":0,"master_deck":["AscendersBane","Strike_G","Strike_G","Strike_G","Strike_G","Strike_G","Defend_G","Defend_G","Defend_G","Defend_G","Survivor","Neutralize","HandOfGreed","Dagger Throw","Deflect","Sucker Punch","Deadly Poison","Bane","Skewer"],"relics":["Ring of the Snake","betterThird:SlimedRelic","Golden Idol","Eternal Feather","Odd Mushroom","PreservedInsect","Gambling Chip","Orichalcum","Bag of Preparation"],"acts_visited":["Exordium"],"potions_floor_usage":[7,8,11,16],"damage_taken":[{"damage":3,"enemies":"Small Slimes","floor":1,"turns":4},{"damage":6,"enemies":"2 Louse","floor":4,"turns":6},{"damage":1,"enemies":"Jaw Worm","floor":5,"turns":8},{"damage":26,"enemies":"Gremlin Nob","floor":7,"turns":4},{"damage":25,"enemies":"The Mushroom Lair","floor":8,"turns":5},{"damage":25,"enemies":"3 Sentries","floor":11,"turns":9},{"damage":12,"enemies":"Gremlin Nob","floor":13,"turns":4},{"damage":33,"enemies":"Slime Boss","floor":16,"turns":6}],"seed_played":"7490662868728142374","potions_obtained":[{"floor":1,"key":"EssenceOfSteel"},{"floor":4,"key":"PowerPotion"},{"floor":8,"key":"Regen Potion"}],"is_trial":false,"path_per_floor":["M","?","?","M","M","R","E","?","T","R","E","$","E","?","R","B"],"character_chosen":"THE_SILENT","items_purchased":["CunningPotion","Orichalcum"],"campfire_rested":3,"item_purchase_floors":[12,12],"current_hp_per_floor":[56,45,45,39,38,54,28,3,3,28,18,18,6,6,31,0,0],"gold":135,"neow_bonus":"RANDOM_COLORLESS_2","is_daily":false,"chose_seed":false,"campfire_upgraded":0,"win_rate":0.0,"timestamp":1608117894,"path_taken":["M","?","?","?","M","R","E","?","T","R","E","$","E","?","R","BOSS"],"items_purchased_type":["Potion","Relic"],"build_version":"2020-12-13","purchased_purges":1,"victory":false,"max_hp_per_floor":[60,60,54,54,54,54,54,54,54,54,54,54,54,54,54,54,54],"card_choices":[{"not_picked":["Master of Strategy","Transmutation"],"picked":"HandOfGreed","floor":0},{"not_picked":["Blade Dance","Masterful Stab"],"picked":"Dagger Throw","floor":1},{"not_picked":["Expertise","Dodge and Roll"],"picked":"Deflect","floor":4},{"not_picked":["Concentrate","Storm of Steel"],"picked":"Sucker Punch","floor":5},{"not_picked":["PiercingWail","Leg Sweep"],"picked":"Deadly Poison","floor":7},{"not_picked":["Escape Plan","Concentrate"],"picked":"Bane","floor":11},{"not_picked":["Deflect","Expertise"],"picked":"Skewer","floor":13}],"player_experience":5185972,"relics_obtained":[{"floor":7,"key":"Eternal Feather"},{"floor":8,"key":"Odd Mushroom"},{"floor":9,"key":"PreservedInsect"},{"floor":11,"key":"Gambling Chip"},{"floor":13,"key":"Bag of Preparation"}],"event_choices":[{"damage_healed":0,"gold_gain":0,"player_choice":"Slimed","damage_taken":11,"max_hp_gain":0,"max_hp_loss":0,"event_name":"betterThird:BetterGoop","floor":2,"gold_loss":66},{"damage_healed":0,"gold_gain":0,"player_choice":"Lose Max HP","damage_taken":0,"relics_obtained":["Golden Idol"],"max_hp_gain":0,"max_hp_loss":6,"event_name":"Golden Idol","floor":3,"gold_loss":0},{"damage_healed":0,"gold_gain":0,"player_choice":"Fought Mushrooms","damage_taken":0,"max_hp_gain":0,"max_hp_loss":0,"event_name":"Mushrooms","floor":8,"gold_loss":0},{"damage_healed":0,"gold_gain":65,"player_choice":"Gained Gold","damage_taken":0,"max_hp_gain":0,"max_hp_loss":0,"event_name":"Golden Wing","floor":14,"gold_loss":0}],"is_beta":false,"boss_relics":[],"items_purged_floors":[12],"is_endless":false,"potions_floor_spawned":[1,4,5,8],"killed_by":"Slime Boss","ascension_level":20}}