{"host":"99ad87xtd5ypi7ii","time":1608159332,"event":{"mods":["BaseMod","Hermit","Highlight Path","Marisa????????","Minty Spire (QoL Compilation)","Robot Space Explorer","StSLib","The Bladedancer","The Construct","The Cursed","The Disciple","The Elementalist","The Gatherer","The Hierophant","The Runesmith","The Servant 0.9.4","TheVacant"],"gold_per_floor":[139,177,177,218,218,218,14,14,37,143,211,46,46,62,62,190,190,232,182,182,107,4,4,29,29,29,29,128,78,78,78,78],"floor_reached":31,"playtime":1514,"items_purged":["Regret","Runesmith:Strike_RS","Runesmith:BackupBattery","Runesmith:CraftIncendium"],"score":299,"play_id":"889d50bd-5d09-4c13-ae84-af7229554fc6","local_time":"20201216235532","is_ascension_mode":true,"campfire_choices":[{"data":"Runesmith:PoweredAnvil","floor":6,"key":"SMITH"},{"data":"Runesmith:Grindstone","floor":8,"key":"SMITH"},{"floor":13,"key":"REST"},{"data":"Runesmith:Reinforce","floor":15,"key":"SMITH"},{"data":"Runesmith:PoweredAnvil","floor":23,"key":"SMITH"},{"floor":27,"key":"REST"},{"data":"Runesmith:Fortify","floor":30,"key":"SMITH"}],"circlet_count":0,"master_deck":["Runesmith:CraftFirestone","Runesmith:Fortify+1","HandOfGreed+1","Runesmith:PoweredAnvil+1","Runesmith:ShiftingStrike","Runesmith:FieryHammer","Runesmith:Grindstone+1","Runesmith:Retool","Runesmith:Reinforce+1","Runesmith:PoweredAnvil+1","Runesmith:DuctTape","Runesmith:EarthShield","Runesmith:NegativeSpace","Runesmith:DuctTape","Runesmith:Firestorm"],"relics":["Runesmith:BrokenRuby","Smiling Mask","Potion Belt","Pandora\u0027s Box","elementalistmod:RedRibbon","Juzu Bracelet","Bottled Tornado"],"acts_visited":["Exordium","TheCity"],"potions_floor_usage":[10,16,22],"damage_taken":[{"damage":2,"enemies":"Jaw Worm","floor":1,"turns":3},{"damage":12,"enemies":"2 Louse","floor":2,"turns":2},{"damage":2,"enemies":"Cultist","floor":4,"turns":4},{"damage":3,"enemies":"3 Sentries","floor":10,"turns":8},{"damage":23,"enemies":"Large Slime","floor":11,"turns":8},{"damage":10,"enemies":"Lots of Slimes","floor":14,"turns":2},{"damage":1,"enemies":"Slime Boss","floor":16,"turns":4},{"damage":7,"enemies":"Chosen","floor":18,"turns":5},{"damage":38,"enemies":"Gremlin Leader","floor":24,"turns":6},{"damage":71,"enemies":"Slavers","floor":31,"turns":5}],"seed_played":"-4436908357281244932","potions_obtained":[{"floor":2,"key":"Block Potion"},{"floor":14,"key":"Energy Potion"},{"floor":16,"key":"SteroidPotion"},{"floor":24,"key":"SteroidPotion"}],"is_trial":false,"path_per_floor":["M","M","?","M","?","R","$","R","T","E","M","$","R","M","R","B",null,"M","$","?","?","$","R","E","$","T","R","?","$","R","E"],"character_chosen":"RUNESMITH_CLASS","items_purchased":["Runesmith:Grindstone","Runesmith:Retool","Runesmith:Reinforce","Runesmith:PoweredAnvil","Fruit Juice"],"campfire_rested":2,"item_purchase_floors":[7,7,12,12,22],"current_hp_per_floor":[68,56,56,54,59,59,59,59,59,56,33,33,55,45,45,44,75,68,68,68,68,73,73,35,35,35,59,59,59,59,0,0],"gold":78,"neow_bonus":"RANDOM_COLORLESS_2","is_daily":false,"chose_seed":false,"campfire_upgraded":5,"win_rate":0.0,"timestamp":1608159332,"path_taken":["M","M","?","M","?","R","$","R","T","E","M","$","R","M","R","BOSS","M","$","?","?","?","R","E","$","T","R","?","$","R","E"],"items_purchased_type":["Card","Card","Card","Card","Potion"],"build_version":"2020-12-13","purchased_purges":4,"victory":false,"max_hp_per_floor":[70,70,70,70,75,75,75,75,75,75,75,75,75,75,75,75,75,75,75,75,75,80,80,80,80,80,80,80,80,80,80,80],"card_choices":[{"not_picked":["Violence","Sadistic Nature"],"picked":"HandOfGreed","floor":0},{"not_picked":["Runesmith:CraftSpiculum","Runesmith:EnergizedChisel"],"picked":"Runesmith:PoweredAnvil","floor":1},{"not_picked":["Runesmith:MakeshiftArmor","Runesmith:Overpower"],"picked":"Runesmith:ShiftingStrike","floor":2},{"not_picked":["Runesmith:Overpower","Runesmith:LithiumIon"],"picked":"Runesmith:FieryHammer","floor":4},{"not_picked":["Runesmith:ChiselStab","Runesmith:EarthShield","Runesmith:FrozenChisel"],"picked":"SKIP","floor":10},{"not_picked":["Runesmith:Duplicate","Runesmith:CraftMagma","Runesmith:HeatedChisel"],"picked":"SKIP","floor":11},{"not_picked":["Runesmith:EnergizedChisel","Runesmith:MakeshiftArmor","Runesmith:ShiftingStrike"],"picked":"SKIP","floor":14},{"not_picked":["Runesmith:GrandSlam","Runesmith:UnlimitedPower"],"picked":"Runesmith:DuctTape","floor":16},{"not_picked":["Runesmith:UnstableHammer","Runesmith:Repurpose","Runesmith:EarthShield+1"],"picked":"SKIP","floor":18},{"not_picked":["Runesmith:Overpower","Runesmith:HammerTime","Runesmith:EarthShield+1"],"picked":"SKIP","floor":24}],"player_experience":761659,"relics_obtained":[{"floor":9,"key":"Smiling Mask"},{"floor":10,"key":"Potion Belt"},{"floor":24,"key":"Juzu Bracelet"},{"floor":26,"key":"Bottled Tornado"}],"event_choices":[{"damage_healed":0,"gold_gain":0,"player_choice":"Grow","damage_taken":0,"max_hp_gain":0,"max_hp_loss":0,"event_name":"Living Wall","floor":3,"gold_loss":0,"cards_upgraded":["HandOfGreed"]},{"damage_healed":0,"gold_gain":0,"player_choice":"Donut","damage_taken":0,"max_hp_gain":5,"max_hp_loss":0,"event_name":"Big Fish","floor":5,"gold_loss":0},{"cards_removed":["Runesmith:Prism"],"damage_healed":0,"gold_gain":0,"player_choice":"Gave Gold","damage_taken":0,"max_hp_gain":0,"max_hp_loss":0,"event_name":"Beggar","floor":21,"gold_loss":75},{"damage_healed":0,"gold_gain":99,"player_choice":"Stole From Cult","damage_taken":0,"max_hp_gain":0,"max_hp_loss":0,"event_name":"Nest","floor":28,"gold_loss":0}],"is_beta":false,"boss_relics":[{"not_picked":["construct:ClawGrip","Coffee Dripper"],"picked":"Pandora\u0027s Box"}],"items_purged_floors":[7,12,19,29],"is_endless":false,"potions_floor_spawned":[2,14,16,24],"killed_by":"Slavers","ascension_level":2}}