{"host":"ih7ofq2zpufcoifs","time":1608113926,"event":{"mods":["BaseMod","Colored Map","Minty Spire (QoL Compilation)"],"gold_per_floor":[118,128,147,52,63,63,73,73,98,126,138,138,138,170,170,249,249,264,264,34,34,34,34,60,60,86,106,117,28,61,78,78,155,155,171,171,171,184,238,266,277,312,312,79,106,153,180,197,197,197,197,197,5,38,38],"floor_reached":56,"playtime":6279,"items_purged":["Pain","Strike_P"],"score":2345,"play_id":"4bcc8f8d-bdab-4d39-ac25-d47acd9c4029","local_time":"20201216201846","is_ascension_mode":true,"campfire_choices":[{"data":"EmptyFist","floor":6.0,"key":"SMITH"},{"data":"EmptyFist","floor":8.0,"key":"SMITH"},{"floor":15.0,"key":"REST"},{"floor":23.0,"key":"REST"},{"data":"Alpha","floor":25.0,"key":"SMITH"},{"data":"Wireheading","floor":32.0,"key":"SMITH"},{"floor":49.0,"key":"RECALL"},{"data":"InnerPeace","floor":52.0,"key":"SMITH"}],"circlet_count":0,"master_deck":["AscendersBane","Strike_P+1","Strike_P+1","Strike_P","Defend_P","Defend_P","Defend_P","Defend_P","Eruption","Vigilance","EmptyFist","EmptyFist+1","InnerPeace+1","EmptyFist+1","Alpha+1","SignatureMove","ClearTheMind","Tantrum","FlurryOfBlows","Wireheading+1","CutThroughFate","Blasphemy","FearNoEvil","Impatience","Scrawl","FlurryOfBlows","MentalFortress"],"relics":["Busted Crown","Bronze Scales","Akabeko","WarpedTongs","Omamori","Black Star","HornCleat","ClockworkSouvenir","Lantern","Pocketwatch","Yang","Ice Cream","Juzu Bracelet","Pantograph","Calling Bell","Ancient Tea Set","Pear","FossilizedHelix","Mercury Hourglass","Centennial Puzzle","Strawberry","Potion Belt","Meat on the Bone","Question Card","White Beast Statue","Ginger","Regal Pillow","Whetstone","Frozen Eye","Blood Vial","Mummified Hand"],"acts_visited":["Exordium","TheCity","TheBeyond","TheEnding"],"potions_floor_usage":[55,55,55,55],"damage_taken":[{"damage":0.0,"enemies":"Cultist","floor":1.0,"turns":2.0},{"damage":1.0,"enemies":"Jaw Worm","floor":2.0,"turns":4.0},{"damage":6.0,"enemies":"2 Louse","floor":3.0,"turns":3.0},{"damage":4.0,"enemies":"Red Slaver","floor":5.0,"turns":3.0},{"damage":1.0,"enemies":"Exordium Wildlife","floor":7.0,"turns":2.0},{"damage":9.0,"enemies":"3 Sentries","floor":10.0,"turns":5.0},{"damage":0.0,"enemies":"Looter","floor":11.0,"turns":2.0},{"damage":14.0,"enemies":"Gremlin Nob","floor":14.0,"turns":3.0},{"damage":33.0,"enemies":"Slime Boss","floor":16.0,"turns":9.0},{"damage":20.0,"enemies":"Spheric Guardian","floor":18.0,"turns":4.0},{"damage":1.0,"enemies":"Slavers","floor":24.0,"turns":3.0},{"damage":5.0,"enemies":"2 Thieves","floor":27.0,"turns":3.0},{"damage":12.0,"enemies":"Chosen and Byrds","floor":28.0,"turns":2.0},{"damage":0.0,"enemies":"Book of Stabbing","floor":30.0,"turns":3.0},{"damage":0.0,"enemies":"Shelled Parasite and Fungi","floor":31.0,"turns":1.0},{"damage":0.0,"enemies":"Automaton","floor":33.0,"turns":5.0},{"damage":0.0,"enemies":"Orb Walker","floor":35.0,"turns":2.0},{"damage":0.0,"enemies":"3 Shapes","floor":38.0,"turns":4.0},{"damage":0.0,"enemies":"Reptomancer","floor":40.0,"turns":5.0},{"damage":0.0,"enemies":"Maw","floor":41.0,"turns":4.0},{"damage":26.0,"enemies":"Giant Head","floor":42.0,"turns":6.0},{"damage":0.0,"enemies":"Nemesis","floor":45.0,"turns":5.0},{"damage":23.0,"enemies":"2 Orb Walkers","floor":46.0,"turns":4.0},{"damage":0.0,"enemies":"Reptomancer","floor":47.0,"turns":4.0},{"damage":0.0,"enemies":"Transient","floor":48.0,"turns":5.0},{"damage":35.0,"enemies":"Donu and Deca","floor":50.0,"turns":6.0},{"damage":26,"enemies":"Shield and Spear","floor":54,"turns":4},{"damage":46,"enemies":"The Heart","floor":55,"turns":7}],"seed_played":"-8008214211758267055","potions_obtained":[{"floor":3.0,"key":"BottledMiracle"},{"floor":10.0,"key":"SpeedPotion"},{"floor":16.0,"key":"PowerPotion"},{"floor":18.0,"key":"AttackPotion"},{"floor":27.0,"key":"BlessingOfTheForge"},{"floor":30.0,"key":"SteroidPotion"},{"floor":35.0,"key":"Explosive Potion"},{"floor":40.0,"key":"BlessingOfTheForge"},{"floor":42.0,"key":"ColorlessPotion"},{"floor":46.0,"key":"Weak Potion"},{"floor":47.0,"key":"Ancient Potion"},{"floor":48.0,"key":"SteroidPotion"}],"is_trial":false,"path_per_floor":["M","M","M","$","M","R","M","R","T","E","M","?","?","E","R","B",null,"M","T","$","?","?","R","E","R","T","M","M","$","E","M","R","B",null,"M","?","?","M","T","E","M","E","T","$","E","?","E","M","R","B",null,"R","$","E","B",null],"character_chosen":"WATCHER","items_purchased":["EmptyFist","Fire Potion","ClockworkSouvenir","Tantrum","FlurryOfBlows","Impatience","Weak Potion","Frozen Eye","FlurryOfBlows"],"campfire_rested":2,"item_purchase_floors":[4,4,20,29,29,44,44,53,53],"current_hp_per_floor":[61,60,54,54,50,50,49,49,49,40,40,45,45,31,52,19,60,40,40,40,40,40,61,60,60,60,55,43,43,43,43,43,68,82,82,82,82,82,82,82,82,63,63,63,63,52,52,52,52,54,81,81,81,55,48],"gold":38,"neow_bonus":"BOSS_RELIC","is_daily":false,"chose_seed":false,"campfire_upgraded":5,"win_rate":0.0,"timestamp":1608113926,"path_taken":["M","?","M","$","M","R","?","R","T","E","M","?","?","E","R","BOSS","M","?","$","?","?","R","E","R","T","M","M","?","E","M","R","BOSS","M","?","?","M","?","E","M","E","T","$","E","?","E","M","R","BOSS","R","$","E","BOSS"],"items_purchased_type":["Card","Potion","Relic","Card","Card","Card","Potion","Relic","Card"],"build_version":"2020-12-13","purchased_purges":2,"victory":true,"max_hp_per_floor":[68,68,68,68,68,68,68,68,68,68,68,73,73,73,73,73,73,73,73,73,73,73,73,73,73,73,73,73,73,73,73,73,73,83,83,83,83,83,83,83,83,90,90,90,90,90,90,90,90,90,90,90,90,90,90],"card_choices":[{"not_picked":[],"picked":"EmptyFist","floor":1.0},{"not_picked":["Prostrate"],"picked":"SKIP","floor":2.0},{"not_picked":["Perseverance"],"picked":"SKIP","floor":3.0},{"not_picked":[],"picked":"InnerPeace","floor":5.0},{"not_picked":[],"picked":"EmptyFist","floor":7.0},{"not_picked":["Pray"],"picked":"SKIP","floor":10.0},{"not_picked":["FollowUp"],"picked":"SKIP","floor":11.0},{"not_picked":["ClearTheMind"],"picked":"SKIP","floor":14.0},{"not_picked":[],"picked":"Alpha","floor":16.0},{"not_picked":[],"picked":"SignatureMove","floor":18.0},{"not_picked":["Swivel"],"picked":"SKIP","floor":24.0},{"not_picked":["ClearTheMind"],"picked":"SKIP","floor":27.0},{"not_picked":[],"picked":"ClearTheMind","floor":27.0},{"not_picked":["SashWhip"],"picked":"SKIP","floor":28.0},{"not_picked":[],"picked":"Wireheading","floor":30.0},{"not_picked":[],"picked":"CutThroughFate","floor":31.0},{"not_picked":[],"picked":"Blasphemy","floor":33.0},{"not_picked":["FlyingSleeves"],"picked":"SKIP","floor":35.0},{"not_picked":["ThirdEye"],"picked":"SKIP","floor":38.0},{"not_picked":["FlyingSleeves"],"picked":"SKIP","floor":40.0},{"not_picked":["Weave"],"picked":"SKIP","floor":41.0},{"not_picked":[],"picked":"FearNoEvil","floor":42.0},{"not_picked":["PathToVictory"],"picked":"SKIP","floor":45.0},{"not_picked":["Halt"],"picked":"Scrawl","floor":47.0},{"not_picked":["FlyingSleeves","EmptyBody"],"picked":"SKIP","floor":48.0},{"not_picked":["PathToVictory"],"picked":"MentalFortress","floor":54}],"player_experience":371928,"relics_obtained":[{"floor":9.0,"key":"Bronze Scales"},{"floor":10.0,"key":"Akabeko"},{"floor":14.0,"key":"Omamori"},{"floor":19.0,"key":"HornCleat"},{"floor":24.0,"key":"Yang"},{"floor":24.0,"key":"Ice Cream"},{"floor":26.0,"key":"Juzu Bracelet"},{"floor":30.0,"key":"Pantograph"},{"floor":34.0,"key":"Ancient Tea Set"},{"floor":34.0,"key":"Pear"},{"floor":34.0,"key":"FossilizedHelix"},{"floor":40.0,"key":"Mercury Hourglass"},{"floor":40.0,"key":"Centennial Puzzle"},{"floor":42.0,"key":"Strawberry"},{"floor":42.0,"key":"Potion Belt"},{"floor":43.0,"key":"Meat on the Bone"},{"floor":45.0,"key":"Question Card"},{"floor":45.0,"key":"White Beast Statue"},{"floor":46.0,"key":"Ginger"},{"floor":47.0,"key":"Regal Pillow"},{"floor":47.0,"key":"Whetstone"},{"floor":54,"key":"Blood Vial"},{"floor":54,"key":"Mummified Hand"}],"event_choices":[{"damage_healed":0.0,"max_hp_gain":5.0,"max_hp_loss":0.0,"gold_gain":0.0,"event_name":"Big Fish","player_choice":"Donut","floor":12.0,"gold_loss":0.0,"damage_taken":0.0},{"damage_healed":0.0,"max_hp_gain":0.0,"max_hp_loss":0.0,"gold_gain":0.0,"event_name":"Accursed Blacksmith","player_choice":"Rummage","floor":13.0,"gold_loss":0.0,"damage_taken":0.0,"relics_obtained":["WarpedTongs"],"cards_obtained":["Pain"]},{"damage_healed":0.0,"max_hp_gain":0.0,"max_hp_loss":0.0,"gold_gain":0.0,"event_name":"The Mausoleum","player_choice":"Opened","floor":21.0,"gold_loss":0.0,"damage_taken":0.0,"relics_obtained":["Lantern"]},{"damage_healed":0.0,"max_hp_gain":0.0,"max_hp_loss":0.0,"gold_gain":0.0,"event_name":"Addict","player_choice":"Stole Relic","floor":22.0,"gold_loss":0.0,"damage_taken":0.0,"relics_obtained":["Pocketwatch"],"cards_obtained":["Shame"]},{"damage_healed":0.0,"max_hp_gain":0.0,"max_hp_loss":0.0,"gold_gain":0.0,"event_name":"SensoryStone","player_choice":"Memory 1","floor":36.0,"gold_loss":0.0,"damage_taken":0.0},{"damage_healed":0.0,"max_hp_gain":0.0,"max_hp_loss":0.0,"gold_gain":0.0,"event_name":"Tomb of Lord Red Mask","player_choice":"Ignored","floor":37.0,"gold_loss":0.0,"damage_taken":0.0},{"damage_healed":0.0,"max_hp_gain":0.0,"max_hp_loss":0.0,"gold_gain":0.0,"event_name":"Mysterious Sphere","player_choice":"Fight","floor":46.0,"gold_loss":0.0,"damage_taken":0.0}],"is_beta":false,"boss_relics":[{"not_picked":["Runic Dome","Coffee Dripper"],"picked":"Black Star"},{"not_picked":["Fusion Hammer","SlaversCollar"],"picked":"Calling Bell"}],"items_purged_floors":[20,44],"is_endless":false,"potions_floor_spawned":[3,10,16,18,27,30,35,40,42,46,47,48,54],"ascension_level":14}}