{"host":"3srbdas3e7jgqz5l","time":1608144056,"event":{"mods":["BaseMod","Downfall","Minty Spire (QoL Compilation)","StSLib","The Cursed"],"gold_per_floor":[99,399,324,342,342,370,370,399,417,446,462,186,203,218,237,237,237],"floor_reached":16,"playtime":1126,"items_purged":[],"score":122,"play_id":"fa9e853b-cd40-4be0-8286-26e9118620db","local_time":"20201216184056","is_ascension_mode":false,"campfire_choices":[{"floor":1,"key":"RECALL"},{"data":"Guardian:TwinSlam","floor":3,"key":"SMITH"}],"circlet_count":0,"master_deck":["Guardian:Strike_Guardian","Guardian:Strike_Guardian","Guardian:Strike_Guardian","Guardian:Strike_Guardian","Guardian:Defend_Guardian","Guardian:Defend_Guardian","Guardian:Defend_Guardian","Guardian:CurlUp","Guardian:TwinSlam+1","Guardian:Gem_Blue","Guardian:Gem_Red","Guardian:ArmoredProtocol","Guardian:Gem_White","Guardian:GuardianWhirl","Guardian:RollAttack","Guardian:ChargeUp"],"relics":["Sozu","Old Coin","downfall:HeartBlessingRed","Ginger","Singing Bowl","Torii","Gambling Chip","Meat on the Bone"],"acts_visited":["Exordium"],"potions_floor_usage":[],"damage_taken":[{"damage":0,"enemies":"Cultist","floor":4,"turns":3},{"damage":8,"enemies":"3 Sentries","floor":6,"turns":10},{"damage":11,"enemies":"Lagavulin","floor":8,"turns":6},{"damage":6,"enemies":"Jaw Worm","floor":9,"turns":2},{"damage":42,"enemies":"Gremlin Nob","floor":10,"turns":5},{"damage":0,"enemies":"2 Louse","floor":11,"turns":1},{"damage":0,"enemies":"downfall:FleeingMerchant","floor":12,"turns":4},{"damage":0,"enemies":"Gremlin Gang","floor":13,"turns":3},{"damage":1,"enemies":"2 Fungi Beasts","floor":14,"turns":2},{"damage":1,"enemies":"Exordium Wildlife","floor":15,"turns":2},{"damage":56,"enemies":"downfall:Defect","floor":16,"turns":6}],"seed_played":"-1777490857251281963","potions_obtained":[],"is_trial":false,"path_per_floor":["R","T","R","M","?","E","T","E","M","E","M","$","M","M","M","B"],"character_chosen":"GUARDIAN","items_purchased":["Meat on the Bone"],"campfire_rested":0,"item_purchase_floors":[12],"current_hp_per_floor":[80,80,80,80,80,72,72,61,55,13,15,17,29,40,53,0,0],"gold":237,"neow_bonus":"BOSS_RELIC","is_daily":false,"chose_seed":false,"campfire_upgraded":1,"win_rate":0.0,"timestamp":1608144056,"path_taken":["R","?","R","M","?","E","T","E","M","E","M","$","M","M","M","BOSS"],"items_purchased_type":["Relic"],"build_version":"2020-12-13","purchased_purges":0,"victory":false,"max_hp_per_floor":[80,80,80,80,80,80,80,80,80,80,82,84,84,84,86,86,86],"card_choices":[{"not_picked":["Guardian:Incinerate","Guardian:BronzeArmor"],"picked":"Guardian:Gem_Blue","floor":4},{"not_picked":["Guardian:PrismaticBeam","Guardian:PiercingHide"],"picked":"Guardian:Gem_Red","floor":6},{"not_picked":["Guardian:ShieldCharger","Guardian:ChargeUp"],"picked":"Guardian:ArmoredProtocol","floor":8},{"not_picked":["Guardian:Gem_Blue","Guardian:CrystalBeam"],"picked":"Guardian:Gem_White","floor":9},{"not_picked":["Guardian:Planning","Guardian:Gem_Cyan"],"picked":"Guardian:GuardianWhirl","floor":10},{"not_picked":["Guardian:TemporalStrike","Guardian:Gem_Cyan","Guardian:Gem_Red"],"picked":"Singing Bowl","floor":11},{"not_picked":["Guardian:Gem_Lightblue","Guardian:PrimingBeam","Guardian:TemporalStrike"],"picked":"Singing Bowl","floor":12},{"not_picked":["Guardian:TimeCapacitor","Guardian:ShieldCharger"],"picked":"Guardian:RollAttack","floor":13},{"not_picked":["Guardian:FloatingOrbs","Guardian:Incinerate"],"picked":"Guardian:ChargeUp","floor":14},{"not_picked":["Guardian:PrimingBeam","Guardian:RollAttack","Guardian:ChargeCore"],"picked":"Singing Bowl","floor":15}],"player_experience":404300,"relics_obtained":[{"floor":2,"key":"Old Coin"},{"floor":6,"key":"Ginger"},{"floor":7,"key":"Singing Bowl"},{"floor":8,"key":"Torii"},{"floor":10,"key":"Gambling Chip"}],"event_choices":[],"is_beta":false,"boss_relics":[],"items_purged_floors":[],"is_endless":false,"potions_floor_spawned":[8,13,15],"killed_by":"downfall:Defect","ascension_level":0}}