{"host":"qw1m3zcvi888b4j7","time":1608084223,"event":{"mods":["BaseMod","Block Reminder","Colored Map","Colored Powertips","DeckTracker","Highlight Path","Hubris","Minty Spire (QoL Compilation)","Quick Restart","Rare Cards Sparkle","Relic Sorter","Relic Stats","Replay The Spire","StSLib","The Blue Laboratory","The Cursed"],"gold_per_floor":[365,365,59,59,59,71,31,62,62,88,88,116,130,150,182,182,182,182,182],"floor_reached":18,"playtime":777,"items_purged":["Writhe"],"score":179,"play_id":"5151ceba-6d13-4250-9c12-0fdb485991db","local_time":"20201216030343","is_ascension_mode":true,"campfire_choices":[{"floor":9,"key":"RECALL"},{"floor":17,"key":"REST"}],"circlet_count":0,"master_deck":["Strike_G","Strike_G","Strike_G","Strike_G","Strike_G","Defend_G","Defend_G","Defend_G","Defend_G","Defend_G","Survivor","Neutralize","Poisoned Stab+1","Replay:Poison Smokescreen","Acrobatics","Terror","Dagger Throw","Tactician","Accuracy","Flying Knee+1","Hidden Blade","Toxin Wave","Envenom","Outmaneuver","Bouncing Flask"],"relics":["Ring of the Snake","hubris:EmptyBottle","ReplayFunnel","Oddly Smooth Stone","Snack Pack","Onion Ring","Bottled Flame"],"acts_visited":["Exordium"],"potions_floor_usage":[10,12,15,15,18],"damage_taken":[{"damage":8,"enemies":"2 Louse","floor":1,"turns":4},{"damage":0,"enemies":"Cultist","floor":6,"turns":3},{"damage":15,"enemies":"Lagavulin","floor":8,"turns":9},{"damage":16,"enemies":"Gremlin Nob","floor":10,"turns":3},{"damage":0,"enemies":"3 Sentries","floor":12,"turns":9},{"damage":0,"enemies":"Small Slimes","floor":13,"turns":2},{"damage":6,"enemies":"Exordium Wildlife","floor":14,"turns":2},{"damage":20,"enemies":"Lagavulin","floor":15,"turns":5},{"damage":32,"enemies":"Hexaghost","floor":18,"turns":7}],"seed_played":"-34998894205069391","potions_obtained":[{"floor":8,"key":"CunningPotion"},{"floor":10,"key":"blueLaboratory:FrostheartPotion"},{"floor":13,"key":"blueLaboratory:AbyssPotion"}],"is_trial":false,"path_per_floor":["M","?","$","PTL","PTL","M","$","E","R","E","T","E","M","M","E","?","R","B"],"character_chosen":"THE_SILENT","items_purchased":["hubris:EmptyBottle","Terror","Dagger Throw","Accuracy"],"campfire_rested":1,"item_purchase_floors":[3,3,3,7],"current_hp_per_floor":[62,62,62,62,62,62,62,47,47,31,31,35,35,31,15,1,22,0,0],"gold":182,"neow_bonus":"TWO_FIFTY_GOLD","is_daily":false,"chose_seed":false,"campfire_upgraded":0,"win_rate":0.0,"timestamp":1608084223,"path_taken":["M","?","?","PTL","PTL","M","$","E","R","E","T","E","M","M","E","?","R","BOSS"],"items_purchased_type":["Relic","Card","Card","Card"],"build_version":"2020-12-13","purchased_purges":1,"victory":false,"max_hp_per_floor":[70,70,70,70,70,70,70,70,70,70,70,70,70,70,70,70,70,70,70],"relic_stats":{"counters":[9,44],"obtain_stats":[{"ReplayFunnel":8,"Bottled Flame":15,"Oddly Smooth Stone":10,"Onion Ring":12,"Snack Pack":11,"hubris:EmptyBottle":3,"Ring of the Snake":0},{"ReplayFunnel":3,"Bottled Flame":8,"Oddly Smooth Stone":4,"Onion Ring":5,"Snack Pack":4,"hubris:EmptyBottle":1,"Ring of the Snake":0},{"ReplayFunnel":16,"Bottled Flame":37,"Oddly Smooth Stone":19,"Onion Ring":28,"Snack Pack":19,"hubris:EmptyBottle":4,"Ring of the Snake":0}],"Ring of the Snake":[18]},"card_choices":[{"not_picked":["Prepared","Bane"],"picked":"Poisoned Stab","floor":1},{"not_picked":["hubris:SlightOfHand","Infinite Blades"],"picked":"Tactician","floor":6},{"not_picked":["Heel Hook","Cloak And Dagger"],"picked":"Flying Knee","floor":8},{"not_picked":["Poisoned Stab","ReplayTheSpireMod:Tripwire"],"picked":"Hidden Blade","floor":10},{"not_picked":["Acrobatics","Predator"],"picked":"Toxin Wave","floor":12},{"not_picked":["Deadly Poison","Slice"],"picked":"Envenom","floor":13},{"not_picked":["Deflect","Slice"],"picked":"Outmaneuver","floor":14},{"not_picked":["Blur","Blade Dance"],"picked":"Bouncing Flask","floor":15}],"player_experience":90217,"relics_obtained":[{"floor":8,"key":"ReplayFunnel"},{"floor":10,"key":"Oddly Smooth Stone"},{"floor":11,"key":"Snack Pack"},{"floor":12,"key":"Onion Ring"},{"floor":15,"key":"Bottled Flame"}],"event_choices":[{"damage_healed":0,"gold_gain":0,"player_choice":"2 cards matched","damage_taken":0,"max_hp_gain":0,"max_hp_loss":0,"event_name":"Match and Keep!","floor":2,"gold_loss":0,"cards_obtained":["Replay:Poison Smokescreen","Acrobatics"]},{"damage_healed":0,"gold_gain":0,"player_choice":"Entered Light","damage_taken":14,"max_hp_gain":0,"max_hp_loss":0,"event_name":"Shining Light","floor":16,"gold_loss":0,"cards_upgraded":["Poisoned Stab","Flying Knee"]}],"is_beta":false,"boss_relics":[],"items_purged_floors":[3],"is_endless":false,"potions_floor_spawned":[8,10,13],"killed_by":"Hexaghost","ascension_level":2}}