{"host":"8ipjylpxrvyj8jzh","time":1608141960,"event":{"mods":["AchievementEnabler","Aspiration","BaseMod","Better Match","Better Third Choice","BetterRewards","Card Forge","Colored Map","Displayed Cursed Tome","Energized Spire","Halation","Hubris","Infinite Spire","Minty Spire (QoL Compilation)","Quick Restart","Replay The Spire","Shop Mod","Spicy Shops","StSLib","The Animator","Treasure Hunter"],"gold_per_floor":[109,81,92,124,137,175,175,175,222,222,222,556,56,67,67,67,67,168,168,187,187,219,219,234,234,250,291,5291,194,200,200,238,208,208,321,321,321,58,280,316,316,366,306,57,57,96,96,115,152,152,152,157,157,252,56,88,90],"floor_reached":58,"playtime":3943,"items_purged":[],"score":1830,"play_id":"abd8545a-b734-4427-8f10-ba418c9c8ad0","local_time":"20201216110600","is_ascension_mode":true,"campfire_choices":[{"floor":10,"key":"REST"},{"floor":15,"key":"RECALL"},{"data":"animator:GoblinSlayer","floor":17,"key":"SMITH"},{"data":"animator:AcuraShin","floor":25,"key":"SMITH"},{"data":"1","floor":34,"key":"LIFT"},{"data":"2","floor":42,"key":"LIFT"},{"data":"3","floor":47,"key":"LIFT"},{"data":"animator:Kagari","floor":51,"key":"SMITH"},{"data":"animator:Gillette+1","floor":51,"key":"PURGE"}],"circlet_count":0,"master_deck":["animator:Strike_GoblinSlayer+1","animator:Defend_GoblinSlayer+1","animator:LizardPriest+1","animator:DwarfShaman+1","animator:Shion+1","animator:ShinjiMatou+1","animator:Priestess+1","animator:DwarfShaman+1","TH:EnergyPotion+1","animator:AcuraAkari+1","TH:DeckOfManyThings+1","animator:LizardPriest+1","animator:GoblinSlayer+1","animator:TanyaDegurechaff+1","animator:Spearman+1","animator:AcuraShin+1","animator:Alexander+1","animator:HighElfArcher+1","animator:Lu+1","TH:DeckOfManyThings","Pot Of Greed+1","Pot Of Greed","TH:CursedSword","Pot Of Greed+1","animator:Spearman+1","animator:GoblinSlayer+1","animator:Kagari+1","animator:HarukoHaruhara+1","animator:GoblinSlayer+1","TH:CopperCoins","animator:Bozes+1","ReplayTheSpireMod:IOU","ReplayTheSpireMod:IOU","ReplayTheSpireMod:IOU","ReplayTheSpireMod:IOU","Pot Of Greed","animator:Millim+1","TH:CopperCoins"],"relics":["animator:LivingPicture","animator:TheMissingPiece","Hammer of Thor","Seething Fire","Anvil of the Gods","betterThird:SlimedRelic","infinitespire:Satchel","animator:ShionDessert","HandDrill","animator:HolyGrailRelic","Replay:Baseball","Red Mask","halation:PrussianBluePaint","Smiling Mask","Juzu Bracelet","infinitespire:EvilPickle","Membership Card","The Courier","infinitespire:Golems Mask","TungstenRod","Turnip","Boot","Gremlin Food","Replay:Mystery Machine","Bag of Marbles","infinitespire:ShieldingShard","hubris:TenFootPole","Runic Capacitor","Simple Rune","halation:AfternoonTea","hubris:MobiusCoin","CloakClasp","Replay:Multitool","halation:LettersToHer","aspiration:ChemicalBlood","halation:Komachan","Darkstone Periapt","Potion Belt","Nunchaku","Snack Pack","Quantum Egg","ReplayFunnel","hubris:64BitClover","hubris:SlimyHat","halation:QuantumPhysicsTextbook","Girya","Blue Doll","hubris:PeanutButter","hubris:GlazedTorus","Red Skull","halation:PenCase","halation:BottledLove","Grinning Jar","Oddly Smooth Stone","Strawberry","hubris:ToyBattleship","Sundial","Centennial Puzzle","infinitespire:FocusingShard","Omamori","Mango","Charon\u0027s Ashes","ReplayTheSpireMod:Lightbulb","Bottled Lightning","Dream Catcher","ReplayTheSpireMod:TigerMarble","Iron Hammer","Molten Egg 2","Bag of Preparation","Blue Candle","aspiration:FetidBarrel","Orichalcum","halation:SwordOfLegend","aspiration:HatOfInfinitePower","infinitespire:Midas Blood","halation:PromiseList","Art of War","Replay:Blank Codex","Calling Bell","Mummified Hand","hubris:FunFungus","aspiration:Lifesprig","energizedSpire:EnergizedDie","hubris:MedicalManual","MerchantsRug","War Paint","Anchor","Letter Opener","hubris:Metronome","aspiration:TomeofQuesting","Regal Pillow","Membership Card","Whetstone","Happy Flower","animator:AlchemistGlove","Akabeko","halation:TwoAmDonut","Bottled Tornado","Replay:Wax Seal","Replay:Arrowhead","Champion Belt","Bronze Scales","Paper Crane","Strange Spoon","ReplayTheSpireMod:Ninjato","Replay:WaspNest","Replay:Rubber Ducky","Replay:Bottled Eggs"],"acts_visited":["Exordium","TheCity","TheBeyond","TheEnding"],"potions_floor_usage":[9,20,20,27,37,52,52,52,52],"damage_taken":[{"damage":1,"enemies":"Small Slimes","floor":1,"turns":4},{"damage":0,"enemies":"2 Louse","floor":3,"turns":2},{"damage":0,"enemies":"Jaw Worm","floor":4,"turns":3},{"damage":2,"enemies":"Blue Slaver","floor":5,"turns":3},{"damage":11,"enemies":"Lagavulin","floor":6,"turns":6},{"damage":11,"enemies":"Gremlin Nob","floor":9,"turns":3},{"damage":0,"enemies":"Replay:BlueRogue","floor":12,"turns":5},{"damage":0,"enemies":"3 Louse","floor":14,"turns":3},{"damage":10,"enemies":"The Guardian","floor":18,"turns":6},{"damage":0,"enemies":"2 Thieves","floor":20,"turns":2},{"damage":27,"enemies":"Masked Bandits","floor":22,"turns":4},{"damage":0,"enemies":"Shell Parasite","floor":24,"turns":3},{"damage":0,"enemies":"Snake Plant","floor":26,"turns":3},{"damage":8,"enemies":"Slavers","floor":27,"turns":4},{"damage":0,"enemies":"Gremlin Leader","floor":32,"turns":3},{"damage":0,"enemies":"hubris:MusketHawk","floor":35,"turns":3},{"damage":0,"enemies":"3 Darklings","floor":37,"turns":2},{"damage":0,"enemies":"3 Shapes","floor":40,"turns":2},{"damage":0,"enemies":"R_Hoarder","floor":46,"turns":3},{"damage":0,"enemies":"Sphere and 2 Shapes","floor":48,"turns":1},{"damage":0,"enemies":"Nemesis","floor":49,"turns":3},{"damage":0,"enemies":"Awakened One","floor":52,"turns":4},{"damage":0,"enemies":"Shield and Spear","floor":56,"turns":1},{"damage":0,"enemies":"The Heart","floor":57,"turns":5}],"seed_played":"-4763092182102225174","potions_obtained":[{"floor":3,"key":"SpeedPotion"},{"floor":4,"key":"LiquidMemories"},{"floor":6,"key":"SteroidPotion"},{"floor":18,"key":"Toxic Potion"},{"floor":24,"key":"SkillPotion"},{"floor":33,"key":"AttackPotion"},{"floor":33,"key":"Dexterity Potion"},{"floor":40,"key":"LifebloodPotion"},{"floor":56,"key":"BlessingOfTheForge"}],"is_trial":false,"path_per_floor":["M","?","M","M","M","E","PTL","PTL","E","R","T","E","$","M","R","?","R","B",null,"M","?","?","T","M","R","M","E","T","$","?","AVR","E","?","R_BF","B",null,"M","$","?","M","?","R","?","$","T","E","R","M","E","?","R","B",null,"R","$","E","B",null],"character_chosen":"THE_ANIMATOR","items_purchased":["animator:GoblinSlayer","animator:TanyaDegurechaff","HandDrill","infinitespire:Golems Mask","TungstenRod","Turnip","Boot","Gremlin Food","Replay:Mystery Machine","Bag of Marbles","infinitespire:ShieldingShard","hubris:TenFootPole","Juzu Bracelet","Runic Capacitor","Simple Rune","halation:AfternoonTea","hubris:MobiusCoin","CloakClasp","Replay:Multitool","halation:LettersToHer","aspiration:ChemicalBlood","halation:Komachan","Darkstone Periapt","Potion Belt","Nunchaku","Snack Pack","Quantum Egg","ReplayFunnel","hubris:64BitClover","hubris:SlimyHat","halation:QuantumPhysicsTextbook","Girya","Blue Doll","hubris:PeanutButter","hubris:GlazedTorus","Red Skull","halation:PenCase","halation:BottledLove","Grinning Jar","Oddly Smooth Stone","Strawberry","hubris:ToyBattleship","AttackPotion","PowerPotion","Sundial","Centennial Puzzle","infinitespire:FocusingShard","Omamori","Mango","Charon\u0027s Ashes","ReplayTheSpireMod:Lightbulb","Bottled Lightning","Dream Catcher","ReplayTheSpireMod:TigerMarble","Iron Hammer","Molten Egg 2","Bag of Preparation","Blue Candle","aspiration:FetidBarrel","Orichalcum","halation:SwordOfLegend","aspiration:HatOfInfinitePower","infinitespire:Midas Blood","halation:PromiseList","Art of War","hubris:MedicalManual","MerchantsRug","War Paint","Anchor","Letter Opener","hubris:Metronome","aspiration:TomeofQuesting","Membership Card","Whetstone","animator:HarukoHaruhara+1","Happy Flower","animator:AlchemistGlove","Replay:Wax Seal","Replay:Arrowhead","Champion Belt","Bronze Scales","Paper Crane","Strange Spoon","ReplayTheSpireMod:Ninjato","Replay:WaspNest","Replay:Rubber Ducky"],"campfire_rested":1,"item_purchase_floors":[13,13,13,29,29,29,29,29,29,29,29,29,29,29,29,29,29,29,29,29,29,29,29,29,29,29,29,29,29,29,29,29,29,29,29,29,29,29,29,29,29,29,29,29,29,29,29,29,29,29,29,29,29,29,29,29,29,29,29,29,29,29,29,29,29,38,38,38,38,38,38,38,44,44,44,44,44,55,55,55,55,55,55,55,55,55],"current_hp_per_floor":[65,54,54,54,52,41,41,41,30,49,49,49,49,50,50,37,37,28,76,76,76,49,49,51,51,51,43,43,64,59,59,65,65,68,76,98,100,100,100,100,100,100,100,100,100,100,100,97,100,100,100,100,100,100,124,124,124],"gold":90,"neow_bonus":"DSIX","is_daily":false,"chose_seed":false,"campfire_upgraded":3,"win_rate":0.0,"timestamp":1608141960,"path_taken":["M","?","M","M","M","E","PTL","PTL","E","R","T","E","$","M","R","?","R","BOSS","M","?","?","?","M","R","M","E","T","$","?","AVR","E","?","R_BF","BOSS","M","?","?","M","?","R","?","?","T","E","R","M","E","?","R","BOSS","R","$","E","BOSS"],"items_purchased_type":["Card","Card","Relic","Relic","Relic","Relic","Relic","Relic","Relic","Relic","Relic","Relic","Relic","Relic","Relic","Relic","Relic","Relic","Relic","Relic","Relic","Relic","Relic","Relic","Relic","Relic","Relic","Relic","Relic","Relic","Relic","Relic","Relic","Relic","Relic","Relic","Relic","Relic","Relic","Relic","Relic","Relic","Potion","Potion","Relic","Relic","Relic","Relic","Relic","Relic","Relic","Relic","Relic","Relic","Relic","Relic","Relic","Relic","Relic","Relic","Relic","Relic","Relic","Relic","Relic","Relic","Relic","Relic","Relic","Relic","Relic","Relic","Relic","Relic","Card","Relic","Relic","Relic","Relic","Relic","Relic","Relic","Relic","Relic","Relic","Relic"],"build_version":"2020-12-13","purchased_purges":0,"victory":true,"max_hp_per_floor":[66,66,66,66,66,66,66,66,66,66,66,66,66,67,67,67,67,68,76,76,76,76,76,78,78,78,75,75,96,96,96,98,98,98,98,98,100,100,100,100,100,100,100,100,100,100,100,97,100,100,100,100,100,100,124,124,124],"card_choices":[{"not_picked":["animator:ShinjiMatou","animator:Elsword"],"picked":"animator:Shion","floor":1},{"not_picked":["animator:Aisha","animator:Sloth"],"picked":"animator:ShinjiMatou","floor":3},{"not_picked":["animator:GazelDwargon","animator:Berserker"],"picked":"animator:Priestess","floor":4},{"not_picked":["animator:LizardPriest","animator:Priestess"],"picked":"animator:DwarfShaman","floor":5},{"not_picked":["TH:PixieDust"],"picked":"TH:EnergyPotion","floor":6},{"not_picked":["animator:Greed","animator:Kaijin"],"picked":"animator:YaoHaDucy","floor":6},{"not_picked":["animator:RoyMustang","animator:Rena"],"picked":"animator:AcuraAkari","floor":9},{"not_picked":["TH:BikiniMail","TH:PixieDust"],"picked":"SKIP","floor":9},{"not_picked":["TH:BikiniMail","TH:PixieDust"],"picked":"SKIP","floor":9},{"not_picked":["TH:ArmorSpikes"],"picked":"TH:DeckOfManyThings","floor":12},{"not_picked":["animator:EmiyaShirou","animator:Gluttony"],"picked":"animator:LizardPriest","floor":12},{"not_picked":["animator:Priestess","animator:DwarfShaman"],"picked":"animator:Spearman","floor":14},{"not_picked":["TH:PixieDust"],"picked":"TH:ElvenBoots","floor":18},{"not_picked":["animator:PinaCoLada","animator:Elesis"],"picked":"animator:AcuraShin","floor":18},{"not_picked":["animator:Tyuule","animator:Ain+1"],"picked":"animator:Alexander+1","floor":20},{"not_picked":["TH:BikiniMail","TH:Mimic"],"picked":"SKIP","floor":23},{"not_picked":["animator:Rider+1","animator:GazelDwargon","animator:Guy"],"picked":"SKIP","floor":24},{"not_picked":["animator:Ciel","animator:Chung+1","animator:Shion"],"picked":"SKIP","floor":26},{"not_picked":["animator:DwarfShaman","animator:Priestess"],"picked":"animator:HighElfArcher","floor":27},{"not_picked":["animator:Elesis","animator:Scar"],"picked":"animator:Lu","floor":27},{"not_picked":["TH:Mimic"],"picked":"TH:DeckOfManyThings","floor":28},{"not_picked":["TH:PixieDust"],"picked":"TH:CursedSword","floor":32},{"not_picked":["animator:EmiyaShirou+1","animator:SakuraMatou"],"picked":"animator:Spearman+1","floor":32},{"not_picked":["animator:Father","animator:Saber+1"],"picked":"animator:GoblinSlayer+1","floor":35},{"not_picked":["animator:SakuraMatou+1","animator:Hakurou+1","animator:Scar+1"],"picked":"SKIP","floor":37},{"not_picked":["animator:Raven+1","animator:EmiyaShirou","animator:AcuraTooru+1"],"picked":"SKIP","floor":40},{"not_picked":["TH:DeckOfManyThings","TH:Mimic"],"picked":"SKIP","floor":45},{"not_picked":["animator:GuildGirl","animator:Priestess"],"picked":"animator:GoblinSlayer+1","floor":46},{"not_picked":["animator:Scar+1","animator:Viivi+1","animator:TukaLunaMarceau+1"],"picked":"SKIP","floor":46},{"not_picked":["animator:Rider+1","animator:Ara+1","animator:Rena+1"],"picked":"SKIP","floor":48},{"not_picked":["TH:DeckOfManyThings"],"picked":"TH:CopperCoins","floor":49},{"not_picked":["animator:Lancer+1","animator:Vesta+1"],"picked":"animator:Bozes+1","floor":49},{"not_picked":["animator:AcuraTooru+1","animator:EmiyaShirou+1"],"picked":"animator:Millim+1","floor":56},{"not_picked":["TH:Mimic"],"picked":"TH:CopperCoins","floor":56}],"player_experience":262270,"relics_obtained":[{"floor":6,"key":"infinitespire:Satchel"},{"floor":9,"key":"animator:ShionDessert"},{"floor":12,"key":"Old Coin"},{"floor":22,"key":"Red Mask"},{"floor":23,"key":"halation:PrussianBluePaint"},{"floor":27,"key":"Smiling Mask"},{"floor":31,"key":"Mummified Hand"},{"floor":31,"key":"hubris:FunFungus"},{"floor":31,"key":"infinitespire:PuzzleCube"},{"floor":32,"key":"aspiration:Lifesprig"},{"floor":45,"key":"halation:LettersToHer"},{"floor":45,"key":"Akabeko"},{"floor":46,"key":"halation:TwoAmDonut"},{"floor":49,"key":"Bottled Tornado"},{"floor":56,"key":"Replay:Bottled Eggs"}],"event_choices":[{"damage_healed":0,"gold_gain":0,"player_choice":"Slimed","damage_taken":11,"max_hp_gain":0,"max_hp_loss":0,"event_name":"betterThird:BetterGoop","floor":2,"gold_loss":28},{"damage_healed":50,"gold_gain":0,"player_choice":"Upgrade","damage_taken":13,"max_hp_gain":0,"max_hp_loss":67,"event_name":"betterThird:BetterShining","floor":16,"gold_loss":0,"cards_upgraded":["animator:TanyaDegurechaff","animator:Spearman"]},{"damage_healed":0,"gold_gain":0,"player_choice":"Stole Relic","damage_taken":0,"relics_obtained":["Replay:Baseball"],"max_hp_gain":0,"max_hp_loss":0,"event_name":"Addict","floor":21,"gold_loss":0,"cards_obtained":["Shame"]},{"damage_healed":0,"gold_gain":0,"player_choice":"Fought Bandits","damage_taken":0,"max_hp_gain":0,"max_hp_loss":0,"event_name":"Masked Bandits","floor":22,"gold_loss":0},{"damage_healed":0,"gold_gain":0,"player_choice":"Obtained Book","damage_taken":16,"max_hp_gain":0,"max_hp_loss":0,"event_name":"Cursed Tome","floor":30,"gold_loss":0},{"damage_healed":0,"gold_gain":0,"player_choice":"Bought 2 Potions","damage_taken":0,"max_hp_gain":0,"max_hp_loss":0,"event_name":"The Woman in Blue","floor":33,"gold_loss":0},{"damage_healed":0,"gold_gain":222,"player_choice":"Wore Mask","damage_taken":0,"max_hp_gain":0,"max_hp_loss":0,"event_name":"Tomb of Lord Red Mask","floor":39,"gold_loss":0},{"damage_healed":0,"gold_gain":0,"player_choice":"Gave Potion","damage_taken":0,"relics_obtained":["Regal Pillow"],"max_hp_gain":0,"max_hp_loss":0,"event_name":"WeMeetAgain","floor":41,"gold_loss":0},{"damage_healed":0,"gold_gain":0,"cards_transformed":["animator:YaoHaDucy","TH:ElvenBoots"],"player_choice":"Transformed Cards","damage_taken":0,"max_hp_gain":0,"max_hp_loss":0,"event_name":"Designer","floor":43,"gold_loss":60,"cards_obtained":["animator:Gillette","animator:Kagari"]},{"cards_removed":["animator:Defend"],"damage_healed":0,"gold_gain":0,"player_choice":"Removed Skill","damage_taken":0,"max_hp_gain":0,"max_hp_loss":0,"event_name":"Falling","floor":50,"gold_loss":0}],"is_beta":false,"boss_relics":[{"not_picked":["Empty Cage","hubris:TerracottaHorce"],"picked":"animator:HolyGrailRelic"},{"not_picked":["aspiration:DefectSkillbook","Black Star"],"picked":"energizedSpire:EnergizedDie"}],"items_purged_floors":[],"is_endless":false,"potions_floor_spawned":[3,4,6,18,24,35,40,56],"ascension_level":1}}