{"host":"wukocnei7dgudpva","time":1608097425,"event":{"mods":["AchievementEnabler","BaseMod","Colored Map","Minty Spire (QoL Compilation)","Permanent Neow","StSLib","SuperFastMode"],"gold_per_floor":[114,114,134,59,76,76,86,115,139,154,119,119,219,232,232,337,337,348,360,360,372,372],"floor_reached":21,"playtime":3869,"items_purged":[],"score":181,"play_id":"5a7b762d-c564-4d51-9d0e-0fcfcc7fe3d6","local_time":"20201216144345","is_ascension_mode":false,"campfire_choices":[{"floor":6.0,"key":"RECALL"},{"floor":12.0,"key":"REST"},{"floor":15.0,"key":"REST"}],"circlet_count":0,"master_deck":["Strike_P","Strike_P","Strike_P","Strike_P","Defend_P","Defend_P","Defend_P","Defend_P","Eruption","Vigilance","FearNoEvil","Writhe"],"relics":["VioletLotus","Bag of Preparation","MawBank"],"acts_visited":["Exordium","TheCity"],"potions_floor_usage":[19,19],"damage_taken":[{"damage":10.0,"enemies":"2 Louse","floor":1.0,"turns":3.0},{"damage":0.0,"enemies":"Small Slimes","floor":3.0,"turns":3.0},{"damage":0.0,"enemies":"Cultist","floor":5.0,"turns":4.0},{"damage":0.0,"enemies":"2 Fungi Beasts","floor":7.0,"turns":2.0},{"damage":59.0,"enemies":"Gremlin Nob","floor":8.0,"turns":4.0},{"damage":0.0,"enemies":"Exordium Wildlife","floor":10.0,"turns":3.0},{"damage":0.0,"enemies":"Red Slaver","floor":14.0,"turns":4.0},{"damage":65.0,"enemies":"The Guardian","floor":16.0,"turns":16.0},{"damage":36,"enemies":"Shell Parasite","floor":18,"turns":6},{"damage":12,"enemies":"Spheric Guardian","floor":19,"turns":4},{"damage":41,"enemies":"Centurion and Healer","floor":21,"turns":2}],"seed_played":"-9081857213174725523","potions_obtained":[{"floor":7.0,"key":"EssenceOfSteel"},{"floor":10.0,"key":"Strength Potion"},{"floor":14.0,"key":"Explosive Potion"},{"floor":16.0,"key":"Explosive Potion"}],"is_trial":false,"path_per_floor":["M","?","M","$","M","R","M","E","T","M","?","R","?","M","R","B",null,"M","M","?","M"],"character_chosen":"WATCHER","items_purchased":["FearNoEvil"],"campfire_rested":2,"item_purchase_floors":[4],"current_hp_per_floor":[62,67,67,67,67,67,67,8,8,8,27,50,50,50,73,8,77,41,29,29,0,0],"gold":372,"neow_bonus":"BOSS_RELIC","is_daily":false,"chose_seed":false,"campfire_upgraded":0,"win_rate":0.0,"timestamp":1608097425,"path_taken":["M","?","M","$","M","R","M","E","T","M","?","R","?","M","R","BOSS","M","M","?","M"],"items_purchased_type":["Card"],"build_version":"2020-12-13","purchased_purges":0,"victory":false,"max_hp_per_floor":[72,77,77,77,77,77,77,77,77,77,77,77,77,77,77,77,77,77,77,77,77,77],"card_choices":[{"not_picked":["CrushJoints","ClearTheMind","Crescendo"],"picked":"SKIP","floor":1.0},{"not_picked":["WaveOfTheHand","CrushJoints","EmptyBody"],"picked":"SKIP","floor":3.0},{"not_picked":["DeceiveReality","Crescendo","WaveOfTheHand"],"picked":"SKIP","floor":5.0},{"not_picked":["DeceiveReality","Crescendo","WaveOfTheHand"],"picked":"SKIP","floor":5.0},{"not_picked":["Evaluate","CutThroughFate","PathToVictory"],"picked":"SKIP","floor":7.0},{"not_picked":["Vengeance","SpiritShield","WindmillStrike"],"picked":"SKIP","floor":8.0},{"not_picked":["Halt","Collect","CutThroughFate"],"picked":"SKIP","floor":10.0},{"not_picked":["Swivel","BowlingBash","ReachHeaven"],"picked":"SKIP","floor":14.0},{"not_picked":["EmptyMind+1","FlyingSleeves","Crescendo"],"picked":"SKIP","floor":18},{"not_picked":["EmptyBody","FearNoEvil","Tantrum"],"picked":"SKIP","floor":19}],"player_experience":244686,"relics_obtained":[{"floor":8.0,"key":"Bag of Preparation"}],"event_choices":[{"damage_healed":0.0,"max_hp_gain":5.0,"max_hp_loss":0.0,"gold_gain":0.0,"event_name":"Big Fish","player_choice":"Donut","floor":2.0,"gold_loss":0.0,"damage_taken":0.0},{"damage_healed":19.0,"max_hp_gain":0.0,"max_hp_loss":0.0,"gold_gain":0.0,"event_name":"The Cleric","player_choice":"Healed","floor":11.0,"gold_loss":35.0,"damage_taken":0.0},{"damage_healed":0.0,"max_hp_gain":0.0,"max_hp_loss":0.0,"gold_gain":100.0,"event_name":"Golden Shrine","player_choice":"Pray","floor":13.0,"gold_loss":0.0,"damage_taken":0.0},{"damage_healed":0,"gold_gain":0,"player_choice":"Opened","damage_taken":0,"relics_obtained":["MawBank"],"max_hp_gain":0,"max_hp_loss":0,"event_name":"The Mausoleum","floor":20,"gold_loss":0,"cards_obtained":["Writhe"]}],"is_beta":false,"boss_relics":[{"not_picked":["Runic Pyramid","Astrolabe","Velvet Choker"]}],"items_purged_floors":[],"is_endless":false,"potions_floor_spawned":[7,10,14,16],"killed_by":"Centurion and Healer","ascension_level":0}}