{"host":"l8lm1goh5xm9tkuw","time":1608123951,"event":{"mods":["Act Like it!","Alarm Clock","Astrologer","BaseMod","Colored Map","Colored Powertips","GungeonMod","Hermit","KinomotoSakuraMod(Ä¾Ö®±¾Ó£)","KomeijiMod","Library of Ruina","Library of Ruina Extra","Lobotomy","LobotomyExtend","Marisa£¨ìFÓê¡¡Ä§ÀíÉ³£©","Minty Spire (QoL Compilation)","MostiFishMod","Quick Restart","Replay The Spire","Shade Mod","StSLib","TestMod","The Animator","The Bug Knight","The Hierophant","UnlockEverythingMod","vexMod","¡¾ÒÅÎï¿¨ÅÆ¡¿REMEMod"],"gold_per_floor":[112,112,137,137,151,177,188,188,188,188,188,188,203,234,234,337,337,352,352,352,370,370,370,390,410,410,444,444,444,444,455,455,550,550,567,586,986,1067,1067,1093,1093,1125,1125,944,959,969,992,1007,1007,1007,1007,1007,1007,396,423,423],"floor_reached":57,"playtime":1302,"items_purged":["Dodge+1","LightDefense+1"],"score":1738,"play_id":"f92a05b6-c1e7-4120-a446-3f3e7fd150d5","local_time":"20201216210551","is_ascension_mode":false,"campfire_choices":[{"data":"UpstandingSlash","floor":12.0,"key":"SMITH"},{"floor":15.0,"key":"RECALL"},{"data":"InnerArdor","floor":23.0,"key":"SMITH"},{"data":"FrontalAssault","floor":30.0,"key":"SMITH"},{"data":"Dodge","floor":32.0,"key":"SMITH"},{"floor":49,"key":"REST"},{"floor":53,"key":"REST"}],"circlet_count":0,"master_deck":["UpstandingSlash+1","Spear_LOR+1","LevelSlash+1","LightDefense+1","LightDefense+1","FocusSpirit+1","Charge+1","FrontalAssault+1","InnerArdor+1","MostiFishMod:SparklingWater+1"],"relics":["PageOfLibrarian","testmod-TestBox","REME_ComplimentaryCards","Question Card","LetterFromLob","DemoMod:WeirdEgg","Tiny Chest","DemoMod:BlueGuonStone","ReplayTheSpireMod:TigerMarble","DemoMod:GlassGuonStoneRelic","ImportantClient","Snecko Eye","DemoMod:SerJunkan","DemoMod:Junk","Shuriken","Toxic Egg 2","REME_LowDesire","PageOfBloodbath","DemoMod:WhiteGuonStone","PageOfLittleHelper","Bag of Marbles","vexMod:InvisibilityCloak","PageOfAlriune","OrangePellets"],"acts_visited":["Exordium","TheCity","TheBeyond","TheEnding"],"potions_floor_usage":[],"damage_taken":[{"damage":0.0,"enemies":"2 Louse","floor":1.0,"turns":1.0},{"damage":0.0,"enemies":"Jaw Worm","floor":5.0,"turns":2.0},{"damage":0.0,"enemies":"Lagavulin","floor":6.0,"turns":3.0},{"damage":0.0,"enemies":"Cultist","floor":7.0,"turns":1.0},{"damage":0.0,"enemies":"Blue Slaver","floor":13.0,"turns":1.0},{"damage":8.0,"enemies":"3 Sentries","floor":14.0,"turns":4.0},{"damage":0.0,"enemies":"The Guardian","floor":16.0,"turns":9.0},{"damage":0.0,"enemies":"Spheric Guardian","floor":18.0,"turns":1.0},{"damage":0.0,"enemies":"3 Byrds","floor":21.0,"turns":2.0},{"damage":0.0,"enemies":"Snake Plant","floor":24.0,"turns":1.0},{"damage":0.0,"enemies":"Sentry and Sphere","floor":25.0,"turns":2.0},{"damage":0.0,"enemies":"Gremlin Leader","floor":27.0,"turns":2.0},{"damage":0.0,"enemies":"Centurion and Healer","floor":31.0,"turns":2.0},{"damage":0.0,"enemies":"KingOfGreed","floor":33.0,"turns":6.0},{"damage":0.0,"enemies":"3 Darklings","floor":35.0,"turns":3.0},{"damage":0.0,"enemies":"3 Shapes","floor":36.0,"turns":3.0},{"damage":0.0,"enemies":"Reptomancer","floor":40.0,"turns":1.0},{"damage":0,"enemies":"Nemesis","floor":42,"turns":1},{"damage":0,"enemies":"Jaw Worm Horde","floor":45,"turns":2},{"damage":0,"enemies":"Writhing Mass","floor":46,"turns":1},{"damage":0,"enemies":"4 Shapes","floor":48,"turns":1},{"damage":0,"enemies":"Awakened One","floor":50,"turns":5},{"damage":0,"enemies":"Shield and Spear","floor":55,"turns":2},{"damage":0,"enemies":"The Heart","floor":56,"turns":3}],"seed_played":"-785663206373754431","potions_obtained":[{"floor":4.0,"key":"EssenceOfSteel"},{"floor":4.0,"key":"testmod-TestPotion"},{"floor":4.0,"key":"ColorlessPotion"},{"floor":13.0,"key":"DemoMod:BlankPotion"},{"floor":21.0,"key":"SteroidPotion"},{"floor":27.0,"key":"DistilledChaos"}],"is_trial":false,"path_per_floor":["M","?","T","?","M","E","M","M","T","?","?","R","M","E","R_BF","B",null,"M","T","?","M","?","R","M","M","T","E","T","?","R","M","R","B",null,"M","M","?","T","T","E","?","E","T","$","M","M","T","M","R","B",null,null,"R","$","E","B",null],"character_chosen":"Librarian","items_purchased":["Bag of Marbles","vexMod:InvisibilityCloak","PageOfAlriune","OrangePellets"],"campfire_rested":2,"item_purchase_floors":[44,54,54,54],"current_hp_per_floor":[60,75,75,75,75,75,75,75,75,75,75,75,75,67,67,67,92,92,92,92,92,92,92,92,92,92,92,92,92,92,92,92,92,92,92,92,92,92,92,92,92,92,92,92,92,92,92,92,92,92,92,92,92,92,92,92],"gold":423,"neow_bonus":"","is_daily":false,"chose_seed":false,"campfire_upgraded":4,"win_rate":0.0,"timestamp":1608123951,"path_taken":["M","?","?","?","?","E","M","M","T","?","?","R","?","E","R_BF","BOSS","M","?","?","M","?","R","?","M","T","E","?","?","R","M","R","BOSS","M","M","?","?","?","E","?","E","T","?","M","?","?","M","R","BOSS","R","$","E","BOSS"],"items_purchased_type":["Relic","Relic","Relic","Relic"],"build_version":"2020-12-13","purchased_purges":2,"victory":true,"max_hp_per_floor":[92,92,92,92,92,92,92,92,92,92,92,92,92,92,92,92,92,92,92,92,92,92,92,92,92,92,92,92,92,92,92,92,92,92,92,92,92,92,92,92,92,92,92,92,92,92,92,92,92,92,92,92,92,92,92,92],"card_choices":[{"not_picked":["FlashingStrike","EndlessBattle","Multislash"],"picked":"FrontalAssault","floor":1.0},{"not_picked":["Multislash","IronWall","Diversion","Rampage_lor","DesperateStruggle"],"picked":"SKIP","floor":5.0},{"not_picked":["FleetFootsteps","BackAttack","Standoff","Diversion","Faith"],"picked":"SKIP","floor":6.0},{"not_picked":["Brawl","FierceCharge","SpearedSweep","EndlessBattle","SharpSwipe"],"picked":"SKIP","floor":7.0},{"not_picked":["Faith","Unlock1","GaleKick","SpearedSweep","FleetEdge"],"picked":"SKIP","floor":13.0},{"not_picked":["Faith","Eliminate","ChargeUp","SharpSwipe"],"picked":"InnerArdor","floor":14.0},{"not_picked":["AutomatedMovement","NightInTheBackstreets+1","Multislash","PuppetBlockade","ForTheFamily"],"picked":"SKIP","floor":18.0},{"not_picked":["DefenseOrder","Multislash","SturdyDefense","Zzzzzap","EndlessBattle"],"picked":"SKIP","floor":21.0},{"not_picked":["Pound","FleetEdge+1","FrontalAssault","GuidanceOfTheGears","CumulusWall"],"picked":"SKIP","floor":24.0},{"not_picked":["SpearedSweep","UnavoidableGaze+1","SunsetBlade+1","CleanUp","BindingChains+1"],"picked":"SKIP","floor":25.0},{"not_picked":["AsThePrescriptOrders+1","Transpierce","OpportunitySpotted","ForTheFamily","UpbeatPerformance"],"picked":"SKIP","floor":27.0},{"not_picked":["SunsetBlade","DefenseOrder+1","UnavoidableGaze+1","TendonChords+1","Zzzzzap+1"],"picked":"SKIP","floor":31.0},{"not_picked":["WillProduceFineSilk+1","Eliminate+1","AutonomousRush+1","EndlessBattle","FeatherShield+1","MostiFishMod:FantasySummer+1"],"picked":"SKIP","floor":35.0},{"not_picked":["ElectricShock","FrontalAssault+1","DefenseOrder+1","SearingSword","NightInTheBackstreets+1"],"picked":"MostiFishMod:SparklingWater+1","floor":36.0},{"not_picked":["ElectricShock","MultiBlock+1","FleetEdge+1","BlazingStrike","FlashOfSunup+1","Mind Blast+1"],"picked":"SKIP","floor":40.0},{"not_picked":["Preparation+1","ForcefulGesture","DefenseOrder+1","MultiHit+1","Tailoring","testmod-Reproduce"],"picked":"SKIP","floor":42},{"not_picked":["ForTheFamily+1","YoureTooSlow+1","SomberProcuration+1","StrongStrike","FierceCharge+1","ReplayTheSpireMod:Uncanny Aura+1"],"picked":"SKIP","floor":45},{"not_picked":["PuppetBlockade+1","HighSpeedStabbing","TendonChords","FrontalAssault+1","SunsetBlade","Poisoned Strike"],"picked":"SKIP","floor":46},{"not_picked":["TendonChords+1","UpbeatPerformance+1","Eradication","StructuralAnalysis+1","RulesOfTheBackstreets","REME_MagicPocketWatch+1"],"picked":"SKIP","floor":48},{"not_picked":["Unlock1+1","FlashOfSunup+1","DefenseOrder+1","Multislash+1","FrontalAssault+1","PreThought+1"],"picked":"SKIP","floor":55}],"player_experience":317740,"relics_obtained":[{"floor":1.0,"key":"Question Card"},{"floor":1.0,"key":"LetterFromLob"},{"floor":3.0,"key":"DemoMod:WeirdEgg"},{"floor":6.0,"key":"Tiny Chest"},{"floor":9.0,"key":"DemoMod:BlueGuonStone"},{"floor":14.0,"key":"ReplayTheSpireMod:TigerMarble"},{"floor":16.0,"key":"ImportantClient"},{"floor":26.0,"key":"DemoMod:SerJunkan"},{"floor":27.0,"key":"DemoMod:Junk"},{"floor":28.0,"key":"Shuriken"},{"floor":29.0,"key":"Toxic Egg 2"},{"floor":34.0,"key":"PageOfBloodbath"},{"floor":34.0,"key":"DemoMod:WhiteGuonStone"},{"floor":38.0,"key":"DemoMod:Junk"},{"floor":39.0,"key":"PageOfLittleHelper"},{"floor":40.0,"key":"DemoMod:Junk"},{"floor":42,"key":"DemoMod:Junk"},{"floor":43,"key":"DemoMod:Junk"},{"floor":47,"key":"DemoMod:Junk"},{"floor":55,"key":"DemoMod:Junk"}],"event_choices":[{"damage_healed":0.0,"max_hp_gain":0.0,"max_hp_loss":0.0,"gold_gain":0.0,"event_name":"Lab","player_choice":"Got Potions","floor":4.0,"gold_loss":0.0,"damage_taken":0.0},{"damage_healed":0.0,"max_hp_gain":0.0,"max_hp_loss":0.0,"gold_gain":0.0,"event_name":"Living Wall","player_choice":"Grow","floor":10.0,"gold_loss":0.0,"damage_taken":0.0,"cards_upgraded":["FocusSpirit"]},{"damage_healed":0.0,"max_hp_gain":0.0,"max_hp_loss":0.0,"gold_gain":0.0,"event_name":"Accursed Blacksmith","player_choice":"Forge","floor":11.0,"gold_loss":0.0,"damage_taken":0.0,"cards_upgraded":["LevelSlash"]},{"damage_healed":0.0,"max_hp_gain":0.0,"max_hp_loss":0.0,"gold_gain":0.0,"event_name":"Back to Basics","player_choice":"Simplicity","floor":20.0,"gold_loss":0.0,"damage_taken":0.0,"cards_upgraded":["LightDefense","LightAttack","Spear_LOR","LightDefense","LightDefense","Charge"]},{"cards_removed":["LightAttack"],"damage_healed":0.0,"max_hp_gain":0.0,"max_hp_loss":0.0,"gold_gain":0.0,"event_name":"Purifier","player_choice":"Purged","floor":22.0,"gold_loss":0.0,"damage_taken":0.0},{"damage_healed":0.0,"max_hp_gain":0.0,"max_hp_loss":0.0,"gold_gain":0.0,"event_name":"Wheel of Change","player_choice":"Relic","floor":29.0,"gold_loss":0.0,"damage_taken":0.0},{"damage_healed":0.0,"max_hp_gain":0.0,"max_hp_loss":0.0,"gold_gain":400.0,"event_name":"¶÷ÂåË¹µÄÅÌ×Ó","player_choice":"Sell","floor":37.0,"relics_lost":["DaveBox"],"gold_loss":0.0,"damage_taken":0.0}],"is_beta":false,"boss_relics":[{"not_picked":["Fusion Hammer","PageOfBlackSwan"],"picked":"Snecko Eye"},{"not_picked":["BloodWine","testmod-NegativeEmotionEnhancer"],"picked":"REME_LowDesire"}],"items_purged_floors":[44,54],"is_endless":false,"potions_floor_spawned":[6,13,21,27,31,36,45,46,55],"ascension_level":0}}