{"host":"2xnjhc1nuqzfyzm4","time":1608092121,"event":{"mods":["Act Like it!","BaseMod","Beaked The Cultist","Bestiary","Better Match","Better Note","Better Sensory Stone","Better Third Choice","Block Reminder","CapriCore","CatGirl Mod","ChefMod","Colored Powertips","Displayed Cursed Tome","Dota2Spire","Downfall","Ekko","Elementarium","Gremlin Mod","GungeonMod","Hallownest","Hermit","Hubris","Humility","Infinite Spire","Jedi Mod","Jorbs\u0027s Wanderer Trilogy","Luminous","Mad Scientist","Marisa????????","Menagerie","Minty Spire (QoL Compilation)","MostiFishMod","Potionbrewer","Prisma Mod","QueenMod","Relic Stats","Replay The Spire","Robot Space Explorer","SIMod","Shade Mod","Spikes Relics","StSLib","The Alterego","The Animator","The Blackbeard","The Bug Knight","The Cursed","The Death Knight","The Disciple","The Dragon Tamer","The Druid","The Elementalist","The Exalted","The Fake Hero","The Florist","The Gatherer","The Hayseed","The Hierophant","The Immortal","The Jungle","The Mystic","The Necromancer","The Poker Player","The Runesmith","The Sage","The Senshi","The Servant 0.9.4","The Showman","The Spell Scribe","The Valiant","The Wild Card","TheArtist","TheBandit","TheSwordswoman","TheVacant","TheVelvet","TheWitcher","Trackpad","Waifu the Spire","WarShipGirlsR/????R mod","???????????mod"],"gold_per_floor":[112,112,44,64,77,117,148,162,217,242,242,267,279,279,279,379,379,393,393,332,332,360,394,394,427,427,440,465,481,495,529,529,624,624,678,678,734,734,812,894,972,853,853,853,959,1031,1112,1215,1215,1215,1215,1215,755,834,834],"floor_reached":56,"playtime":4993,"items_purged":["ekkoTheBoyWhoShatteredTime:DuplicateTimelines+1"],"score":1608,"play_id":"f6105215-dc81-4c2a-b5bb-25000f2bd3a3","local_time":"20201215201521","is_ascension_mode":false,"campfire_choices":[{"floor":11,"key":"RECALL"},{"floor":24,"key":"REST"},{"floor":44,"key":"REST"},{"floor":49,"key":"REST"},{"data":"hubris:InfiniteBlow+13","floor":52,"key":"SMITH"}],"circlet_count":0,"master_deck":["ekkoTheBoyWhoShatteredTime:Strike","ekkoTheBoyWhoShatteredTime:Strike","ekkoTheBoyWhoShatteredTime:Strike","ekkoTheBoyWhoShatteredTime:Strike","ekkoTheBoyWhoShatteredTime:Strike","ekkoTheBoyWhoShatteredTime:Defend","ekkoTheBoyWhoShatteredTime:Defend","ekkoTheBoyWhoShatteredTime:Defend","ekkoTheBoyWhoShatteredTime:Defend+1","ekkoTheBoyWhoShatteredTime:TimeMaster","MostiFishMod:FrostNova","MostiFishMod:WinterMarkForm","ekkoTheBoyWhoShatteredTime:SpHit","ekkoTheBoyWhoShatteredTime:PhaseDive+1","ekkoTheBoyWhoShatteredTime:GrandeFinale","ekkoTheBoyWhoShatteredTime:Dash+1","ekkoTheBoyWhoShatteredTime:NeedlesslyLargeRod","ekkoTheBoyWhoShatteredTime:NaggingBlow+1","ekkoTheBoyWhoShatteredTime:Powered","ekkoTheBoyWhoShatteredTime:DefensiveStance","ekkoTheBoyWhoShatteredTime:HauntingGuise","ekkoTheBoyWhoShatteredTime:TrinityForce","Slimebound:MassFeed","ekkoTheBoyWhoShatteredTime:BansheesVeil","ekkoTheBoyWhoShatteredTime:NeedlesslyLargeRod","ekkoTheBoyWhoShatteredTime:QuickBreak","ekkoTheBoyWhoShatteredTime:AfterimageHit","infinitespire:DeathsTouch","ekkoTheBoyWhoShatteredTime:Backtrack+1","ekkoTheBoyWhoShatteredTime:NeedlesslyLargeRod","ekkoTheBoyWhoShatteredTime:NeedlesslyLargeRod","ekkoTheBoyWhoShatteredTime:CalmingWaves+1","ekkoTheBoyWhoShatteredTime:Periocharge","ekkoTheBoyWhoShatteredTime:HailOfBlades","Decay","ekkoTheBoyWhoShatteredTime:FeelIt+1","hubris:InfiniteBlow+14","ekkoTheBoyWhoShatteredTime:IceBreak","ekkoTheBoyWhoShatteredTime:AfterimageDualStroke","ekkoTheBoyWhoShatteredTime:HauntingGuise+1","ekkoTheBoyWhoShatteredTime:IcebornGauntlet+1","ekkoTheBoyWhoShatteredTime:DodgeTraining+1","ekkoTheBoyWhoShatteredTime:FeelIt","ekkoTheBoyWhoShatteredTime:WideSlice","ekkoTheBoyWhoShatteredTime:AfterimageSetup"],"relics":["ekkoTheBoyWhoShatteredTime:zDriveResonance","DaveBox","FrostBlade","Question Card","trackpad:BottledTsunami","Kunai","Replay:Mystery Machine","Pantograph","ImportantClient","hubris:RunicObelisk","Replay:Baseball","War Paint","jedi:Pinwheel","trackpad:Mousetrap","infinitespire:EvilPickle","Sozu","PreservedInsect","infinitespire:Golems Mask","Pet Ghost","Golden Egg","hubris:Potato","Replay:Accelerometer","Gremlin Horn","infinitespire:Bottled Soul"],"acts_visited":["Exordium","TheCity","TheBeyond","TheEnding"],"potions_floor_usage":[10,12,16,27,29,33,33,46],"damage_taken":[{"damage":0,"enemies":"Cultist","floor":1,"turns":3},{"damage":0,"enemies":"Jaw Worm","floor":4,"turns":1},{"damage":0,"enemies":"2 Louse","floor":5,"turns":3},{"damage":17,"enemies":"3 Sentries","floor":6,"turns":3},{"damage":0,"enemies":"Exordium Wildlife","floor":7,"turns":3},{"damage":0,"enemies":"3 Louse","floor":8,"turns":1},{"damage":0,"enemies":"Gremlin Nob","floor":10,"turns":3},{"damage":0,"enemies":"Red Slaver","floor":12,"turns":2},{"damage":0,"enemies":"Lots of Slimes","floor":13,"turns":1},{"damage":46,"enemies":"Hexaghost","floor":16,"turns":6},{"damage":2,"enemies":"Spheric Guardian","floor":18,"turns":4},{"damage":9,"enemies":"Chosen","floor":22,"turns":2},{"damage":33,"enemies":"Nightmare","floor":23,"turns":6},{"damage":13,"enemies":"Replay:Snechameleon","floor":25,"turns":4},{"damage":0,"enemies":"Centurion and Healer","floor":27,"turns":4},{"damage":0,"enemies":"Book of Stabbing","floor":28,"turns":3},{"damage":0,"enemies":"3 Cultists","floor":29,"turns":3},{"damage":0,"enemies":"Snake Plant","floor":30,"turns":1},{"damage":0,"enemies":"Snecko","floor":31,"turns":3},{"damage":3,"enemies":"Pondfish","floor":33,"turns":6},{"damage":2,"enemies":"Orb Walker","floor":35,"turns":3},{"damage":25,"enemies":"3 Darklings","floor":37,"turns":6},{"damage":29,"enemies":"Sphere and 2 Shapes","floor":39,"turns":5},{"damage":1,"enemies":"Giant Head","floor":40,"turns":4},{"damage":0,"enemies":"Jaw Worm Horde","floor":41,"turns":2},{"damage":16,"enemies":"Transient","floor":46,"turns":6},{"damage":12,"enemies":"Spire Growth","floor":47,"turns":3},{"damage":16,"enemies":"Reptomancer","floor":48,"turns":4},{"damage":22,"enemies":"Time Eater","floor":50,"turns":7},{"damage":19,"enemies":"Shield and Spear","floor":54,"turns":2},{"damage":71,"enemies":"The Heart","floor":55,"turns":7}],"seed_played":"2077626608127848392","potions_obtained":[{"floor":5,"key":"Explosive Potion"},{"floor":7,"key":"potionbrewer:AcidPotion"},{"floor":10,"key":"LifebloodPotion"},{"floor":12,"key":"potionbrewer:DiscountPotion"},{"floor":16,"key":"Dota2Spire:Clarity"},{"floor":22,"key":"Adrenaline Potion"},{"floor":25,"key":"Adrenaline Potion"},{"floor":28,"key":"Dota2Spire:HealingSalve"},{"floor":31,"key":"LifebloodPotion"},{"floor":37,"key":"sneckomod:MuddlingPotion"}],"is_trial":false,"path_per_floor":["M","$","?","M","M","E","M","M","T","E","R","M","M","T","R","B",null,"M","?","$","?","M","NM","R","E","T","M","E","M","M","M","R","B",null,"M","?","M","AVR","M","E","M","$","T","R","?","M","M","E","R","B",null,"R","$","E","B",null],"character_chosen":"EKKO_THE_BOY_WHO_SHATTERED_TIME","items_purchased":["ekkoTheBoyWhoShatteredTime:BansheesVeil","Pet Ghost","Replay:Accelerometer","Gremlin Horn"],"campfire_rested":3,"item_purchase_floors":[20,42,53,53],"current_hp_per_floor":[85,85,85,85,85,71,74,74,74,74,74,77,77,77,85,39,85,83,83,83,83,77,44,69,56,56,56,56,62,62,65,85,82,85,83,83,58,58,32,31,31,31,31,56,56,40,28,12,37,40,85,85,85,66,14],"gold":834,"neow_bonus":"TEN_PERCENT_HP_BONUS","is_daily":false,"chose_seed":false,"campfire_upgraded":1,"win_rate":0.0,"timestamp":1608092121,"path_taken":["M","$","?","M","M","E","?","M","T","E","R","M","M","?","R","BOSS","M","?","$","?","M","NM","R","E","T","?","E","?","M","M","R","BOSS","M","?","M","AVR","?","E","M","$","T","R","?","M","M","E","R","BOSS","R","$","E","BOSS"],"items_purchased_type":["Card","Relic","Relic","Relic"],"build_version":"2020-12-13","purchased_purges":1,"victory":true,"max_hp_per_floor":[85,85,85,85,85,85,85,85,85,85,85,85,85,85,85,85,85,85,85,85,85,85,85,85,85,85,85,85,85,85,85,85,85,85,85,85,85,85,85,85,85,85,85,85,85,85,85,85,85,85,85,85,85,85,85],"relic_stats":{"Sozu":1,"Gremlin Horn":[1,1],"counters":[31,111],"Pantograph":44,"PreservedInsect":252,"Kunai":[55],"War Paint":["ekkoTheBoyWhoShatteredTime:Defend","ekkoTheBoyWhoShatteredTime:PhaseDive"],"Question Card":64,"obtain_stats":[{"trackpad:Mousetrap":28,"Golden Egg":43,"Replay:Accelerometer":53,"DaveBox":0,"Gremlin Horn":53,"DemoMod:GlassGuonStoneRelic":4,"Replay:Mystery Machine":10,"hubris:RunicObelisk":17,"jedi:Pinwheel":26,"Pet Ghost":42,"Sozu":38,"infinitespire:Bottled Soul":54,"Pantograph":14,"infinitespire:Golems Mask":40,"Kunai":6,"ekkoTheBoyWhoShatteredTime:zDriveResonance":0,"ImportantClient":16,"PreservedInsect":38,"War Paint":25,"Question Card":1,"FrostBlade":0,"infinitespire:EvilPickle":33,"Replay:Baseball":23,"trackpad:BottledTsunami":3,"hubris:Potato":48},{"trackpad:Mousetrap":16,"Golden Egg":25,"Replay:Accelerometer":29,"DaveBox":0,"Gremlin Horn":29,"DemoMod:GlassGuonStoneRelic":2,"Replay:Mystery Machine":7,"hubris:RunicObelisk":10,"jedi:Pinwheel":14,"Pet Ghost":25,"Sozu":22,"infinitespire:Bottled Soul":30,"Pantograph":9,"infinitespire:Golems Mask":24,"Kunai":4,"ekkoTheBoyWhoShatteredTime:zDriveResonance":0,"ImportantClient":10,"PreservedInsect":22,"War Paint":14,"Question Card":1,"FrostBlade":0,"infinitespire:EvilPickle":20,"Replay:Baseball":13,"trackpad:BottledTsunami":1,"hubris:Potato":28},{"trackpad:Mousetrap":49,"Golden Egg":82,"Replay:Accelerometer":102,"DaveBox":0,"Gremlin Horn":102,"DemoMod:GlassGuonStoneRelic":4,"Replay:Mystery Machine":17,"hubris:RunicObelisk":26,"jedi:Pinwheel":42,"Pet Ghost":82,"Sozu":71,"infinitespire:Bottled Soul":104,"Pantograph":20,"infinitespire:Golems Mask":80,"Kunai":10,"ekkoTheBoyWhoShatteredTime:zDriveResonance":0,"ImportantClient":26,"PreservedInsect":71,"War Paint":42,"Question Card":3,"FrostBlade":0,"infinitespire:EvilPickle":62,"Replay:Baseball":38,"trackpad:BottledTsunami":3,"hubris:Potato":95}]},"card_choices":[{"not_picked":["ekkoTheBoyWhoShatteredTime:WaitForKeyTiming","ekkoTheBoyWhoShatteredTime:AfterimageTimeWrap"],"picked":"ekkoTheBoyWhoShatteredTime:SpHit","floor":1},{"not_picked":["ekkoTheBoyWhoShatteredTime:BansheesVeil","ekkoTheBoyWhoShatteredTime:DuplicateTimelines","ekkoTheBoyWhoShatteredTime:HauntingGuise"],"picked":"ekkoTheBoyWhoShatteredTime:PhaseDive","floor":4},{"not_picked":["ekkoTheBoyWhoShatteredTime:PhaseDive","ekkoTheBoyWhoShatteredTime:HauntedAfterimage","ekkoTheBoyWhoShatteredTime:HauntingGuise"],"picked":"ekkoTheBoyWhoShatteredTime:GrandeFinale","floor":5},{"not_picked":["ekkoTheBoyWhoShatteredTime:SneakHit","ekkoTheBoyWhoShatteredTime:AfterimageSetup","ekkoTheBoyWhoShatteredTime:Backtrack"],"picked":"ekkoTheBoyWhoShatteredTime:Dash","floor":6},{"not_picked":["ekkoTheBoyWhoShatteredTime:Playful","ekkoTheBoyWhoShatteredTime:KneeNSwordCombo","ekkoTheBoyWhoShatteredTime:NashorsTooth"],"picked":"ekkoTheBoyWhoShatteredTime:NeedlesslyLargeRod","floor":7},{"not_picked":["ekkoTheBoyWhoShatteredTime:BansheesVeil","ekkoTheBoyWhoShatteredTime:IceBreak","ekkoTheBoyWhoShatteredTime:PhaseDive"],"picked":"ekkoTheBoyWhoShatteredTime:NaggingBlow","floor":8},{"not_picked":["ekkoTheBoyWhoShatteredTime:CommittedStrike","ekkoTheBoyWhoShatteredTime:Confident","ekkoTheBoyWhoShatteredTime:KneeNSwordCombo"],"picked":"ekkoTheBoyWhoShatteredTime:Powered","floor":10},{"not_picked":["ekkoTheBoyWhoShatteredTime:WideSlice","ekkoTheBoyWhoShatteredTime:TimeRecall","ekkoTheBoyWhoShatteredTime:Vibin"],"picked":"ekkoTheBoyWhoShatteredTime:DefensiveStance","floor":12},{"not_picked":["ekkoTheBoyWhoShatteredTime:AfterimageTimeWrap","ekkoTheBoyWhoShatteredTime:AfterimageTease","ekkoTheBoyWhoShatteredTime:KeepingMomentum"],"picked":"ekkoTheBoyWhoShatteredTime:HauntingGuise","floor":13},{"not_picked":["ekkoTheBoyWhoShatteredTime:SandstormSympathy","ekkoTheBoyWhoShatteredTime:URF","ekkoTheBoyWhoShatteredTime:Unleashed"],"picked":"ekkoTheBoyWhoShatteredTime:TrinityForce","floor":16},{"not_picked":["ekkoTheBoyWhoShatteredTime:Greed","ekkoTheBoyWhoShatteredTime:CommittedStrike","ekkoTheBoyWhoShatteredTime:AfterimageBait","ekkoTheBoyWhoShatteredTime:HauntedAfterimage"],"picked":"SKIP","floor":18},{"not_picked":["ekkoTheBoyWhoShatteredTime:Dash+1","ekkoTheBoyWhoShatteredTime:LichBane","ekkoTheBoyWhoShatteredTime:CommittedStrike"],"picked":"ekkoTheBoyWhoShatteredTime:QuickBreak","floor":22},{"not_picked":["ekkoTheBoyWhoShatteredTime:SneakHit","ekkoTheBoyWhoShatteredTime:Leap","ekkoTheBoyWhoShatteredTime:FluidEnergy"],"picked":"ekkoTheBoyWhoShatteredTime:AfterimageHit","floor":23},{"not_picked":["infinitespire:SevenWalls","infinitespire:Oblivion"],"picked":"infinitespire:DeathsTouch","floor":23},{"not_picked":["ekkoTheBoyWhoShatteredTime:AfterimageTease","ekkoTheBoyWhoShatteredTime:ParallelConvergence","ekkoTheBoyWhoShatteredTime:Greed"],"picked":"ekkoTheBoyWhoShatteredTime:Backtrack+1","floor":25},{"not_picked":["ekkoTheBoyWhoShatteredTime:Leap","ekkoTheBoyWhoShatteredTime:WaitForKeyTiming","ekkoTheBoyWhoShatteredTime:Backtrack+1"],"picked":"ekkoTheBoyWhoShatteredTime:NeedlesslyLargeRod","floor":27},{"not_picked":["ekkoTheBoyWhoShatteredTime:AfterimageHit","ekkoTheBoyWhoShatteredTime:AfterimageBait","ekkoTheBoyWhoShatteredTime:CommittedStrike","ekkoTheBoyWhoShatteredTime:Discharge"],"picked":"SKIP","floor":28},{"not_picked":["ekkoTheBoyWhoShatteredTime:LoadUp","ekkoTheBoyWhoShatteredTime:PhaseDive","ekkoTheBoyWhoShatteredTime:DodgeTraining"],"picked":"ekkoTheBoyWhoShatteredTime:DuplicateTimelines+1","floor":29},{"not_picked":["ekkoTheBoyWhoShatteredTime:IceBreak+1","ekkoTheBoyWhoShatteredTime:TimeRecall","ekkoTheBoyWhoShatteredTime:Disturblast"],"picked":"ekkoTheBoyWhoShatteredTime:NeedlesslyLargeRod","floor":30},{"not_picked":["ekkoTheBoyWhoShatteredTime:KeepingMomentum","ekkoTheBoyWhoShatteredTime:WideSlice","ekkoTheBoyWhoShatteredTime:Backtrack+1"],"picked":"ekkoTheBoyWhoShatteredTime:CalmingWaves+1","floor":31},{"not_picked":["ekkoTheBoyWhoShatteredTime:TimeIndustry","ekkoTheBoyWhoShatteredTime:SktSynergy","ekkoTheBoyWhoShatteredTime:Discharge"],"picked":"ekkoTheBoyWhoShatteredTime:Periocharge","floor":33},{"not_picked":["ekkoTheBoyWhoShatteredTime:PhaseDive+1","ekkoTheBoyWhoShatteredTime:TimeRecall+1","ekkoTheBoyWhoShatteredTime:SpHit"],"picked":"ekkoTheBoyWhoShatteredTime:HailOfBlades","floor":35},{"not_picked":["ekkoTheBoyWhoShatteredTime:URF","ekkoTheBoyWhoShatteredTime:HauntedAfterimage+1","ekkoTheBoyWhoShatteredTime:Leap+1"],"picked":"ekkoTheBoyWhoShatteredTime:FeelIt+1","floor":37},{"not_picked":["ekkoTheBoyWhoShatteredTime:SpHit","ekkoTheBoyWhoShatteredTime:PhaseDive+1","ekkoTheBoyWhoShatteredTime:Overflow+1"],"picked":"ekkoTheBoyWhoShatteredTime:IceBreak","floor":39},{"not_picked":["ekkoTheBoyWhoShatteredTime:ParallelConvergence+1","ekkoTheBoyWhoShatteredTime:DelayedWork","ekkoTheBoyWhoShatteredTime:Disturblast"],"picked":"ekkoTheBoyWhoShatteredTime:AfterimageDualStroke","floor":40},{"not_picked":["ekkoTheBoyWhoShatteredTime:AfterimageTease+1","ekkoTheBoyWhoShatteredTime:WideSlice+1","ekkoTheBoyWhoShatteredTime:ComeAtMe"],"picked":"ekkoTheBoyWhoShatteredTime:HauntingGuise+1","floor":41},{"not_picked":["ekkoTheBoyWhoShatteredTime:AfterimageTease","ekkoTheBoyWhoShatteredTime:LevelUp+1","ekkoTheBoyWhoShatteredTime:NashorsTooth"],"picked":"ekkoTheBoyWhoShatteredTime:IcebornGauntlet+1","floor":45},{"not_picked":["ekkoTheBoyWhoShatteredTime:Overflow","ekkoTheBoyWhoShatteredTime:TimeRecall+1","ekkoTheBoyWhoShatteredTime:URF"],"picked":"ekkoTheBoyWhoShatteredTime:DodgeTraining+1","floor":45},{"not_picked":["ekkoTheBoyWhoShatteredTime:HauntingGuise","ekkoTheBoyWhoShatteredTime:SpHit","ekkoTheBoyWhoShatteredTime:SneakHit"],"picked":"ekkoTheBoyWhoShatteredTime:FeelIt","floor":45},{"not_picked":["ekkoTheBoyWhoShatteredTime:SneakHit","ekkoTheBoyWhoShatteredTime:NaggingBlow+1","ekkoTheBoyWhoShatteredTime:GuinsoosRageblade"],"picked":"ekkoTheBoyWhoShatteredTime:WideSlice","floor":46},{"not_picked":["ekkoTheBoyWhoShatteredTime:LoadUp+1","ekkoTheBoyWhoShatteredTime:WideSlice","ekkoTheBoyWhoShatteredTime:AfterimageBait+1","ekkoTheBoyWhoShatteredTime:KneeNSwordCombo"],"picked":"SKIP","floor":47},{"not_picked":["ekkoTheBoyWhoShatteredTime:AfterimageBait","ekkoTheBoyWhoShatteredTime:IceBreak","ekkoTheBoyWhoShatteredTime:NaggingBlow"],"picked":"ekkoTheBoyWhoShatteredTime:AfterimageSetup","floor":48},{"not_picked":["ekkoTheBoyWhoShatteredTime:RecallingPunch+1","ekkoTheBoyWhoShatteredTime:FeelIt+1","ekkoTheBoyWhoShatteredTime:DefensiveStance+1","ekkoTheBoyWhoShatteredTime:QuickBreak"],"picked":"SKIP","floor":54}],"player_experience":166391,"relics_obtained":[{"floor":1,"key":"Question Card"},{"floor":6,"key":"Kunai"},{"floor":10,"key":"Replay:Mystery Machine"},{"floor":14,"key":"Pantograph"},{"floor":16,"key":"ImportantClient"},{"floor":23,"key":"Replay:Baseball"},{"floor":25,"key":"War Paint"},{"floor":26,"key":"jedi:Pinwheel"},{"floor":28,"key":"trackpad:Mousetrap"},{"floor":40,"key":"infinitespire:Golems Mask"},{"floor":43,"key":"Golden Egg"},{"floor":48,"key":"hubris:Potato"},{"floor":54,"key":"infinitespire:Bottled Soul"}],"event_choices":[{"damage_healed":0,"gold_gain":0,"player_choice":"Paid Gold","damage_taken":0,"relics_obtained":["trackpad:BottledTsunami"],"max_hp_gain":0,"max_hp_loss":0,"event_name":"WeMeetAgain","floor":3,"gold_loss":68},{"cards_removed":["ekkoTheBoyWhoShatteredTime:PhaseDive"],"damage_healed":0,"gold_gain":0,"player_choice":"Take \u0026 Give","damage_taken":0,"max_hp_gain":0,"max_hp_loss":0,"event_name":"betterNote:BetterNote","floor":19,"gold_loss":0,"cards_obtained":["Slimebound:MassFeed"]},{"damage_healed":0,"gold_gain":0,"player_choice":"Copied","damage_taken":0,"max_hp_gain":0,"max_hp_loss":0,"event_name":"Duplicator","floor":21,"gold_loss":0,"cards_obtained":["ekkoTheBoyWhoShatteredTime:NeedlesslyLargeRod"]},{"damage_healed":0,"gold_gain":0,"player_choice":"Cursed","damage_taken":0,"max_hp_gain":0,"max_hp_loss":0,"event_name":"Wheel of Change","floor":36,"gold_loss":0,"cards_obtained":["Decay"]}],"is_beta":false,"boss_relics":[{"not_picked":["Fusion Hammer","Bromod:ArcaneEnergize"],"picked":"hubris:RunicObelisk"},{"not_picked":["GreenFoldingFan","NightmareShop","BirthdayGift-Tetrahedron"]}],"items_purged_floors":[53],"is_endless":false,"potions_floor_spawned":[5,7,10,12,16,22,25,28,31,37,39,46,47],"ascension_level":0}}