{"host":"1kis8tea85blzkg5","time":1608160442,"event":{"mods":["AchievementEnabler","Act Like it!","Aspiration","BaseMod","BetterRewards","Challenge The Spire","Colored Map","Colored Powertips","Gensokyo","GifTheSpireLib","Gold Saver","Halation","Hero for Fun","HololiveMod","Hubris","Infinite Spire","Lobotomy","LobotomyExtend","Minty Spire (QoL Compilation)","Pale of the Ancients","Permanent Neow","Replay The Spire","Shop Mod","StSLib","SuperFastMode","The Animator","The Cursed","The Exalted","The Jungle","[IsaacMod]????"],"gold_per_floor":[204,204,221,234,244,244,260,260,260,279,9138,9238,8480,8494,8494,8592,8592,8592,8592],"floor_reached":18,"playtime":2032,"items_purged":[],"score":154,"play_id":"6c02be9e-56da-4c94-9c7e-86c9004cfe72","local_time":"20201216201402","is_ascension_mode":false,"campfire_choices":[{"floor":6,"key":"REST"},{"floor":8,"key":"REST"},{"floor":15,"key":"REST"}],"circlet_count":0,"master_deck":["Strike_P","Strike_P","Strike_P","Strike_P","Defend_P","Defend_P","Defend_P","Defend_P","Eruption","Vigilance","PathToVictory","Replay:Anticipation","Consecrate","SashWhip","DeceiveReality","Tantrum","SandsOfTime","SandsOfTime","EmptyBody","Evaluate","Tantrum","WheelKick","Magnetism","Madness","FollowUp","LessonLearned"],"relics":["HolyWater","HushsDoor","infinitespire:DarkRift","LetterFromLob","Strawberry","NineVolt","hubris:MobiusCoin","HandDrill","Thread and Needle","MerchantsRug","halation:PromiseList","ReplayTheSpireMod:ShopPack","Void"],"acts_visited":["Exordium","TheCity"],"potions_floor_usage":[18,18],"damage_taken":[{"damage":20,"enemies":"Gensokyo:Gryphon","floor":1,"turns":3},{"damage":0,"enemies":"Gensokyo:2_Kodama","floor":3,"turns":4},{"damage":1,"enemies":"Gensokyo:Python","floor":4,"turns":6},{"damage":31,"enemies":"Gensokyo:3_Kodama","floor":5,"turns":8},{"damage":0,"enemies":"Gensokyo:5_Fairies","floor":7,"turns":3},{"damage":22,"enemies":"Gensokyo:LivingMonolith","floor":10,"turns":4},{"damage":0,"enemies":"Gensokyo:3_Kodama","floor":14,"turns":1},{"damage":49,"enemies":"Gensokyo:Reimu","floor":16,"turns":17},{"damage":110,"enemies":"3 Byrds","floor":18,"turns":3}],"seed_played":"-5217778016824903872","potions_obtained":[{"floor":7,"key":"Dexterity Potion"},{"floor":10,"key":"Energy Potion"}],"is_trial":false,"path_per_floor":["M","?","M","M","M","R","M","R","T","M","$","?","$","M","R","B",null,"M"],"character_chosen":"WATCHER","items_purchased":["SandsOfTime","EmptyBody","hubris:MobiusCoin","HandDrill","Thread and Needle","MerchantsRug","halation:PromiseList","ReplayTheSpireMod:ShopPack","Void","Evaluate","Tantrum","WheelKick"],"campfire_rested":3,"item_purchase_floors":[11,11,11,11,11,11,13,13,13,13,13,13],"current_hp_per_floor":[52,49,49,48,17,40,40,63,63,41,41,41,41,41,64,15,79,0,0],"gold":8592,"neow_bonus":"NOSTALGIA","is_daily":false,"chose_seed":false,"campfire_upgraded":0,"win_rate":0.0,"timestamp":1608160442,"path_taken":["M","?","M","M","M","R","M","R","T","M","$","?","$","M","R","BOSS","M"],"items_purchased_type":["Card","Card","Relic","Relic","Relic","Relic","Relic","Relic","Card","Card","Card","Card"],"build_version":"2020-12-13","purchased_purges":0,"victory":false,"max_hp_per_floor":[72,79,79,79,79,79,79,79,79,79,79,79,79,79,79,79,79,79,79],"card_choices":[{"not_picked":["FlyingSleeves","Halt"],"picked":"PathToVictory","floor":1},{"not_picked":["ThirdEye","Conclude"],"picked":"Replay:Anticipation","floor":3},{"not_picked":["Adaptation","WaveOfTheHand"],"picked":"Consecrate","floor":4},{"not_picked":["Wallop","CutThroughFate"],"picked":"SashWhip","floor":5},{"not_picked":["Perseverance","Replay:AtTheReady"],"picked":"DeceiveReality","floor":7},{"not_picked":["Perseverance","Weave"],"picked":"Tantrum","floor":10},{"not_picked":["Crow Ritual","EpicFetus"],"picked":"Magnetism","floor":13},{"not_picked":["DoctorFetus","ReplayTheSpireMod:Trickstab"],"picked":"Madness","floor":13},{"not_picked":["Flash of Steel","Replay:Sssssssssstrike"],"picked":"Bomb","floor":13},{"not_picked":["Perseverance","CutThroughFate"],"picked":"FollowUp","floor":14},{"not_picked":["Vault","DeusExMachina"],"picked":"LessonLearned","floor":16}],"player_experience":94842,"relics_obtained":[{"floor":1,"key":"LetterFromLob"}],"event_choices":[],"is_beta":false,"boss_relics":[{"not_picked":["Snecko Eye","Cursed Key"],"picked":"HolyWater"},{"not_picked":[]}],"items_purged_floors":[],"is_endless":false,"potions_floor_spawned":[7,10],"killed_by":"3 Byrds","ascension_level":0}}