{"host":"sabve5zmqufxyc5o","time":1608115658,"event":{"mods":["2.2 Compatiblity","AchievementEnabler","Act Like it!","BaseMod","Block Reminder","Colored Map","Colored Powertips","DeckTracker","KOR Keyword Fix","Keyboard Shortcuts","Minty Spire (QoL Compilation)","Quick Restart","Rare Cards Sparkle","Relic Stats","StSLib","SuperFastMode"],"gold_per_floor":[116,129,142,155,174,174,209,223,223,223,233,261,274,286,286,286,286],"floor_reached":16,"playtime":377,"items_purged":[],"score":230,"play_id":"d9ac6d32-72e4-4f62-8fae-f9a0d87afb0c","local_time":"20201216194738","is_ascension_mode":true,"campfire_choices":[{"data":"Body Slam","floor":6.0,"key":"SMITH"},{"floor":10.0,"key":"REST"},{"floor":15,"key":"REST"}],"circlet_count":0,"master_deck":["AscendersBane","Strike_R","Strike_R","Strike_R","Strike_R","Defend_R","Defend_R","Defend_R","Defend_R","Bash","Anger","Body Slam+1","Battle Trance","Shrug It Off","Fire Breathing"],"relics":["Burning Blood","Mercury Hourglass","Singing Bowl","Mummified Hand"],"acts_visited":["Exordium"],"potions_floor_usage":[],"damage_taken":[{"damage":6.0,"enemies":"Cultist","floor":1.0,"turns":3.0},{"damage":10.0,"enemies":"Small Slimes","floor":2.0,"turns":3.0},{"damage":2.0,"enemies":"2 Louse","floor":3.0,"turns":4.0},{"damage":10.0,"enemies":"Exordium Thugs","floor":4.0,"turns":4.0},{"damage":26.0,"enemies":"Gremlin Gang","floor":5.0,"turns":5.0},{"damage":10.0,"enemies":"3 Sentries","floor":7.0,"turns":5.0},{"damage":9.0,"enemies":"Exordium Wildlife","floor":8.0,"turns":5.0},{"damage":22.0,"enemies":"Exordium Thugs","floor":11.0,"turns":5.0},{"damage":41,"enemies":"Lagavulin","floor":12,"turns":8},{"damage":6,"enemies":"Looter","floor":13,"turns":3},{"damage":6,"enemies":"3 Louse","floor":14,"turns":2},{"damage":30,"enemies":"Hexaghost","floor":16,"turns":9}],"seed_played":"-3623896261235113442","potions_obtained":[{"floor":1.0,"key":"PowerPotion"},{"floor":3.0,"key":"Fire Potion"},{"floor":4.0,"key":"Block Potion"},{"floor":11.0,"key":"SmokeBomb"}],"is_trial":false,"path_per_floor":["M","M","M","M","M","R","E","M","T","R","M","E","M","M","R","B"],"character_chosen":"IRONCLAD","items_purchased":[],"campfire_rested":2,"item_purchase_floors":[],"current_hp_per_floor":[68,64,68,64,44,44,40,37,37,59,43,10,12,14,38,8,8],"gold":286,"neow_bonus":"REMOVE_CARD","is_daily":false,"chose_seed":false,"campfire_upgraded":1,"win_rate":0.0,"timestamp":1608115658,"path_taken":["M","?","?","M","?","R","E","M","T","R","M","E","M","M","R","BOSS"],"items_purchased_type":[],"build_version":"2020-12-13","purchased_purges":0,"victory":false,"max_hp_per_floor":[75,75,75,75,75,75,75,75,75,75,75,77,79,81,81,81,81],"relic_stats":{"Singing Bowl":6,"counters":[12,55],"Mummified Hand":[2],"obtain_stats":[{"Singing Bowl":9,"Mummified Hand":12,"Burning Blood":0,"Mercury Hourglass":7},{"Singing Bowl":7,"Mummified Hand":9,"Burning Blood":0,"Mercury Hourglass":6},{"Singing Bowl":29,"Mummified Hand":41,"Burning Blood":0,"Mercury Hourglass":24}],"Burning Blood":66,"Mercury Hourglass":[100]},"card_choices":[{"not_picked":["Sentinel","Body Slam"],"picked":"Anger","floor":1.0},{"not_picked":["Bloodletting","Anger"],"picked":"Body Slam","floor":2.0},{"not_picked":["Perfected Strike","Headbutt"],"picked":"Battle Trance","floor":3.0},{"not_picked":["Combust","Sword Boomerang","Flex"],"picked":"SKIP","floor":4.0},{"not_picked":["Warcry","Havoc"],"picked":"Shrug It Off","floor":5.0},{"not_picked":["Metallicize","Sword Boomerang","Infernal Blade"],"picked":"SKIP","floor":7.0},{"not_picked":["Disarm","Twin Strike","Reckless Charge"],"picked":"SKIP","floor":8.0},{"not_picked":["Body Slam","Infernal Blade"],"picked":"Fire Breathing","floor":11.0},{"not_picked":["Brutality","True Grit","Warcry"],"picked":"Singing Bowl","floor":12},{"not_picked":["Pummel","Hemokinesis","Disarm"],"picked":"Singing Bowl","floor":13},{"not_picked":["Uppercut","Shrug It Off","Clash"],"picked":"Singing Bowl","floor":14}],"player_experience":779042,"relics_obtained":[{"floor":7.0,"key":"Mercury Hourglass"},{"floor":9.0,"key":"Singing Bowl"},{"floor":12,"key":"Mummified Hand"}],"event_choices":[],"is_beta":false,"boss_relics":[],"items_purged_floors":[],"is_endless":false,"potions_floor_spawned":[1,3,4,11],"killed_by":"Hexaghost","ascension_level":19}}