{"host":"kos1s9q8ffr8fqos","time":1608098527,"event":{"mods":["2.2 Compatiblity","AchievementEnabler","AlwaysNeverKeys","BaseMod","Bestiary","Better Altar","Better Match","Better Note","Better Sensory Stone","Better Skull","Better Third Choice","Better Vampires","Colored Map","Colored Powertips","Curses Come First","Hermit","Infinite Spire","Jorbs\u0027s Wanderer Trilogy","Minty Spire (QoL Compilation)","Quick Restart","Random Character Button","Relic Stats","Replay The Spire","Shop Mod","StSLib","The Blue Laboratory","The Disciple","The Hierophant"],"gold_per_floor":[111,123,139,139,8,34,34,34,34,34,48,63,63,89,89,165,165,183,200,215,46,46,46,80,80,80,80,95,111,111,126,126,209,209,229,9,9,9,27,27,62,62,124,148,172,185,203,203,212,212],"floor_reached":51,"playtime":2978,"items_purged":["Strike_P"],"score":1255,"play_id":"c30e8997-0891-4261-8822-cfa9fdd56536","local_time":"20201216000207","is_ascension_mode":true,"campfire_choices":[{"data":"Replay:ManipulateFuture","floor":8.0,"key":"SMITH"},{"floor":10.0,"key":"REST"},{"data":"ForeignInfluence","floor":15.0,"key":"SMITH"},{"data":"Eruption","floor":23.0,"key":"SMITH"},{"floor":25.0,"key":"REST"},{"data":"SpiritShield","floor":27.0,"key":"SMITH"},{"floor":32.0,"key":"REST"},{"floor":40.0,"key":"REST"},{"data":"ReplayTheSpireMod:Faulty Equipment","floor":42.0,"key":"SMITH"},{"floor":49.0,"key":"REST"}],"circlet_count":0,"master_deck":["AscendersBane","Strike_P","Strike_P","Defend_P+1","Defend_P","Defend_P","Defend_P","Eruption+1","Vigilance","Replay:ManipulateFuture+1","BowlingBash","EmptyBody","LikeWater+1","FearNoEvil","Replay:AtTheReady","SpiritShield+1","Replay:Anticipation","ReachHeaven","ForeignInfluence+1","DeusExMachina","Crescendo","Meditate+1","Replay:AllIn","EmptyBody","Replay:LoomingThreat","AbeCurse","Replay:Vibes","infinitespire:Gouge","CutThroughFate+1","Wallop+1","Fasting2","ConjureBlade"],"relics":["HolyWater","Unceasing Top","CaptainsWheel","infinitespire:FocusingShard","Replay:WaspNest","Sozu","Replay:Lucky Slots","Mummified Hand","Darkstone Periapt","Divine Protection","Sundial","Replay:Grab Bag","Cursed Key","Abe\u0027s Treasure","Black Star","Toolbox","Ring of Searing","ReplayTheSpireMod:Ring of Collecting","CeramicFish","Molten Egg 2","Ring of Misfortune","Dream Catcher"],"acts_visited":["Exordium","TheCity","TheBeyond"],"potions_floor_usage":[50],"damage_taken":[{"damage":12.0,"enemies":"Cultist","floor":1.0,"turns":3.0},{"damage":4.0,"enemies":"Jaw Worm","floor":2.0,"turns":4.0},{"damage":0.0,"enemies":"2 Louse","floor":3.0,"turns":2.0},{"damage":12.0,"enemies":"3 Sentries","floor":6.0,"turns":10.0},{"damage":2.0,"enemies":"Red Slaver","floor":11.0,"turns":4.0},{"damage":1.0,"enemies":"Exordium Thugs","floor":12.0,"turns":6.0},{"damage":17.0,"enemies":"Lagavulin","floor":14.0,"turns":8.0},{"damage":20.0,"enemies":"Slime Boss","floor":16.0,"turns":5.0},{"damage":0.0,"enemies":"Spheric Guardian","floor":18.0,"turns":4.0},{"damage":0.0,"enemies":"3 Byrds","floor":19.0,"turns":5.0},{"damage":8.0,"enemies":"3 Cultists","floor":20.0,"turns":4.0},{"damage":29.0,"enemies":"Slavers","floor":24.0,"turns":3.0},{"damage":0.0,"enemies":"Sentry and Sphere","floor":28.0,"turns":4.0},{"damage":16.0,"enemies":"Snake Plant","floor":29.0,"turns":2.0},{"damage":0.0,"enemies":"Snecko","floor":31.0,"turns":4.0},{"damage":20.0,"enemies":"Automaton","floor":33.0,"turns":12.0},{"damage":24.0,"enemies":"3 Shapes","floor":35.0,"turns":4.0},{"damage":26.0,"enemies":"3 Darklings","floor":39.0,"turns":5.0},{"damage":0.0,"enemies":"Nemesis","floor":41.0,"turns":6.0},{"damage":20.0,"enemies":"4 Shapes","floor":44.0,"turns":4.0},{"damage":22.0,"enemies":"Transient","floor":45.0,"turns":5.0},{"damage":0.0,"enemies":"Jaw Worm Horde","floor":46.0,"turns":4.0},{"damage":7.0,"enemies":"3 Darklings","floor":47.0,"turns":4.0},{"damage":28,"enemies":"Donu and Deca","floor":50,"turns":5}],"seed_played":"2484835934923286550","potions_obtained":[{"floor":12.0,"key":"LifebloodPotion"},{"floor":14.0,"key":"Elixir"},{"floor":16.0,"key":"Ambrosia"}],"is_trial":false,"path_per_floor":["M","M","M","?","$","E","?","R","T","R","M","M","?","E","R","B",null,"M","M","M","$","?","R","E","R","T","R","M","M","T","M","R","B",null,"M","$","?","?","M","R","E","R","T","M","M","M","M","?","R","B",null],"character_chosen":"WATCHER","items_purchased":["LikeWater+1","FearNoEvil","Replay:Lucky Slots","Toolbox"],"campfire_rested":5,"item_purchase_floors":[5,5,21,36],"current_hp_per_floor":[49,45,45,45,45,33,33,33,33,53,51,50,50,33,33,13,54,54,54,46,46,46,46,17,37,37,37,37,21,21,21,41,21,62,38,38,50,56,30,57,57,57,63,43,21,21,14,14,43,15],"gold":212,"neow_bonus":"ONE_RARE_RELIC","is_daily":false,"chose_seed":false,"campfire_upgraded":5,"win_rate":0.0,"timestamp":1608098527,"path_taken":["M","M","M","?","$","E","?","R","T","R","?","M","?","E","R","BOSS","M","?","?","$","?","R","E","R","T","R","?","M","?","M","R","BOSS","M","$","?","?","M","R","E","R","T","M","M","?","?","?","R","BOSS"],"items_purchased_type":["Card","Card","Relic","Relic"],"build_version":"2020-12-13","purchased_purges":1,"victory":true,"max_hp_per_floor":[68,68,68,68,68,68,68,68,68,68,68,68,68,68,68,68,68,68,68,68,68,68,68,68,68,68,68,68,68,68,68,68,68,74,74,74,86,92,92,92,92,92,98,98,98,98,98,98,98,98],"relic_stats":{"Sozu":7,"Darkstone Periapt":30,"Dream Catcher":1,"counters":[24,117],"Mummified Hand":[28],"Sundial":[2],"CeramicFish":36,"Black Star":1,"Cursed Key":1,"obtain_stats":[{"Darkstone Periapt":24,"Divine Protection":26,"Replay:Grab Bag":34,"CeramicFish":41,"infinitespire:FocusingShard":9,"Replay:WaspNest":14,"Cursed Key":34,"Ring of Searing":38,"Sozu":17,"CaptainsWheel":6,"Dream Catcher":43,"Mummified Hand":22,"Sundial":30,"ReplayTheSpireMod:Ring of Collecting":38,"Ring of Misfortune":43,"HolyWater":34,"Toolbox":36,"Molten Egg 2":41,"Replay:Lucky Slots":21,"Black Star":34,"PureWater":0,"Unceasing Top":0,"Abe\u0027s Treasure":34},{"Darkstone Periapt":12,"Divine Protection":12,"Replay:Grab Bag":16,"CeramicFish":19,"infinitespire:FocusingShard":4,"Replay:WaspNest":7,"Cursed Key":16,"Ring of Searing":17,"Sozu":8,"CaptainsWheel":4,"Dream Catcher":19,"Mummified Hand":11,"Sundial":14,"ReplayTheSpireMod:Ring of Collecting":17,"Ring of Misfortune":19,"HolyWater":16,"Toolbox":17,"Molten Egg 2":19,"Replay:Lucky Slots":11,"Black Star":16,"PureWater":0,"Unceasing Top":0,"Abe\u0027s Treasure":16},{"Darkstone Periapt":58,"Divine Protection":58,"Replay:Grab Bag":80,"CeramicFish":95,"infinitespire:FocusingShard":19,"Replay:WaspNest":37,"Cursed Key":80,"Ring of Searing":84,"Sozu":42,"CaptainsWheel":19,"Dream Catcher":95,"Mummified Hand":55,"Sundial":64,"ReplayTheSpireMod:Ring of Collecting":84,"Ring of Misfortune":95,"HolyWater":80,"Toolbox":84,"Molten Egg 2":95,"Replay:Lucky Slots":55,"Black Star":80,"PureWater":0,"Unceasing Top":0,"Abe\u0027s Treasure":80}],"Unceasing Top":[1]},"card_choices":[{"not_picked":["Consecrate","Nirvana"],"picked":"Replay:ManipulateFuture","floor":1.0},{"not_picked":["ClearTheMind","FlyingSleeves"],"picked":"BowlingBash","floor":2.0},{"not_picked":["FlyingSleeves","CrushJoints"],"picked":"EmptyBody","floor":3.0},{"not_picked":["Wish","Replay:AllIn"],"picked":"Replay:AtTheReady","floor":6.0},{"not_picked":["WreathOfFlame","Crescendo"],"picked":"Replay:Anticipation","floor":11.0},{"not_picked":["CutThroughFate","SashWhip"],"picked":"ReachHeaven","floor":12.0},{"not_picked":["EmptyBody","WindmillStrike"],"picked":"ForeignInfluence","floor":14.0},{"not_picked":["Replay:LoomingThreat","Vault"],"picked":"DeusExMachina","floor":16.0},{"not_picked":["CrushJoints","Tantrum"],"picked":"Crescendo","floor":18.0},{"not_picked":["Crescendo","Collect","Replay:BluntJabs"],"picked":"SKIP","floor":19.0},{"not_picked":["JustLucky+1","Protect"],"picked":"Meditate+1","floor":20.0},{"not_picked":["Worship","SashWhip"],"picked":"Replay:AllIn","floor":24.0},{"not_picked":["Adaptation","Replay:ManipulateFuture"],"picked":"EmptyBody","floor":28.0},{"not_picked":["SashWhip","JustLucky","BowlingBash"],"picked":"SKIP","floor":29.0},{"not_picked":["Indignation","FollowUp","BowlingBash"],"picked":"SKIP","floor":31.0},{"not_picked":["Vault","Ragnarok"],"picked":"Replay:LoomingThreat","floor":33.0},{"not_picked":["ThirdEye","Replay:AtTheReady+1"],"picked":"Replay:Vibes","floor":35.0},{"not_picked":["ReplayTheSpireMod:Haul","infinitespire:TheBestDefense"],"picked":"infinitespire:Gouge","floor":37.0},{"not_picked":["Perseverance+1","Study"],"picked":"CutThroughFate+1","floor":39.0},{"not_picked":["Crescendo","Protect","DeusExMachina"],"picked":"SKIP","floor":41.0},{"not_picked":["ThirdEye+1","FlyingSleeves+1"],"picked":"Wallop+1","floor":44.0},{"not_picked":["Halt","Prostrate+1"],"picked":"Fasting2","floor":45.0},{"not_picked":["FollowUp+1","ClearTheMind+1","EmptyBody"],"picked":"SKIP","floor":46.0},{"not_picked":["Replay:Hum+1","Crescendo","PathToVictory"],"picked":"SKIP","floor":47.0},{"not_picked":["Sanctity+1","FlurryOfBlows+1"],"picked":"ConjureBlade","floor":49.0}],"player_experience":1221371,"relics_obtained":[{"floor":6.0,"key":"CaptainsWheel"},{"floor":9.0,"key":"infinitespire:FocusingShard"},{"floor":14.0,"key":"Replay:WaspNest"},{"floor":24.0,"key":"Darkstone Periapt"},{"floor":26.0,"key":"Divine Protection"},{"floor":30.0,"key":"Sundial"},{"floor":38.0,"key":"Ring of Searing"},{"floor":38.0,"key":"ReplayTheSpireMod:Ring of Collecting"},{"floor":41.0,"key":"CeramicFish"},{"floor":41.0,"key":"Molten Egg 2"},{"floor":43.0,"key":"Ring of Misfortune"},{"floor":43.0,"key":"Dream Catcher"}],"event_choices":[{"damage_healed":0.0,"max_hp_gain":0.0,"max_hp_loss":0.0,"gold_gain":0.0,"cards_transformed":["Strike_P"],"event_name":"Transmorgrifier","player_choice":"Transformed","floor":7.0,"gold_loss":0.0,"damage_taken":0.0,"cards_obtained":["SpiritShield"]},{"cards_removed":["ReplayTheSpireMod:Splinters"],"damage_healed":0.0,"max_hp_gain":0.0,"max_hp_loss":0.0,"gold_gain":0.0,"event_name":"Purifier","player_choice":"Purged","floor":13.0,"gold_loss":0.0,"damage_taken":0.0},{"cards_removed":["CommonCold","Languid","Normality","Hallucinations","AbeCurse"],"damage_healed":0.0,"max_hp_gain":0.0,"max_hp_loss":0.0,"gold_gain":0.0,"event_name":"Fountain of Cleansing","player_choice":"Removed Curses","floor":48.0,"gold_loss":0.0,"damage_taken":0.0}],"is_beta":false,"boss_relics":[{"not_picked":["Snecko Eye","infinitespire:Cupcake"],"picked":"Sozu"},{"not_picked":["Coffee Dripper","Replay:Drink Me"],"picked":"Replay:Grab Bag"},{"not_picked":["Replay:Bronze Core","Painkiller Herb"],"picked":"Cursed Key"},{"not_picked":["Replay:Wanted Poster","ReplayTheSpireMod:DimensionalGlitch"],"picked":"Abe\u0027s Treasure"},{"not_picked":["Runic Pyramid","VioletLotus"],"picked":"HolyWater"},{"not_picked":["SlaversCollar","Pandora\u0027s Box"],"picked":"Black Star"}],"items_purged_floors":[36],"is_endless":false,"potions_floor_spawned":[12,14,16,20,28,31,33,39,45,47],"ascension_level":14}}