{"host":"mi0eibewekhugwl1","time":1608117128,"event":{"mods":["AchievementEnabler","BaseMod","Colored Map","Colored Powertips","DeckTracker","Keyboard Shortcuts","Minty Spire (QoL Compilation)","Quick Restart","Rare Cards Sparkle","Relic Stats","StSLib","SuperFastMode","everything is the same but u backflip on backflip"],"gold_per_floor":[114,189,189,204,354,354,366,366,366,48,67,93,93,12,12,88,88,101,101,112,125,135,135,1,1,1,21,34,34,34,44,44,44,44],"floor_reached":33,"playtime":933,"items_purged":["Doubt","Strike_R"],"score":494,"play_id":"0f912a0a-9b48-4111-98c1-680ab0077734","local_time":"20201216201208","is_ascension_mode":true,"campfire_choices":[{"data":"Burning Pact","floor":6,"key":"SMITH"},{"data":"Bash","floor":13,"key":"SMITH"},{"floor":15,"key":"REST"},{"data":"Impervious","floor":23,"key":"SMITH"},{"data":"Rage","floor":25,"key":"SMITH"},{"floor":32,"key":"REST"}],"circlet_count":0,"master_deck":["AscendersBane","Strike_R","Strike_R+1","Strike_R","Strike_R","Defend_R","Defend_R","Defend_R","Defend_R+1","Bash+1","Shrug It Off+1","Burning Pact+1","Intimidate+1","Cleave+1","Pommel Strike+1","Dropkick+1","Rage+1","Body Slam+1","Impervious+1","Bloodletting","Rampage+1","Body Slam+1","Impervious","True Grit+1"],"relics":["Burning Blood","Molten Egg 2","Paper Frog","Membership Card","War Paint","Vajra","Orrery","Cursed Key","Enchiridion","Oddly Smooth Stone","Mummified Hand"],"acts_visited":["Exordium","TheCity"],"potions_floor_usage":[12,27,28],"damage_taken":[{"damage":15,"enemies":"2 Louse","floor":1,"turns":4},{"damage":7,"enemies":"Jaw Worm","floor":4,"turns":3},{"damage":6,"enemies":"Small Slimes","floor":7,"turns":6},{"damage":6,"enemies":"Looter","floor":11,"turns":4},{"damage":8,"enemies":"Gremlin Nob","floor":12,"turns":3},{"damage":24,"enemies":"The Guardian","floor":16,"turns":11},{"damage":0,"enemies":"Chosen","floor":18,"turns":3},{"damage":15,"enemies":"3 Byrds","floor":20,"turns":6},{"damage":4,"enemies":"Cultist and Chosen","floor":21,"turns":5},{"damage":7,"enemies":"3 Cultists","floor":22,"turns":4},{"damage":26,"enemies":"Sentry and Sphere","floor":27,"turns":6},{"damage":27,"enemies":"Snecko","floor":28,"turns":4},{"damage":6,"enemies":"3 Cultists","floor":31,"turns":5},{"damage":44,"enemies":"Champ","floor":33,"turns":9}],"seed_played":"3949396565094367187","potions_obtained":[{"floor":1,"key":"Regen Potion"},{"floor":7,"key":"AttackPotion"},{"floor":20,"key":"AttackPotion"}],"is_trial":false,"path_per_floor":["M","?","?","M","?","R","M","T","T","$","M","E","R","$","R","B",null,"M","?","M","M","M","R","$","R","T","M","M","?","?","M","R","B"],"character_chosen":"IRONCLAD","items_purchased":["Membership Card","Cleave+1","War Paint","Orrery","Oddly Smooth Stone"],"campfire_rested":2,"item_purchase_floors":[10,10,10,14,24],"current_hp_per_floor":[66,55,30,29,29,29,29,29,29,29,29,27,27,27,51,33,70,76,55,46,48,47,47,47,47,47,27,11,11,11,11,35,0,0],"gold":44,"neow_bonus":"TEN_PERCENT_HP_BONUS","is_daily":false,"chose_seed":false,"campfire_upgraded":4,"win_rate":0.0,"timestamp":1608117128,"path_taken":["M","?","?","M","?","R","M","?","T","$","M","E","R","?","R","BOSS","M","?","M","M","M","R","$","R","T","M","M","?","?","M","R","BOSS"],"items_purchased_type":["Relic","Card","Relic","Relic","Relic"],"build_version":"2020-12-13","purchased_purges":2,"victory":false,"max_hp_per_floor":[82,82,82,82,82,82,82,82,82,82,82,82,82,82,82,82,82,82,82,82,82,82,82,82,82,82,82,82,82,82,82,82,82,82],"relic_stats":{"counters":[14,73],"Mummified Hand":[5],"War Paint":["Shrug It Off","Intimidate"],"Cursed Key":1,"obtain_stats":[{"Mummified Hand":26,"Vajra":12,"Orrery":14,"Enchiridion":19,"Oddly Smooth Stone":24,"Molten Egg 2":8,"Membership Card":10,"War Paint":10,"Cursed Key":17,"Burning Blood":0,"Paper Frog":9},{"Mummified Hand":10,"Vajra":5,"Orrery":5,"Enchiridion":7,"Oddly Smooth Stone":10,"Molten Egg 2":3,"Membership Card":3,"War Paint":3,"Cursed Key":6,"Burning Blood":0,"Paper Frog":3},{"Mummified Hand":49,"Vajra":20,"Orrery":20,"Enchiridion":34,"Oddly Smooth Stone":49,"Molten Egg 2":13,"Membership Card":13,"War Paint":13,"Cursed Key":31,"Burning Blood":0,"Paper Frog":13}],"Burning Blood":78},"card_choices":[{"not_picked":["Rampage","Anger"],"picked":"Shrug It Off","floor":1},{"not_picked":["Hemokinesis","Sword Boomerang"],"picked":"Burning Pact","floor":4},{"not_picked":["Dual Wield","Heavy Blade"],"picked":"Intimidate","floor":7},{"not_picked":["Battle Trance","Shockwave"],"picked":"Pommel Strike+1","floor":11},{"not_picked":["True Grit","Burning Pact","Cleave+1"],"picked":"SKIP","floor":12},{"not_picked":["Clothesline+1","Fiend Fire+1"],"picked":"Dropkick+1","floor":14},{"not_picked":["Battle Trance","Clash+1"],"picked":"Rage","floor":14},{"not_picked":["Armaments","True Grit"],"picked":"Body Slam+1","floor":14},{"not_picked":["Demon Form","Double Tap"],"picked":"Impervious","floor":16},{"not_picked":["Havoc","Dual Wield"],"picked":"Bloodletting","floor":18},{"not_picked":["Pommel Strike+1","Heavy Blade+1","Headbutt+1"],"picked":"SKIP","floor":20},{"not_picked":["Combust","Bloodletting"],"picked":"Rampage+1","floor":21},{"not_picked":["True Grit","Havoc+1"],"picked":"Body Slam+1","floor":22},{"not_picked":["Pommel Strike+1","Havoc","Flex"],"picked":"SKIP","floor":27},{"not_picked":["Wild Strike+1","Metallicize"],"picked":"Impervious","floor":28},{"not_picked":["Havoc","Pommel Strike+1"],"picked":"True Grit+1","floor":31}],"player_experience":1670277,"relics_obtained":[{"floor":8,"key":"Molten Egg 2"},{"floor":9,"key":"Paper Frog"},{"floor":12,"key":"Vajra"},{"floor":19,"key":"Enchiridion"},{"floor":26,"key":"Mummified Hand"}],"event_choices":[{"damage_healed":0,"gold_gain":75,"player_choice":"Gather Gold","damage_taken":11,"max_hp_gain":0,"max_hp_loss":0,"event_name":"World of Goop","floor":2,"gold_loss":0},{"damage_healed":0,"gold_gain":0,"player_choice":"Entered Light","damage_taken":25,"max_hp_gain":0,"max_hp_loss":0,"event_name":"Shining Light","floor":3,"gold_loss":0,"cards_upgraded":["Defend_R","Strike_R"]},{"damage_healed":0,"gold_gain":150,"player_choice":"AGREE","damage_taken":0,"max_hp_gain":0,"max_hp_loss":0,"event_name":"Liars Game","floor":5,"gold_loss":0,"cards_obtained":["Doubt"]},{"damage_healed":0,"gold_gain":0,"player_choice":"Obtained Book","damage_taken":21,"max_hp_gain":0,"max_hp_loss":0,"event_name":"Cursed Tome","floor":19,"gold_loss":0},{"cards_removed":["Normality"],"damage_healed":0,"gold_gain":0,"player_choice":"Elegance","damage_taken":0,"max_hp_gain":0,"max_hp_loss":0,"event_name":"Back to Basics","floor":29,"gold_loss":0},{"damage_healed":0,"gold_gain":0,"player_choice":"Ignored","damage_taken":0,"max_hp_gain":0,"max_hp_loss":0,"event_name":"Vampires","floor":30,"gold_loss":0}],"is_beta":false,"boss_relics":[{"not_picked":["Black Star","Empty Cage"],"picked":"Cursed Key"}],"items_purged_floors":[10,24],"is_endless":false,"potions_floor_spawned":[1,7,11,20,22],"killed_by":"Champ","ascension_level":20}}