{"host":"c9m2z2wmcavfgdp8","time":1608083874,"event":{"mods":["2.2 Compatiblity","Act Like it!","Aspiration","BaseMod","Better Third Choice","Conspire","Downfall","Ekko","Elementarium","Energized Spire","Friendly Minions","GifTheSpireLib","Hallownest","Hermit","Hubris","Infinite Spire","Jorbs\u0027s Wanderer Trilogy","Koishi","Luminous","Marisa????????","Menagerie","Minty Spire (QoL Compilation)","Pale of the Ancients","Permanent Neow","Potionbrewer","Prisma Mod","READ ME - Guardian Mod","Remilia??????","Replay The Spire","SCP261 Mod","Shop Mod","StSLib","The Animator","The Blackbeard","The Bug Knight","The Cursed","The Death Knight","The Disciple","The Exalted","The Hierophant","The Necromancer","The Servant 0.9.4","TheBandit","TheFirefly"],"gold_per_floor":[0,0,0,13,0,0,78,108,108,137,157,90,90,90,100,100,100],"floor_reached":16,"playtime":1281,"items_purged":[],"score":106,"play_id":"d67f5b86-2d7d-417f-a42a-5ec547a4f801","local_time":"20201216025754","is_ascension_mode":false,"campfire_choices":[{"data":"expansioncontent:StudyTheSpire","floor":1,"key":"SMITH"},{"data":"sneckomod:UnknownClassWHITE","floor":6,"key":"SMITH"},{"floor":9,"key":"REST"}],"circlet_count":0,"master_deck":["conspire:GhostlyStrike","conspire:GhostlyStrike","conspire:GhostlyStrike","conspire:GhostlyDefend","conspire:GhostlyDefend","conspire:GhostlyDefend","sneckomod:TailWhip","sneckomod:SnekBite","sneckomod:Unknown","sneckomod:Unknown","expansioncontent:StudyTheSpire+1","sneckomod:RainOfDice","sneckomod:UnknownClassWHITE+1","sneckomod:UnknownRareSkill","sneckomod:QuickBite","sneckomod:UnknownClassLight","sneckomod:UnknownClassDEATH_KNIGHT_COLOR","sneckomod:UnknownClassWANDERER_GRAY_COLOR"],"relics":["TheCursedMod:BlackMagic101","Nunchaku","Anchor","Toy Ornithopter","infinitespire:Cubic Diamond"],"acts_visited":["Exordium"],"potions_floor_usage":[16,16,16],"damage_taken":[{"damage":6,"enemies":"Cultist","floor":4,"turns":3},{"damage":5,"enemies":"downfall:FleeingMerchant","floor":5,"turns":4},{"damage":64,"enemies":"3 Sentries","floor":8,"turns":11},{"damage":12,"enemies":"Gremlin Nob","floor":10,"turns":3},{"damage":1,"enemies":"Jaw Worm","floor":11,"turns":4},{"damage":8,"enemies":"downfall:FleeingMerchant","floor":12,"turns":4},{"damage":1,"enemies":"2 Louse","floor":15,"turns":3},{"damage":32,"enemies":"downfall:Defect","floor":16,"turns":4}],"seed_played":"6775309304602632853","potions_obtained":[{"floor":10,"key":"potionbrewer:BarricadePotion"},{"floor":11,"key":"potionbrewer:DiscountPotion"}],"is_trial":false,"path_per_floor":["R","?","?","M","$","R","T","E","R","E","M","$","?","?","M","B"],"character_chosen":"THE_SNECKO","items_purchased":["champ:CounterPotion"],"campfire_rested":1,"item_purchase_floors":[12],"current_hp_per_floor":[90,95,77,71,67,67,67,4,33,21,21,14,14,14,13,0,0],"gold":100,"neow_bonus":"RANDOM_COLORLESS_2","is_daily":false,"chose_seed":false,"campfire_upgraded":2,"win_rate":0.0,"timestamp":1608083874,"path_taken":["R","?","?","M","$","R","T","E","R","E","M","?","?","?","M","BOSS"],"items_purchased_type":["Potion"],"build_version":"2020-12-13","purchased_purges":0,"victory":false,"max_hp_per_floor":[90,95,95,95,96,96,96,97,97,97,98,99,99,99,99,99,99],"card_choices":[{"not_picked":["Violence","ReplayTheSpireMod:Necrogeddon"],"picked":"expansioncontent:StudyTheSpire","floor":0},{"not_picked":["sneckomod:DiceCrush","sneckomod:UnknownCommonAttack"],"picked":"sneckomod:RainOfDice","floor":4},{"not_picked":["sneckomod:DiceCrush","sneckomod:SoulRoll"],"picked":"sneckomod:UnknownClassWHITE","floor":5},{"not_picked":["sneckomod:Unknown1Cost","sneckomod:ImprovisedGuard"],"picked":"sneckomod:UnknownRareSkill","floor":8},{"not_picked":["sneckomod:Unknown1Cost","sneckomod:SoulRoll"],"picked":"sneckomod:QuickBite","floor":10},{"not_picked":["sneckomod:DiceBlock","sneckomod:SoulRoll"],"picked":"sneckomod:UnknownClassLight","floor":11},{"not_picked":["sneckomod:UnknownClassMIYU_BLUE","sneckomod:UnknownEthereal"],"picked":"sneckomod:UnknownClassDEATH_KNIGHT_COLOR","floor":12},{"not_picked":["sneckomod:QuickBite","sneckomod:UnknownBlock"],"picked":"sneckomod:UnknownClassWANDERER_GRAY_COLOR","floor":15}],"player_experience":1625544,"relics_obtained":[{"floor":8,"key":"Anchor"},{"floor":10,"key":"Toy Ornithopter"}],"event_choices":[{"damage_healed":0,"gold_gain":0,"player_choice":"Donut","damage_taken":0,"max_hp_gain":5,"max_hp_loss":0,"event_name":"Big Fish","floor":2,"gold_loss":0},{"damage_healed":0,"gold_gain":0,"player_choice":"Relic ","damage_taken":18,"max_hp_gain":0,"max_hp_loss":0,"event_name":"betterThird:BetterScrap","floor":3,"gold_loss":0,"cards_obtained":["ReplayTheSpireMod:The Works"]},{"damage_healed":0,"gold_gain":0,"player_choice":"Agree","damage_taken":0,"max_hp_gain":0,"max_hp_loss":0,"event_name":"conspire:LoneGhost","floor":13,"gold_loss":0}],"is_beta":false,"boss_relics":[],"items_purged_floors":[],"is_endless":false,"potions_floor_spawned":[10,11],"killed_by":"downfall:Defect","ascension_level":0}}