{"host":"utqe55yv0jihe4d6","time":1608092876,"event":{"mods":["2.2 Compatiblity","AchievementEnabler","BaseMod","Block Reminder","Colored Map","Colored Powertips","Minty Spire (QoL Compilation)","Quick Restart","Rare Cards Sparkle","Relic Stats","SuperFastMode"],"gold_per_floor":[214,229,229,243,259,259,32,32,32,32,43,43,60,60,60,136,136,150,150,162,162,162,162,162,177,177,8,18,53,53,67,67,67,67],"floor_reached":33,"playtime":844,"items_purged":["Pain","Writhe"],"score":514,"play_id":"ec4a4e44-2d31-46ed-a719-ade188253106","local_time":"20201215232756","is_ascension_mode":true,"campfire_choices":[{"data":"Defragment","floor":6,"key":"SMITH"},{"data":"Streamline","floor":10,"key":"SMITH"},{"floor":12,"key":"REST"},{"data":"Recycle","floor":15,"key":"SMITH"},{"floor":23,"key":"REST"},{"data":"Electrodynamics","floor":30,"key":"SMITH"},{"floor":32,"key":"REST"}],"circlet_count":0,"master_deck":["AscendersBane","Strike_B+1","Strike_B+1","Strike_B+1","Strike_B+1","Defend_B+1","Defend_B+1","Defend_B+1","Defend_B+1","Zap","Dualcast+1","Barrage+1","Streamline+1","Defragment+1","Cold Snap","Recycle+1","Sweeping Beam","Rainbow","Glacier","Genetic Algorithm","RitualDagger","Coolheaded","Self Repair","Electrodynamics+1","Reinforced Body"],"relics":["Cracked Core","WarpedTongs","Membership Card","Mummified Hand","Cursed Key","Nilry\u0027s Codex","Letter Opener","Lee\u0027s Waffle","Happy Flower"],"acts_visited":["Exordium","TheCity"],"potions_floor_usage":[16,20,29,33],"damage_taken":[{"damage":0,"enemies":"2 Louse","floor":1,"turns":3},{"damage":2,"enemies":"Cultist","floor":2,"turns":4},{"damage":0,"enemies":"Small Slimes","floor":4,"turns":2},{"damage":10,"enemies":"2 Fungi Beasts","floor":5,"turns":4},{"damage":9,"enemies":"Blue Slaver","floor":11,"turns":2},{"damage":0,"enemies":"Large Slime","floor":13,"turns":3},{"damage":31,"enemies":"Hexaghost","floor":16,"turns":8},{"damage":0,"enemies":"Spheric Guardian","floor":18,"turns":3},{"damage":17,"enemies":"Shell Parasite","floor":20,"turns":5},{"damage":10,"enemies":"Snecko","floor":25,"turns":5},{"damage":14,"enemies":"Snake Plant","floor":28,"turns":5},{"damage":24,"enemies":"Slavers","floor":29,"turns":4},{"damage":23,"enemies":"Centurion and Healer","floor":31,"turns":5},{"damage":66,"enemies":"Automaton","floor":33,"turns":8}],"seed_played":"-8236478273528430724","potions_obtained":[{"floor":5,"key":"EssenceOfSteel"},{"floor":18,"key":"FocusPotion"},{"floor":31,"key":"AttackPotion"}],"is_trial":false,"path_per_floor":["M","M","?","M","M","R","$","?","T","R","M","R","M","?","R","B",null,"M","?","M","?","?","R","?","M","T","$","M","E","R","M","R","B"],"character_chosen":"DEFECT","items_purchased":["Membership Card","FocusPotion","Lee\u0027s Waffle","Self Repair"],"campfire_rested":3,"item_purchase_floors":[7,7,27,27],"current_hp_per_floor":[64,62,62,62,52,52,52,31,31,31,22,43,43,43,43,12,56,56,36,19,13,13,35,14,4,4,83,79,55,55,39,63,0,0],"gold":67,"neow_bonus":"HUNDRED_GOLD","is_daily":false,"chose_seed":false,"campfire_upgraded":4,"win_rate":0.0,"timestamp":1608092876,"path_taken":["M","M","?","?","M","R","$","?","T","R","M","R","M","?","R","BOSS","M","?","M","?","?","R","?","M","T","$","?","E","R","M","R","BOSS"],"items_purchased_type":["Relic","Potion","Relic","Card"],"build_version":"2020-12-13","purchased_purges":2,"victory":false,"max_hp_per_floor":[71,71,71,71,71,71,71,71,71,71,71,71,71,71,71,71,71,71,76,76,76,76,76,76,76,76,83,83,83,83,83,83,83,83],"relic_stats":{"Lee\u0027s Waffle":79,"Happy Flower":[4],"counters":[14,61],"Mummified Hand":[23],"Letter Opener":[17],"Cursed Key":1,"obtain_stats":[{"Lee\u0027s Waffle":27,"Happy Flower":29,"Mummified Hand":9,"Nilry\u0027s Codex":24,"Membership Card":7,"Letter Opener":26,"Cracked Core":0,"Cursed Key":17,"WarpedTongs":3},{"Lee\u0027s Waffle":10,"Happy Flower":12,"Mummified Hand":4,"Nilry\u0027s Codex":9,"Membership Card":4,"Letter Opener":10,"Cracked Core":0,"Cursed Key":7,"WarpedTongs":2},{"Lee\u0027s Waffle":39,"Happy Flower":48,"Mummified Hand":13,"Nilry\u0027s Codex":34,"Membership Card":13,"Letter Opener":39,"Cracked Core":0,"Cursed Key":26,"WarpedTongs":7}],"WarpedTongs":[49]},"card_choices":[{"not_picked":["Go for the Eyes","Turbo"],"picked":"Barrage","floor":1},{"not_picked":["Double Energy","Beam Cell"],"picked":"Streamline","floor":2},{"not_picked":["Hologram","Heatsinks"],"picked":"Defragment","floor":4},{"not_picked":["Leap","Coolheaded"],"picked":"Cold Snap","floor":5},{"not_picked":["Leap","Hello World"],"picked":"Recycle","floor":11},{"not_picked":["Conserve Battery","Steam"],"picked":"Sweeping Beam","floor":13},{"not_picked":["Reboot","All For One"],"picked":"Rainbow","floor":16},{"not_picked":["Skim","Leap"],"picked":"Glacier","floor":18},{"not_picked":["Force Field","Conserve Battery"],"picked":"Genetic Algorithm","floor":20},{"not_picked":["Turbo","Reprogram"],"picked":"Coolheaded","floor":25},{"not_picked":["Rebound","Conserve Battery"],"picked":"Electrodynamics","floor":28},{"not_picked":["Turbo","Cold Snap","Conserve Battery"],"picked":"SKIP","floor":29},{"not_picked":["Conserve Battery","Steam+1"],"picked":"Reinforced Body","floor":31}],"player_experience":2765105,"relics_obtained":[{"floor":9,"key":"Mummified Hand"},{"floor":24,"key":"Nilry\u0027s Codex"},{"floor":26,"key":"Letter Opener"},{"floor":29,"key":"Happy Flower"}],"event_choices":[{"damage_healed":0,"gold_gain":0,"player_choice":"Rummage","damage_taken":0,"relics_obtained":["WarpedTongs"],"max_hp_gain":0,"max_hp_loss":0,"event_name":"Accursed Blacksmith","floor":3,"gold_loss":0,"cards_obtained":["Pain"]},{"damage_healed":0,"gold_gain":0,"player_choice":"Entered Light","damage_taken":21,"max_hp_gain":0,"max_hp_loss":0,"event_name":"Shining Light","floor":8,"gold_loss":0,"cards_upgraded":["Dualcast","Barrage"]},{"damage_healed":0,"gold_gain":0,"player_choice":"Ignored","damage_taken":0,"max_hp_gain":0,"max_hp_loss":0,"event_name":"Liars Game","floor":14,"gold_loss":0},{"damage_healed":0,"gold_gain":0,"player_choice":"Shed Blood","damage_taken":25,"max_hp_gain":5,"max_hp_loss":0,"event_name":"Forgotten Altar","floor":19,"gold_loss":0},{"damage_healed":0,"gold_gain":0,"player_choice":"Joined the Cult","damage_taken":6,"max_hp_gain":0,"max_hp_loss":0,"event_name":"Nest","floor":21,"gold_loss":0,"cards_obtained":["RitualDagger"]},{"damage_healed":0,"gold_gain":0,"player_choice":"Simplicity","damage_taken":0,"max_hp_gain":0,"max_hp_loss":0,"event_name":"Back to Basics","floor":22,"gold_loss":0,"cards_upgraded":["Strike_B","Strike_B","Strike_B","Strike_B","Defend_B","Defend_B","Defend_B","Defend_B"]},{"damage_healed":0,"gold_gain":0,"player_choice":"Obtained Book","damage_taken":21,"max_hp_gain":0,"max_hp_loss":0,"event_name":"Cursed Tome","floor":24,"gold_loss":0}],"is_beta":false,"boss_relics":[{"not_picked":["Tiny House","Runic Pyramid"],"picked":"Cursed Key"}],"items_purged_floors":[7,27],"is_endless":false,"potions_floor_spawned":[5,11,13,18,31],"killed_by":"Automaton","ascension_level":20}}