{"host":"v0dnu0zs4qo0v13s","time":1608160202,"event":{"mods":["BaseMod","Colored Map","Colored Powertips","Minty Spire (QoL Compilation)","Relic Stats","StSLib","SuperFastMode","everything is the same but u backflip on backflip"],"gold_per_floor":[117,131,131,145,155,155,155,155,181,181,181,221,221,146,146,267,267,192,0,0,0,20,20,20,20],"floor_reached":24,"playtime":1625,"items_purged":["Defend_B"],"score":247,"play_id":"4af21306-8e06-48ec-af11-6a6324397fef","local_time":"20201216181002","is_ascension_mode":true,"campfire_choices":[{"floor":6.0,"key":"REST"},{"data":"Loop","floor":8.0,"key":"SMITH"},{"data":"Coolheaded","floor":13.0,"key":"SMITH"},{"floor":15.0,"key":"REST"},{"floor":23,"key":"REST"}],"circlet_count":0,"master_deck":["Strike_B","Strike_B","Strike_B","Zap+1","Dualcast","Steam","Conserve Battery","Undo","Loop+1","Machine Learning","Coolheaded+1","Force Field","Echo Form","Fission+1","Thunder Strike+1","Creative AI+1","Genetic Algorithm+1","Double Energy"],"relics":["SacredBark","Juzu Bracelet","Happy Flower","Golden Idol","Dream Catcher","Astrolabe","Dead Branch"],"acts_visited":["Exordium","TheCity"],"potions_floor_usage":[22],"damage_taken":[{"damage":18.0,"enemies":"Jaw Worm","floor":1.0,"turns":5.0},{"damage":12.0,"enemies":"Small Slimes","floor":2.0,"turns":4.0},{"damage":1.0,"enemies":"2 Louse","floor":4.0,"turns":2.0},{"damage":13.0,"enemies":"Lots of Slimes","floor":5.0,"turns":7.0},{"damage":4.0,"enemies":"3 Sentries","floor":12.0,"turns":8.0},{"damage":21.0,"enemies":"The Guardian","floor":16.0,"turns":18.0},{"damage":13.0,"enemies":"2 Thieves","floor":18.0,"turns":5.0},{"damage":43,"enemies":"3 Byrds","floor":22,"turns":5},{"damage":0,"enemies":"Slavers","floor":24,"turns":1}],"seed_played":"3051066531045551412","potions_obtained":[{"floor":4.0,"key":"Strength Potion"},{"floor":5.0,"key":"Fruit Juice"},{"floor":16.0,"key":"Block Potion"}],"is_trial":false,"path_per_floor":["M","M","?","M","M","R","?","R","T","?","?","E","R","$","R","B",null,"M","?","?","?","M","R","E"],"character_chosen":"DEFECT","items_purchased":[],"campfire_rested":3,"item_purchase_floors":[],"current_hp_per_floor":[50,38,38,37,34,59,59,59,59,59,59,55,55,55,78,57,74,61,61,61,46,3,28,28,28],"gold":20,"neow_bonus":"BOSS_RELIC","is_daily":false,"chose_seed":false,"campfire_upgraded":2,"win_rate":0.0,"timestamp":1608160202,"path_taken":["M","M","?","M","M","R","?","R","T","?","?","E","R","$","R","BOSS","M","?","?","?","M","R","E"],"items_purchased_type":[],"build_version":"2020-12-13","purchased_purges":1,"victory":false,"max_hp_per_floor":[75,75,75,75,85,85,85,85,85,85,79,79,79,79,79,79,79,79,79,79,84,84,84,84,84],"relic_stats":{"Dream Catcher":2,"Happy Flower":[12],"counters":[9,54],"Golden Idol":36,"Astrolabe":["Fission","Thunder Strike","Creative AI"],"Dead Branch":[0],"Juzu Bracelet":1,"obtain_stats":[{"Dream Catcher":12,"Happy Flower":9,"Golden Idol":11,"SacredBark":0,"Astrolabe":17,"Dead Branch":20,"Juzu Bracelet":7,"Cracked Core":0},{"Dream Catcher":5,"Happy Flower":4,"Golden Idol":4,"SacredBark":0,"Astrolabe":6,"Dead Branch":7,"Juzu Bracelet":4,"Cracked Core":0},{"Dream Catcher":26,"Happy Flower":18,"Golden Idol":18,"SacredBark":0,"Astrolabe":43,"Dead Branch":48,"Juzu Bracelet":18,"Cracked Core":0}]},"card_choices":[{"not_picked":["Compile Driver","Sweeping Beam"],"picked":"Steam","floor":1.0},{"not_picked":["Steam","Blizzard"],"picked":"Conserve Battery","floor":2.0},{"not_picked":["Leap","Sweeping Beam"],"picked":"Loop","floor":4.0},{"not_picked":["Storm","Scrape"],"picked":"Machine Learning","floor":5.0},{"not_picked":["Gash","Scrape"],"picked":"Coolheaded","floor":12.0},{"not_picked":["Go for the Eyes","Tempest"],"picked":"Force Field","floor":15.0},{"not_picked":["Rainbow","Reboot"],"picked":"Echo Form","floor":16.0},{"not_picked":["Steam Power","Rebound+1"],"picked":"Genetic Algorithm+1","floor":18.0},{"not_picked":["Rip and Tear+1","Stack+1","Coolheaded+1"],"picked":"SKIP","floor":22},{"not_picked":["Stack","Defragment"],"picked":"Double Energy","floor":23}],"player_experience":612036,"relics_obtained":[{"floor":9.0,"key":"Happy Flower"},{"floor":12.0,"key":"Dream Catcher"}],"event_choices":[{"damage_healed":0.0,"max_hp_gain":0.0,"max_hp_loss":0.0,"gold_gain":0.0,"cards_transformed":["Defend_B"],"event_name":"Living Wall","player_choice":"Change","floor":3.0,"gold_loss":0.0,"damage_taken":0.0,"cards_obtained":["Undo"]},{"damage_healed":0.0,"max_hp_gain":0.0,"max_hp_loss":0.0,"gold_gain":0.0,"event_name":"Dead Adventurer","player_choice":"Searched \u00272\u0027 times","floor":7.0,"gold_loss":0.0,"damage_taken":0.0,"relics_obtained":["Juzu Bracelet"]},{"damage_healed":0.0,"max_hp_gain":0.0,"max_hp_loss":0.0,"gold_gain":0.0,"event_name":"Upgrade Shrine","player_choice":"Upgraded","floor":10.0,"gold_loss":0.0,"damage_taken":0.0,"cards_upgraded":["Zap"]},{"damage_healed":0.0,"max_hp_gain":0.0,"max_hp_loss":6.0,"gold_gain":0.0,"event_name":"Golden Idol","player_choice":"Lose Max HP","floor":11.0,"gold_loss":0.0,"damage_taken":0.0,"relics_obtained":["Golden Idol"]},{"damage_healed":0,"gold_gain":0,"player_choice":"Paid Fearfully","damage_taken":0,"max_hp_gain":0,"max_hp_loss":0,"event_name":"Masked Bandits","floor":19,"gold_loss":192},{"damage_healed":0,"gold_gain":0,"player_choice":"Opened","damage_taken":0,"relics_obtained":["Dead Branch"],"max_hp_gain":0,"max_hp_loss":0,"event_name":"The Mausoleum","floor":20,"gold_loss":0},{"damage_healed":0,"gold_gain":0,"player_choice":"Shed Blood","damage_taken":20,"max_hp_gain":5,"max_hp_loss":0,"event_name":"Forgotten Altar","floor":21,"gold_loss":0}],"is_beta":false,"boss_relics":[{"not_picked":["Busted Crown","Snecko Eye"],"picked":"Astrolabe"}],"items_purged_floors":[14],"is_endless":false,"potions_floor_spawned":[4,5,16],"killed_by":"Slavers","ascension_level":6}}