{"host":"ifd7sfhtlbe34qll","time":1608103400,"event":{"mods":["2.2 Compatiblity","BaseMod","Block Reminder","Colored Map","Downfall","Highlight Path","Minty Spire (QoL Compilation)","Potion Indicator Mod","Quick Restart","Random Character Button","Relic Stats","StSLib"],"gold_per_floor":[0,0,28,41,52,52,52,82,82,111,29,48,48,61,80,182,182,107,107,192,218,218,276,303,303,694,694,1075,1175,1190,618,635,762,762,762,610,754,770,770,1016,1016,866,1337,1337,1984,2993,2147,2802,3317,4567,4567,5445,4670,4670,8560],"floor_reached":56,"playtime":3953,"items_purged":["sneckomod:Defend","sneckomod:Defend","sneckomod:Unknown","sneckomod:UnknownUncommonSkill"],"score":1841,"play_id":"33735e6c-5c3e-46ce-9192-9036a5a7b752","local_time":"20201216012320","is_ascension_mode":true,"campfire_choices":[{"data":"sneckomod:SnekBite","floor":1.0,"key":"SMITH"},{"data":"sneckomod:Nope","floor":6.0,"key":"SMITH"},{"data":"sneckomod:UnknownStrength","floor":9.0,"key":"SMITH"},{"data":"sneckomod:Cheat","floor":18.0,"key":"SMITH"},{"data":"sneckomod:GlitteringGambit","floor":25.0,"key":"SMITH"},{"data":"sneckomod:UnknownDexterity","floor":27.0,"key":"SMITH"},{"floor":35.0,"key":"RECALL"},{"data":"sneckomod:DefensiveFlair","floor":42.0,"key":"SMITH"},{"data":"sneckomod:TrashToTreasure","floor":44.0,"key":"SMITH"},{"data":"sneckomod:UnknownRarePower","floor":54,"key":"SMITH"}],"circlet_count":0,"master_deck":["sneckomod:TailWhip+1","sneckomod:SnekBite+1","sneckomod:Unknown+2","Metamorphosis","sneckomod:UnknownUncommonAttack+1","sneckomod:QuickBite+1","sneckomod:Nope+1","sneckomod:UnknownStrength+1","sneckomod:ImprovisedAttack+1","sneckomod:UnknownDexterity+1","sneckomod:CheapStock","sneckomod:Unknown0Cost","sneckomod:TrashToTreasure+1","sneckomod:Cheat+1","sneckomod:UnknownClassPURPLE+1","sneckomod:PureSnecko+1","sneckomod:UnknownUncommonAttack+1","sneckomod:GlitteringGambit+1","sneckomod:UnknownColorless+2","sneckomod:SoulRoll+1","sneckomod:DiceBoulder+1","sneckomod:SerpentIdol","sneckomod:MasterEye","sneckomod:Restock","sneckomod:UnknownVulnerable+1","sneckomod:MasterEye","expansioncontent:BronzeBeam","sneckomod:WideSting+1","sneckomod:UnknownClassTHE_CHAMP_GRAY+1","sneckomod:GlitteringGambit+1","sneckomod:DefensiveFlair+1","sneckomod:Mudshield","sneckomod:SlitherStrike+1","sneckomod:UnknownRareAttack","sneckomod:UnknownRareSkill","sneckomod:UnknownRarePower+1","expansioncontent:Corrupt","sneckomod:UnknownRareAttack","sneckomod:UnknownClassPURPLE+1","sneckomod:UnknownRareAttack"],"relics":["sneckomod:SneckoSoul","Mercury Hourglass","sneckomod:ConfusingCodex","Torii","Gremlin Horn","Astrolabe","downfall:HeartBlessingGreen","Toy Ornithopter","Meat on the Bone","Whetstone","Pen Nib","Old Coin","champ:Barbells","Dead Branch","Snecko Eye","Pear","Kunai","Question Card","downfall:HeartBlessingRed","downfall:HeartBlessingBlue","Regal Pillow","sneckomod:RareBoosterPack","Bronze Scales","Boot","Blood Vial","Strange Spoon","Ginger"],"acts_visited":["Exordium","TheCity","TheBeyond","TheEnding"],"potions_floor_usage":[50,55,55,55,55,55,55],"damage_taken":[{"damage":23.0,"enemies":"Gremlin Nob","floor":3.0,"turns":4.0},{"damage":2.0,"enemies":"2 Louse","floor":4.0,"turns":2.0},{"damage":0.0,"enemies":"Small Slimes","floor":5.0,"turns":2.0},{"damage":5.0,"enemies":"3 Sentries","floor":8.0,"turns":5.0},{"damage":25.0,"enemies":"Lagavulin","floor":10.0,"turns":4.0},{"damage":0.0,"enemies":"downfall:FleeingMerchant","floor":11.0,"turns":4.0},{"damage":1.0,"enemies":"Jaw Worm","floor":12.0,"turns":4.0},{"damage":5.0,"enemies":"2 Fungi Beasts","floor":14.0,"turns":1.0},{"damage":0.0,"enemies":"Red Slaver","floor":15.0,"turns":1.0},{"damage":18.0,"enemies":"downfall:Watcher","floor":16.0,"turns":5.0},{"damage":16.0,"enemies":"Slavers","floor":21.0,"turns":2.0},{"damage":11.0,"enemies":"Book of Stabbing","floor":23.0,"turns":4.0},{"damage":0.0,"enemies":"Gremlin Leader","floor":26.0,"turns":5.0},{"damage":50.0,"enemies":"Gremlin Leader","floor":28.0,"turns":4.0},{"damage":2.0,"enemies":"Shell Parasite","floor":30.0,"turns":2.0},{"damage":0.0,"enemies":"downfall:FleeingMerchant","floor":31.0,"turns":4.0},{"damage":0.0,"enemies":"Spheric Guardian","floor":32.0,"turns":1.0},{"damage":8.0,"enemies":"downfall:Defect","floor":33.0,"turns":6.0},{"damage":0.0,"enemies":"downfall:FleeingMerchant","floor":36.0,"turns":1.0},{"damage":30.0,"enemies":"Nemesis","floor":37.0,"turns":5.0},{"damage":4.0,"enemies":"3 Shapes","floor":38.0,"turns":1.0},{"damage":0.0,"enemies":"Reptomancer","floor":40.0,"turns":3.0},{"damage":0.0,"enemies":"Nemesis","floor":43.0,"turns":5.0},{"damage":25.0,"enemies":"Orb Walker","floor":45.0,"turns":2.0},{"damage":7.0,"enemies":"Writhing Mass","floor":46.0,"turns":3.0},{"damage":6.0,"enemies":"Sphere and 2 Shapes","floor":48.0,"turns":3.0},{"damage":10.0,"enemies":"4 Shapes","floor":49.0,"turns":4.0},{"damage":55,"enemies":"downfall:Silent","floor":50,"turns":4},{"damage":2,"enemies":"downfall:CharBossMerchant","floor":52,"turns":7},{"damage":21,"enemies":"downfall:NeowBoss","floor":55,"turns":14}],"seed_played":"6439818424441904661","potions_obtained":[{"floor":4.0,"key":"Fire Potion"},{"floor":12.0,"key":"Dexterity Potion"},{"floor":14.0,"key":"Weak Potion"},{"floor":15.0,"key":"EssenceOfSteel"},{"floor":21.0,"key":"Block Potion"},{"floor":30.0,"key":"Block Potion"},{"floor":32.0,"key":"sneckomod:OffclassReductionPotion"},{"floor":37.0,"key":"DistilledChaos"},{"floor":43.0,"key":"EntropicBrew"}],"is_trial":false,"path_per_floor":["R","?","E","M","M","R","T","E","R","E","$","M","?","M","M","B",null,"R","?","?","E","T","E","T","R","E","R","?","?","M","$","M","B",null,"R","$","E","M","?","E","T","R","E","R","M","M","$","M","M","B",null,"E","$","R","B",null],"character_chosen":"THE_SNECKO","items_purchased":["sneckomod:CheapStock","champ:Barbells","sneckomod:MasterEye","Dead Branch","Pear","sneckomod:MasterEye","expansioncontent:BronzeBeam","sneckomod:RareBoosterPack","Bronze Scales","Boot","expansioncontent:Corrupt","sneckomod:UnknownRareAttack","Strange Spoon","Ginger","sneckomod:UnknownRareAttack","Block Potion"],"campfire_rested":0,"item_purchase_floors":[11,31,31,31,36,36,36,47,47,47,47,47,53,53,53,53],"current_hp_per_floor":[90,95,73,71,71,71,71,67,67,42,43,43,43,44,44,26,102,102,102,88,72,72,67,67,67,67,67,49,49,59,61,61,53,103,103,114,84,81,81,81,81,91,91,91,91,84,88,86,80,42,133,131,132,132,134],"gold":8560,"neow_bonus":"RANDOM_COLORLESS_2","is_daily":false,"chose_seed":false,"campfire_upgraded":9,"win_rate":0.0,"timestamp":1608103400,"path_taken":["R","?","E","M","M","R","T","E","R","E","$","M","?","M","M","BOSS","R","?","?","E","?","E","T","R","E","R","?","?","M","$","M","BOSS","R","$","E","M","?","E","T","R","E","R","M","M","$","?","M","BOSS","E","$","R","BOSS"],"items_purchased_type":["Card","Relic","Card","Relic","Relic","Card","Card","Relic","Relic","Relic","Card","Card","Relic","Relic","Card","Potion"],"build_version":"2020-12-13","purchased_purges":4,"victory":true,"max_hp_per_floor":[90,95,96,96,96,96,96,97,97,97,98,99,99,100,100,100,102,102,102,102,102,102,103,103,103,103,103,103,103,103,103,103,103,103,103,114,114,115,115,115,115,125,125,125,125,125,129,133,133,133,133,133,134,134,134],"relic_stats":{"Regal Pillow":0,"Torii":30,"Gremlin Horn":[22,22],"counters":[30,110],"Astrolabe":["sneckomod:UnknownClassPURPLE","sneckomod:PureSnecko","sneckomod:UnknownUncommonAttack"],"Dead Branch":[372],"Pen Nib":[26],"Whetstone":["sneckomod:UnknownUncommonAttack","sneckomod:ImprovisedAttack"],"Ginger":[3],"Question Card":6,"Boot":[19],"Mercury Hourglass":[319],"Blood Vial":2,"Strange Spoon":[87],"Bronze Scales":[42],"Snecko Eye":[131,144,125,159],"Kunai":[47],"obtain_stats":[{"Regal Pillow":43,"Torii":8,"Gremlin Horn":10,"downfall:HeartBlessingGreen":18,"Whetstone":23,"Ginger":53,"sneckomod:SneckoSoul":0,"Boot":47,"Old Coin":26,"Blood Vial":52,"sneckomod:ConfusingCodex":7,"downfall:HeartBlessingBlue":42,"Kunai":37,"sneckomod:RareBoosterPack":47,"champ:Barbells":31,"Pear":36,"downfall:HeartBlessingRed":42,"Astrolabe":17,"Dead Branch":31,"Pen Nib":24,"Question Card":40,"Mercury Hourglass":3,"Strange Spoon":53,"Bronze Scales":47,"Snecko Eye":34,"Toy Ornithopter":21,"Meat on the Bone":22},{"Regal Pillow":23,"Torii":4,"Gremlin Horn":5,"downfall:HeartBlessingGreen":10,"Whetstone":12,"Ginger":29,"sneckomod:SneckoSoul":0,"Boot":25,"Old Coin":13,"Blood Vial":29,"sneckomod:ConfusingCodex":3,"downfall:HeartBlessingBlue":22,"Kunai":20,"sneckomod:RareBoosterPack":25,"champ:Barbells":16,"Pear":19,"downfall:HeartBlessingRed":22,"Astrolabe":10,"Dead Branch":16,"Pen Nib":12,"Question Card":22,"Mercury Hourglass":1,"Strange Spoon":29,"Bronze Scales":25,"Snecko Eye":18,"Toy Ornithopter":11,"Meat on the Bone":11},{"Regal Pillow":73,"Torii":12,"Gremlin Horn":16,"downfall:HeartBlessingGreen":31,"Whetstone":37,"Ginger":96,"sneckomod:SneckoSoul":0,"Boot":78,"Old Coin":42,"Blood Vial":96,"sneckomod:ConfusingCodex":8,"downfall:HeartBlessingBlue":68,"Kunai":65,"sneckomod:RareBoosterPack":78,"champ:Barbells":52,"Pear":60,"downfall:HeartBlessingRed":68,"Astrolabe":31,"Dead Branch":52,"Pen Nib":37,"Question Card":68,"Mercury Hourglass":4,"Strange Spoon":96,"Bronze Scales":78,"Snecko Eye":59,"Toy Ornithopter":33,"Meat on the Bone":33}],"Toy Ornithopter":31,"Meat on the Bone":36},"card_choices":[{"not_picked":["Transmutation","Magnetism"],"picked":"Metamorphosis","floor":0.0},{"not_picked":["sneckomod:UnknownCommonSkill","sneckomod:UnknownStrike"],"picked":"sneckomod:UnknownUncommonAttack","floor":3.0},{"not_picked":["sneckomod:Unknown1Cost","sneckomod:DefensiveFlair"],"picked":"sneckomod:QuickBite","floor":4.0},{"not_picked":["sneckomod:Rotation","sneckomod:DiceBlock"],"picked":"sneckomod:Nope","floor":5.0},{"not_picked":["sneckomod:UnknownDexterity","sneckomod:CheapStock"],"picked":"sneckomod:UnknownStrength","floor":8.0},{"not_picked":["sneckomod:IronFang","sneckomod:SoulDraw"],"picked":"sneckomod:ImprovisedAttack","floor":10.0},{"not_picked":["sneckomod:QuickMove","sneckomod:UnknownClassTHE_CHAMP_GRAY"],"picked":"sneckomod:UnknownDexterity","floor":11.0},{"not_picked":["sneckomod:UnknownClassTHE_CHAMP_GRAY","sneckomod:QuickBite"],"picked":"sneckomod:Unknown0Cost","floor":12.0},{"not_picked":["sneckomod:Unknown0Cost","sneckomod:UnknownClassTHE_CHAMP_GRAY"],"picked":"sneckomod:UnknownUncommonSkill","floor":14.0},{"not_picked":["sneckomod:UnknownCommonAttack","sneckomod:UnknownClassSLIMEBOUND"],"picked":"sneckomod:TrashToTreasure","floor":15.0},{"not_picked":["sneckomod:UnknownRareSkill","sneckomod:UnknownRarePower"],"picked":"sneckomod:Cheat","floor":16.0},{"not_picked":["sneckomod:UnknownX","sneckomod:UnknownClassGUARDIAN+1"],"picked":"sneckomod:GlitteringGambit","floor":21.0},{"not_picked":["sneckomod:Unknown1Cost","sneckomod:UnknownWeak"],"picked":"sneckomod:UnknownColorless","floor":23.0},{"not_picked":["sneckomod:QuickMove","sneckomod:UnknownWeak"],"picked":"sneckomod:SoulRoll+1","floor":26.0},{"not_picked":["sneckomod:IronFang+1","sneckomod:UnknownClassSLIMEBOUND"],"picked":"sneckomod:DiceBoulder+1","floor":30.0},{"not_picked":["sneckomod:QuickMove","sneckomod:DiceBlock"],"picked":"sneckomod:SerpentIdol","floor":31.0},{"not_picked":["sneckomod:UnknownStrike","sneckomod:UnknownWeak","sneckomod:Nope"],"picked":"SKIP","floor":32.0},{"not_picked":["sneckomod:DangerNoodle","sneckomod:Cheat"],"picked":"sneckomod:Restock","floor":33.0},{"not_picked":["sneckomod:DiceCrush","sneckomod:Rotation+1"],"picked":"sneckomod:UnknownVulnerable+1","floor":36.0},{"not_picked":["sneckomod:TrashToTreasure","sneckomod:DiceCrush"],"picked":"sneckomod:WideSting+1","floor":37.0},{"not_picked":["sneckomod:PureSnecko+1","sneckomod:MasterEye"],"picked":"sneckomod:UnknownClassTHE_CHAMP_GRAY+1","floor":38.0},{"not_picked":["sneckomod:PureSnecko","sneckomod:SnakeSap"],"picked":"sneckomod:DefensiveFlair","floor":40.0},{"not_picked":["sneckomod:RainOfDice","sneckomod:QuickBite+1","sneckomod:UnknownX+1"],"picked":"sneckomod:Mudshield","floor":43.0},{"not_picked":["sneckomod:DiceCrush+1","sneckomod:IronFang","sneckomod:UnknownClassBLUE"],"picked":"sneckomod:SlitherStrike+1","floor":45.0},{"not_picked":["sneckomod:UnknownVulnerable","sneckomod:Nope+1","sneckomod:SoulDraw","sneckomod:DiceBoulder"],"picked":"SKIP","floor":46.0},{"not_picked":["sneckomod:UnknownVulnerable","sneckomod:RainOfDice","sneckomod:QuickMove"],"picked":"sneckomod:UnknownClassPURPLE+1","floor":48.0},{"not_picked":["sneckomod:QuickBite+1","sneckomod:SoulExchange","sneckomod:Unknown1Cost+1","sneckomod:RainOfDice+1"],"picked":"SKIP","floor":49.0},{"not_picked":["sneckomod:DiceCrush+1","sneckomod:IronFang+1","sneckomod:QuickBite","sneckomod:UnknownVulnerable+1"],"picked":"SKIP","floor":52}],"player_experience":1569615,"relics_obtained":[{"floor":3.0,"key":"Mercury Hourglass"},{"floor":7.0,"key":"sneckomod:ConfusingCodex"},{"floor":8.0,"key":"Torii"},{"floor":10.0,"key":"Gremlin Horn"},{"floor":21.0,"key":"Toy Ornithopter"},{"floor":22.0,"key":"Meat on the Bone"},{"floor":23.0,"key":"Whetstone"},{"floor":24.0,"key":"Pen Nib"},{"floor":26.0,"key":"Old Coin"},{"floor":37.0,"key":"Kunai"},{"floor":40.0,"key":"Question Card"},{"floor":43.0,"key":"Regal Pillow"},{"floor":52,"key":"Blood Vial"}],"event_choices":[{"damage_healed":0.0,"max_hp_gain":5.0,"max_hp_loss":0.0,"gold_gain":0.0,"event_name":"Big Fish","player_choice":"Donut","floor":2.0,"gold_loss":0.0,"damage_taken":0.0},{"cards_removed":["sneckomod:Strike"],"damage_healed":0.0,"max_hp_gain":0.0,"max_hp_loss":0.0,"gold_gain":0.0,"event_name":"The Cleric","player_choice":"Card Removal","floor":13.0,"gold_loss":0.0,"damage_taken":0.0},{"damage_healed":0.0,"max_hp_gain":0.0,"max_hp_loss":0.0,"gold_gain":0.0,"event_name":"Duplicator","player_choice":"Copied","floor":39.0,"gold_loss":0.0,"damage_taken":0.0,"cards_obtained":["sneckomod:GlitteringGambit"]}],"is_beta":false,"boss_relics":[{"not_picked":["Empty Cage","Busted Crown"],"picked":"Astrolabe"},{"not_picked":["Sozu","SlaversCollar"],"picked":"Snecko Eye"}],"items_purged_floors":[31,36,47,53],"is_endless":false,"potions_floor_spawned":[4,12,14,15,21,30,32,37,40,43,49],"ascension_level":4}}