{"host":"dvpvhz1t6etneyb3","time":1608153591,"event":{"mods":["AchievementEnabler","BaseMod","Colored Map","Highlight Path","Minty Spire (QoL Compilation)","Permanent Neow","Quick Restart"],"gold_per_floor":[115,115,125,136,9,9,9,40,64,95,113,143,143,159,159,159,159],"floor_reached":16,"playtime":686,"items_purged":["Strike_P"],"score":220,"play_id":"9b974124-889f-417b-86d1-e43625bb630e","local_time":"20201216161951","is_ascension_mode":true,"campfire_choices":[{"floor":6.0,"key":"REST"},{"data":"CrushJoints","floor":13,"key":"SMITH"},{"data":"LikeWater","floor":15,"key":"SMITH"}],"circlet_count":0,"master_deck":["AscendersBane","Strike_P+1","Strike_P","Strike_P","Defend_P+1","Defend_P","Defend_P","Defend_P","Eruption","Vigilance","Establishment","FearNoEvil","FlyingSleeves","FlurryOfBlows","Protect","LikeWater+1","CrushJoints+1","Pray","Swivel"],"relics":["PureWater","Oddly Smooth Stone","Damaru","Juzu Bracelet"],"acts_visited":[],"potions_floor_usage":[14],"damage_taken":[{"damage":1.0,"enemies":"Small Slimes","floor":1.0,"turns":4.0},{"damage":6.0,"enemies":"2 Louse","floor":3.0,"turns":2.0},{"damage":12.0,"enemies":"Jaw Worm","floor":4.0,"turns":2.0},{"damage":11.0,"enemies":"3 Sentries","floor":8.0,"turns":9.0},{"damage":9.0,"enemies":"Lagavulin","floor":10.0,"turns":9.0},{"damage":3.0,"enemies":"2 Fungi Beasts","floor":11.0,"turns":4.0},{"damage":5,"enemies":"Exordium Wildlife","floor":14,"turns":3},{"damage":27,"enemies":"Hexaghost","floor":16,"turns":7}],"seed_played":"-8362156699063519987","potions_obtained":[{"floor":1.0,"key":"EssenceOfSteel"},{"floor":4.0,"key":"SpeedPotion"},{"floor":11.0,"key":"Explosive Potion"}],"is_trial":false,"path_per_floor":["M","?","M","M","$","R","?","E","T","E","M","?","R","M","R","B"],"character_chosen":"WATCHER","items_purchased":["Protect"],"campfire_rested":1,"item_purchase_floors":[5],"current_hp_per_floor":[60,40,34,22,22,42,47,36,36,27,24,24,24,19,19,0,0],"gold":159,"neow_bonus":"ONE_RANDOM_RARE_CARD","is_daily":false,"chose_seed":false,"campfire_upgraded":2,"win_rate":0.0,"timestamp":1608153591,"path_taken":["M","?","M","M","$","R","?","E","T","E","M","?","R","M","R","BOSS"],"items_purchased_type":["Card"],"build_version":"2020-12-13","purchased_purges":1,"victory":false,"max_hp_per_floor":[68,68,68,68,68,68,73,73,73,73,73,73,73,73,73,73,73],"card_choices":[{"not_picked":["ForeignInfluence","Evaluate"],"picked":"FearNoEvil","floor":1.0},{"not_picked":["FollowUp","EmptyFist"],"picked":"FlyingSleeves","floor":3.0},{"not_picked":["ClearTheMind","JustLucky"],"picked":"FlurryOfBlows","floor":4.0},{"not_picked":["Vengeance","ThirdEye"],"picked":"LikeWater","floor":8.0},{"not_picked":["DevaForm","PathToVictory"],"picked":"CrushJoints","floor":10.0},{"not_picked":["CrushJoints","Fasting2"],"picked":"Pray","floor":11.0},{"not_picked":["SignatureMove","Evaluate"],"picked":"Swivel","floor":14}],"player_experience":1861272,"relics_obtained":[{"floor":8.0,"key":"Oddly Smooth Stone"},{"floor":9.0,"key":"Damaru"},{"floor":10.0,"key":"Juzu Bracelet"}],"event_choices":[{"damage_healed":0.0,"max_hp_gain":0.0,"max_hp_loss":0.0,"gold_gain":0.0,"event_name":"Shining Light","player_choice":"Entered Light","floor":2.0,"gold_loss":0.0,"damage_taken":20.0,"cards_upgraded":["Defend_P","Strike_P"]},{"damage_healed":0.0,"max_hp_gain":5.0,"max_hp_loss":0.0,"gold_gain":0.0,"event_name":"Big Fish","player_choice":"Donut","floor":7.0,"gold_loss":0.0,"damage_taken":0.0},{"damage_healed":0,"gold_gain":30,"player_choice":"Searched \u00271\u0027 times","damage_taken":0,"max_hp_gain":0,"max_hp_loss":0,"event_name":"Dead Adventurer","floor":12,"gold_loss":0}],"is_beta":false,"boss_relics":[],"items_purged_floors":[5],"is_endless":false,"potions_floor_spawned":[1,4,11],"killed_by":"Hexaghost","ascension_level":20}}