{"host":"0kaxg9rjckhp4v2r","time":1608154479,"event":{"mods":["AchievementEnabler","BaseMod","Bestiary","Better Altar","Better Match","Better Note","Better Sensory Stone","Better Silent Start","Better Skull","Better Third Choice","Better-Laid Plans","Colored Powertips","Disable Question Mark Monsters","Emptier Cage","Minty Spire (QoL Compilation)","Quick Restart","SacredBarkPlus","StSLib","The Dragon Tamer","Unceasing Turn Reminder","yUi"],"gold_per_floor":[209,28,43,43,57,57,57,57,83,93,148,148,148,164,164,260,260,276,276,375,393,7,7,7,7,7,7,27,61,61,61,61,164,164,179,179,179,55,72,105,23,35,35,55,55,55],"floor_reached":45,"playtime":2849,"items_purged":["Defend_G","Decay"],"score":561,"play_id":"f1ed5142-75fc-4e5b-a415-03f5e6f68e7d","local_time":"20201216163439","is_ascension_mode":true,"campfire_choices":[{"data":"Neutralize","floor":6.0,"key":"SMITH"},{"data":"Dagger Spray","floor":8.0,"key":"SMITH"},{"data":"Blade Dance","floor":13.0,"key":"SMITH"},{"data":"Accuracy","floor":15.0,"key":"SMITH"},{"data":"Envenom","floor":27.0,"key":"SMITH"},{"data":"Escape Plan","floor":30.0,"key":"SMITH"},{"data":"Deflect","floor":32.0,"key":"SMITH"}],"circlet_count":0,"master_deck":["Strike_G+1","Strike_G+1","Defend_G","Defend_G+1","Survivor","Neutralize+1","Deflect+1","Heel Hook+1","Blade Dance+1","Accuracy+1","Envenom+1","Expertise+1","All Out Attack+1","Distraction+1","Infinite Blades","After Image","Panache","Necronomicurse","Escape Plan+1","Malaise","Dodge and Roll","Cloak And Dagger","Deflect","Finesse","Dodge and Roll+1","Blade Dance+1"],"relics":["Ring of the Snake","Happy Flower","Bag of Marbles","PreservedInsect","Astrolabe","Kunai","Necronomicon","Potion Belt","Whetstone","Sozu","Pantograph","Regal Pillow","Toxic Egg 2"],"acts_visited":["Exordium","TheCity","TheBeyond"],"potions_floor_usage":[],"damage_taken":[{"damage":0.0,"enemies":"Small Slimes","floor":1.0,"turns":5.0},{"damage":0.0,"enemies":"Cultist","floor":3.0,"turns":4.0},{"damage":4.0,"enemies":"Jaw Worm","floor":5.0,"turns":6.0},{"damage":0.0,"enemies":"Blue Slaver","floor":10.0,"turns":2.0},{"damage":0.0,"enemies":"3 Louse","floor":14.0,"turns":3.0},{"damage":7.0,"enemies":"Hexaghost","floor":16.0,"turns":9.0},{"damage":0.0,"enemies":"3 Byrds","floor":18.0,"turns":3.0},{"damage":2.0,"enemies":"Spheric Guardian","floor":21.0,"turns":3.0},{"damage":1.0,"enemies":"Centurion and Healer","floor":28.0,"turns":5.0},{"damage":5.0,"enemies":"Gremlin Leader","floor":29.0,"turns":4.0},{"damage":20.0,"enemies":"Collector","floor":33.0,"turns":8.0},{"damage":9.0,"enemies":"Orb Walker","floor":35.0,"turns":3.0},{"damage":16.0,"enemies":"3 Darklings","floor":39.0,"turns":4.0},{"damage":25.0,"enemies":"Reptomancer","floor":40.0,"turns":5.0},{"damage":5.0,"enemies":"Maw","floor":42.0,"turns":7.0},{"damage":1.0,"enemies":"Jaw Worm Horde","floor":44.0,"turns":5.0},{"damage":14,"enemies":"Nemesis","floor":45,"turns":3}],"seed_played":"-6165686898034127735","potions_obtained":[{"floor":5.0,"key":"Poison Potion"},{"floor":14.0,"key":"Dexterity Potion"},{"floor":28.0,"key":"LiquidMemories"},{"floor":29.0,"key":"GamblersBrew"}],"is_trial":false,"path_per_floor":["M","$","M","?","M","R","?","R","T","M","T","?","R","M","R","B",null,"M","?","?","M","$","?","$","?","T","R","M","E","R","?","R","B",null,"M","?","?","$","M","E","$","M","T","M","E"],"character_chosen":"THE_SILENT","items_purchased":["Happy Flower","Deflect","After Image","Panache","Cloak And Dagger","Finesse"],"campfire_rested":0,"item_purchase_floors":[2,2,22,22,38,41],"current_hp_per_floor":[70,70,70,70,66,66,52,52,52,52,52,57,57,57,57,50,69,69,69,69,67,67,51,51,51,51,51,50,45,45,45,45,25,63,54,54,54,54,38,13,13,8,8,7,0,0],"gold":55,"neow_bonus":"HUNDRED_GOLD","is_daily":false,"chose_seed":false,"campfire_upgraded":7,"win_rate":0.0,"timestamp":1608154479,"path_taken":["M","$","M","?","?","R","?","R","T","M","?","?","R","M","R","BOSS","M","?","?","M","$","?","$","?","T","R","M","E","R","?","R","BOSS","M","?","?","$","M","E","$","M","T","M","E"],"items_purchased_type":["Relic","Card","Card","Card","Card","Card"],"build_version":"2020-12-13","purchased_purges":2,"victory":false,"max_hp_per_floor":[70,70,70,70,70,70,70,70,70,70,70,75,75,75,75,75,75,75,75,75,75,75,75,75,75,75,75,75,75,75,75,75,75,75,75,75,75,75,75,75,75,75,75,75,75,75],"card_choices":[{"not_picked":["Outmaneuver","Predator"],"picked":"Dagger Spray","floor":1.0},{"not_picked":["Prepared","Dagger Throw","Deflect"],"picked":"SKIP","floor":3.0},{"not_picked":["Acrobatics","Predator"],"picked":"Heel Hook","floor":5.0},{"not_picked":["Dagger Throw","Flying Knee"],"picked":"Blade Dance","floor":10.0},{"not_picked":["Malaise","Dagger Throw"],"picked":"Accuracy","floor":14.0},{"not_picked":["Venomology","Phantasmal Killer"],"picked":"Envenom","floor":16.0},{"not_picked":["Blade Dance+1","Reflex"],"picked":"Infinite Blades","floor":18.0},{"not_picked":["Underhanded Strike","Bane","Slice"],"picked":"SKIP","floor":21.0},{"not_picked":["Dodge and Roll","Accuracy+1"],"picked":"Escape Plan","floor":28.0},{"not_picked":["Setup","Skewer","Quick Slash"],"picked":"SKIP","floor":29.0},{"not_picked":["Die Die Die","Night Terror"],"picked":"Malaise","floor":33.0},{"not_picked":["Quick Slash","Deadly Poison+1"],"picked":"Dodge and Roll","floor":35.0},{"not_picked":["Dagger Spray","PiercingWail+1","Flying Knee"],"picked":"SKIP","floor":39.0},{"not_picked":["Blade Dance+1","Dagger Throw+1"],"picked":"Deflect","floor":40.0},{"not_picked":["Flying Knee","Bane"],"picked":"Dodge and Roll+1","floor":42.0},{"not_picked":["Dagger Throw+1","Dodge and Roll+1"],"picked":"Blade Dance+1","floor":44.0}],"player_experience":274364,"relics_obtained":[{"floor":9.0,"key":"Bag of Marbles"},{"floor":11.0,"key":"PreservedInsect"},{"floor":23.0,"key":"Necronomicon"},{"floor":26.0,"key":"Potion Belt"},{"floor":29.0,"key":"Whetstone"},{"floor":40.0,"key":"Regal Pillow"},{"floor":43.0,"key":"Toxic Egg 2"}],"event_choices":[{"damage_healed":0.0,"max_hp_gain":0.0,"max_hp_loss":0.0,"gold_gain":0.0,"event_name":"Wheel of Change","player_choice":"Cursed","floor":4.0,"gold_loss":0.0,"damage_taken":0.0,"cards_obtained":["Decay"]},{"damage_healed":66.0,"max_hp_gain":0.0,"max_hp_loss":70.0,"gold_gain":0.0,"event_name":"betterThird:BetterShining","player_choice":"Upgrade","floor":7.0,"gold_loss":0.0,"damage_taken":14.0,"cards_upgraded":["Strike_G","Defend_G"]},{"damage_healed":0.0,"max_hp_gain":5.0,"max_hp_loss":0.0,"gold_gain":0.0,"event_name":"Big Fish","player_choice":"Donut","floor":12.0,"gold_loss":0.0,"damage_taken":0.0},{"damage_healed":0.0,"max_hp_gain":0.0,"max_hp_loss":0.0,"gold_gain":0.0,"event_name":"The Mausoleum","player_choice":"Opened","floor":19.0,"gold_loss":0.0,"damage_taken":0.0,"relics_obtained":["Kunai"]},{"damage_healed":0.0,"max_hp_gain":0.0,"max_hp_loss":0.0,"gold_gain":99.0,"event_name":"betterThird:BetterNest","player_choice":"Steal","floor":20.0,"gold_loss":0.0,"damage_taken":0.0},{"damage_healed":0.0,"max_hp_gain":0.0,"max_hp_loss":0.0,"gold_gain":0.0,"event_name":"Cursed Tome","player_choice":"Obtained Book","floor":23.0,"gold_loss":0.0,"damage_taken":16.0},{"damage_healed":0.0,"max_hp_gain":0.0,"max_hp_loss":0.0,"gold_gain":0.0,"event_name":"Vampires","player_choice":"Ignored","floor":31.0,"gold_loss":0.0,"damage_taken":0.0},{"cards_removed":["Dagger Spray"],"damage_healed":0.0,"max_hp_gain":0.0,"max_hp_loss":0.0,"gold_gain":0.0,"event_name":"Falling","player_choice":"Removed Attack","floor":36.0,"gold_loss":0.0,"damage_taken":0.0},{"damage_healed":0.0,"max_hp_gain":0.0,"max_hp_loss":0.0,"gold_gain":0.0,"event_name":"WeMeetAgain","player_choice":"Gave Potion","floor":37.0,"gold_loss":0.0,"damage_taken":0.0,"relics_obtained":["Pantograph"]}],"is_beta":false,"boss_relics":[{"not_picked":["Ectoplasm","SacredBark"],"picked":"Astrolabe"},{"not_picked":["Empty Cage","Busted Crown"],"picked":"Sozu"}],"items_purged_floors":[22,38],"is_endless":false,"potions_floor_spawned":[5,14,28,29,35,40],"killed_by":"Nemesis","ascension_level":5}}