{"host":"jm9833yuloeli2yd","time":1608092077,"event":{"mods":["AchievementEnabler","BaseMod","Better Altar","Better Match","Better Note","Better Sensory Stone","Better Skull","Better Vampires","Colored Map","Colored Powertips","DeckTracker","Minty Spire (QoL Compilation)","Permanent Neow","Quick Restart","Replay The Spire","StSLib","SuperFastMode"],"gold_per_floor":[119,119,136,56,73,73,105,105,105,105,117,145,163,163,163],"floor_reached":14,"playtime":342,"items_purged":[],"score":200,"play_id":"a062d760-c353-464d-814a-bf28e962660b","local_time":"20201215231437","is_ascension_mode":true,"campfire_choices":[{"data":"Defragment","floor":6,"key":"SMITH"},{"data":"Zap","floor":10,"key":"SMITH"}],"circlet_count":0,"master_deck":["AscendersBane","Strike_B","Strike_B","Strike_B","Strike_B","Defend_B","Defend_B","Defend_B","Defend_B","Zap+1","Dualcast","Purity","Turbo","Defragment+1","Lockon","Ball Lightning","Transmutation","Coolheaded","Double Energy"],"relics":["Cracked Core","Mummified Hand","Replay:Antivirus Software","Mercury Hourglass","Lantern"],"acts_visited":["Exordium"],"potions_floor_usage":[7,7,12],"damage_taken":[{"damage":0,"enemies":"Cultist","floor":1,"turns":3},{"damage":3,"enemies":"2 Louse","floor":3,"turns":3},{"damage":2,"enemies":"Jaw Worm","floor":5,"turns":3},{"damage":25,"enemies":"Lagavulin","floor":7,"turns":6},{"damage":13,"enemies":"Red Slaver","floor":11,"turns":3},{"damage":19,"enemies":"3 Sentries","floor":12,"turns":5},{"damage":0,"enemies":"Exordium Wildlife","floor":13,"turns":2},{"damage":5,"enemies":"Lagavulin","floor":14,"turns":4}],"seed_played":"7716969757956024591","potions_obtained":[{"floor":1,"key":"Adrenaline Potion"},{"floor":5,"key":"DuplicationPotion"},{"floor":7,"key":"Energy Potion"},{"floor":12,"key":"Elixir"}],"is_trial":false,"path_per_floor":["M","?","M","$","M","R","E","?","T","R","M","E","M","E"],"character_chosen":"DEFECT","items_purchased":["Defragment"],"campfire_rested":0,"item_purchase_floors":[4],"current_hp_per_floor":[64,64,61,61,59,59,34,34,34,34,21,2,2,0,0],"gold":163,"neow_bonus":"RANDOM_COLORLESS","is_daily":false,"chose_seed":false,"campfire_upgraded":2,"win_rate":0.0,"timestamp":1608092077,"path_taken":["M","?","M","?","?","R","E","?","T","R","M","E","M","E"],"items_purchased_type":["Card"],"build_version":"2020-12-13","purchased_purges":0,"victory":false,"max_hp_per_floor":[71,71,71,71,71,71,71,71,71,71,71,71,71,71,71],"card_choices":[{"not_picked":["Forethought","Good Instincts"],"picked":"Purity","floor":0},{"not_picked":["Rebound","FIFO Queue"],"picked":"Gash","floor":1},{"not_picked":["ReplaySort","Streamline"],"picked":"Turbo","floor":3},{"not_picked":["BasicCrystalCard","Fusion"],"picked":"Lockon","floor":5},{"not_picked":["Chaos","Thunder Strike"],"picked":"Ball Lightning","floor":7},{"not_picked":["Dark Shackles","Jack Of All Trades"],"picked":"Transmutation","floor":8},{"not_picked":["Conserve Battery","Heatsinks"],"picked":"Coolheaded","floor":11},{"not_picked":["Streamline","Darkness","Thunder Strike"],"picked":"SKIP","floor":12},{"not_picked":["BasicCrystalCard","Barrage"],"picked":"Double Energy","floor":13}],"player_experience":1100748,"relics_obtained":[{"floor":7,"key":"Replay:Antivirus Software"},{"floor":9,"key":"Mercury Hourglass"},{"floor":12,"key":"Lantern"}],"event_choices":[{"cards_removed":["Gash"],"damage_healed":0,"gold_gain":0,"player_choice":"Gave Card","damage_taken":0,"relics_obtained":["Mummified Hand"],"max_hp_gain":0,"max_hp_loss":0,"event_name":"WeMeetAgain","floor":2,"gold_loss":0},{"damage_healed":0,"gold_gain":1,"player_choice":"1","damage_taken":0,"max_hp_gain":0,"max_hp_loss":0,"event_name":"betterStone:BetterStone","floor":8,"gold_loss":0}],"is_beta":false,"boss_relics":[],"items_purged_floors":[],"is_endless":false,"potions_floor_spawned":[1,5,7,12],"killed_by":"Lagavulin","ascension_level":20}}