{"host":"ormi09wwzv7sq47a","time":1608124099,"event":{"mods":["2.2 Compatiblity","AchievementEnabler","Act Like it!","BaseMod","Better Note","Better Skull","Better Vampires","Colored Map","Colored Powertips","DeckTracker","Downfall","Highlight Path","Minty Spire (QoL Compilation)","Permanent Neow","Quick Restart","Rare Cards Sparkle","Relic Stats","StSLib","The Jungle"],"gold_per_floor":[117,136,61,161,161,161,181,181,181,181,181,199,199,219,219,321,321,334,334,334,334,348,366,366,63,63,83,107,107,7,18,18,121,121,137,12,12,31,42,42,59,76,99,134,184,34,66,85,85,85,85,85,85,112,112],"floor_reached":56,"playtime":4452,"items_purged":["champ:Strike","champ:Strike","champ:Strike","Parasite"],"score":1122,"play_id":"bb82fd27-0a2d-4476-917d-03c689771458","local_time":"20201216110819","is_ascension_mode":false,"campfire_choices":[{"data":"champ:FanOfKnives","floor":6.0,"key":"SMITH"},{"data":"champ:Haymaker","floor":8.0,"key":"SMITH"},{"data":"champ:GladiatorStyle","floor":10.0,"key":"SMITH"},{"data":"champ:IronFortress","floor":15.0,"key":"SMITH"},{"data":"champ:Taunt","floor":24.0,"key":"SMITH"},{"data":"champ:Duel","floor":29.0,"key":"SMITH"},{"data":"champ:Defend","floor":32.0,"key":"SMITH"},{"data":"champ:SteelEdge","floor":40.0,"key":"SMITH"},{"floor":49.0,"key":"RECALL"},{"data":"champ:LastStand","floor":52,"key":"SMITH"}],"circlet_count":0,"master_deck":["champ:Strike","champ:Defend+1","champ:Defend+1","champ:Defend+1","champ:Execute+1","champ:Taunt+1","champ:FanOfKnives+1","champ:Haymaker+1","champ:StanceDance+1","champ:GladiatorStyle+1","champ:SteelEdge+1","champ:IronFortress+1","champ:LastStand+1","champ:AdrenalArmor+1","champ:Duel+1","champ:CalledShot+1","champ:SteelEdge+1","champ:StanceDance+1","champ:FocusedGladiator+1","champ:CrookedStrike+1","champ:ShieldWall+1","champ:StanceDance+1","champ:Backstep+1","champ:AdrenalArmor+1"],"relics":["champ:ChampionCrown","Champion Belt","Orichalcum","Pocketwatch","Coffee Dripper","War Paint","Lee\u0027s Waffle","Potion Belt","SacredBark","Happy Flower","Sundial","StoneCalendar","Ice Cream","Vajra"],"acts_visited":["Exordium","TheCity","TheBeyond","TheEnding"],"potions_floor_usage":[50,54,54,55,55],"damage_taken":[{"damage":20.0,"enemies":"Jaw Worm","floor":1.0,"turns":5.0},{"damage":2.0,"enemies":"2 Louse","floor":2.0,"turns":2.0},{"damage":15.0,"enemies":"2 Louse","floor":4.0,"turns":3.0},{"damage":5.0,"enemies":"Small Slimes","floor":7.0,"turns":3.0},{"damage":0.0,"enemies":"2 Fungi Beasts","floor":12.0,"turns":2.0},{"damage":3.0,"enemies":"Blue Slaver","floor":14.0,"turns":2.0},{"damage":20.0,"enemies":"Hexaghost","floor":16.0,"turns":6.0},{"damage":17.0,"enemies":"2 Thieves","floor":18.0,"turns":3.0},{"damage":0.0,"enemies":"Spheric Guardian","floor":22.0,"turns":3.0},{"damage":33.0,"enemies":"Shelled Parasite and Fungi","floor":23.0,"turns":5.0},{"damage":10.0,"enemies":"3 Cultists","floor":27.0,"turns":4.0},{"damage":25.0,"enemies":"Snecko","floor":31.0,"turns":4.0},{"damage":66.0,"enemies":"Automaton","floor":33.0,"turns":8.0},{"damage":25.0,"enemies":"3 Shapes","floor":35.0,"turns":5.0},{"damage":40.0,"enemies":"3 Darklings","floor":38.0,"turns":6.0},{"damage":34.0,"enemies":"Maw","floor":39.0,"turns":7.0},{"damage":25.0,"enemies":"Jaw Worm Horde","floor":41.0,"turns":3.0},{"damage":19.0,"enemies":"Sphere and 2 Shapes","floor":42.0,"turns":3.0},{"damage":20.0,"enemies":"Reptomancer","floor":44.0,"turns":7.0},{"damage":15.0,"enemies":"Mind Bloom Boss Battle","floor":45.0,"turns":7.0},{"damage":30.0,"enemies":"Nemesis","floor":47.0,"turns":5.0},{"damage":17.0,"enemies":"Writhing Mass","floor":48.0,"turns":3.0},{"damage":63,"enemies":"Donu and Deca","floor":50,"turns":8},{"damage":33,"enemies":"Shield and Spear","floor":54,"turns":7},{"damage":134,"enemies":"The Heart","floor":55,"turns":11}],"seed_played":"5612021799218722217","potions_obtained":[{"floor":1.0,"key":"hexamod:EctoCoolerPotion"},{"floor":7.0,"key":"BlessingOfTheForge"},{"floor":14.0,"key":"champ:CounterPotion"},{"floor":18.0,"key":"Explosive Potion"},{"floor":27.0,"key":"sneckomod:MuddlingPotion"},{"floor":33.0,"key":"Weak Potion"},{"floor":38.0,"key":"SteroidPotion"},{"floor":41.0,"key":"SkillPotion"},{"floor":47.0,"key":"Strength Potion"},{"floor":48.0,"key":"Fire Potion"},{"floor":54,"key":"Ancient Potion"}],"is_trial":false,"path_per_floor":["M","M","$","?","?","R","M","R","T","R","?","M","?","M","R","B",null,"M","?","?","?","M","M","R","$","T","M","T","R","$","M","R","B",null,"M","$","?","M","M","R","M","M","T","E","?","$","E","M","R","B",null,"R","$","E","B",null],"character_chosen":"THE_CHAMP","items_purchased":["War Paint","Lee\u0027s Waffle"],"campfire_rested":0,"item_purchase_floors":[25,25],"current_hp_per_floor":[75,73,73,63,45,45,43,43,43,43,25,25,47,44,44,29,90,76,76,76,76,76,68,68,97,97,97,97,97,97,96,96,78,97,94,94,94,90,71,71,56,55,55,71,71,71,64,64,64,35,94,94,94,87,23],"gold":112,"neow_bonus":"UPGRADE_CARD","is_daily":false,"chose_seed":false,"campfire_upgraded":9,"win_rate":0.0,"timestamp":1608124099,"path_taken":["M","M","$","?","?","R","M","R","T","R","?","M","?","M","R","BOSS","M","?","?","?","M","M","R","$","T","M","?","R","$","M","R","BOSS","M","?","?","M","M","R","M","M","T","E","?","$","E","M","R","BOSS","R","$","E","BOSS"],"items_purchased_type":["Relic","Relic"],"build_version":"2020-12-13","purchased_purges":4,"victory":true,"max_hp_per_floor":[90,90,90,90,90,90,90,90,90,90,90,90,90,90,90,90,90,90,90,90,90,90,90,90,97,97,97,97,97,97,97,97,97,97,97,97,97,97,97,97,97,97,97,97,97,94,94,94,94,94,94,94,94,94,94],"relic_stats":{"Lee\u0027s Waffle":29,"Happy Flower":[16],"counters":[25,122],"Sundial":[10],"StoneCalendar":[104],"Champion Belt":[21],"Orichalcum":[66],"War Paint":["champ:Defend","champ:Defend"],"obtain_stats":[{"Potion Belt":28,"Ice Cream":47,"Lee\u0027s Waffle":25,"Happy Flower":43,"SacredBark":34,"Vajra":54,"champ:ChampionCrown":0,"StoneCalendar":45,"Orichalcum":9,"War Paint":25,"Sundial":44,"Coffee Dripper":17,"Champion Belt":4,"Pocketwatch":11},{"Potion Belt":11,"Ice Cream":21,"Lee\u0027s Waffle":10,"Happy Flower":18,"SacredBark":13,"Vajra":24,"champ:ChampionCrown":0,"StoneCalendar":20,"Orichalcum":4,"War Paint":10,"Sundial":19,"Coffee Dripper":7,"Champion Belt":3,"Pocketwatch":4},{"Potion Belt":38,"Ice Cream":93,"Lee\u0027s Waffle":34,"Happy Flower":74,"SacredBark":50,"Vajra":111,"champ:ChampionCrown":0,"StoneCalendar":88,"Orichalcum":13,"War Paint":34,"Sundial":81,"Coffee Dripper":23,"Champion Belt":10,"Pocketwatch":13}],"Pocketwatch":[57]},"card_choices":[{"not_picked":["champ:BladeFlurry","champ:Encircle"],"picked":"champ:FanOfKnives","floor":1.0},{"not_picked":["champ:BringItOn","champ:FalseCounter"],"picked":"champ:Haymaker","floor":2.0},{"not_picked":["champ:Circumvent","champ:FalseCounter"],"picked":"champ:StanceDance","floor":4.0},{"not_picked":["champ:BladeFlurry","champ:FanOfKnives"],"picked":"champ:GladiatorStyle","floor":7.0},{"not_picked":["champ:FanOfKnives","champ:BladeFlurry"],"picked":"champ:SteelEdge","floor":12.0},{"not_picked":["champ:Encircle","champ:FalseCounter"],"picked":"champ:IronFortress","floor":14.0},{"not_picked":["champ:StrikeOfGenius","champ:ShieldSlam"],"picked":"champ:LastStand","floor":16.0},{"not_picked":["champ:Encircle","champ:DefensiveShout","champ:CrookedStrike"],"picked":"SKIP","floor":18.0},{"not_picked":["champ:FlashCut","champ:Haymaker+1"],"picked":"champ:AdrenalArmor+1","floor":22.0},{"not_picked":["champ:CrookedStrike","champ:GladiatorsShout"],"picked":"champ:Duel","floor":23.0},{"not_picked":["champ:Encircle","champ:VampiricStrike"],"picked":"champ:CalledShot+1","floor":27.0},{"not_picked":["champ:DefensiveShout+1","champ:FlashCut+1","champ:FightOn"],"picked":"SKIP","floor":31.0},{"not_picked":["champ:ShieldSlam","champ:MurderStrike"],"picked":"champ:SteelEdge","floor":33.0},{"not_picked":["champ:FalseCounter","champ:Haymaker"],"picked":"champ:StanceDance+1","floor":35.0},{"not_picked":["champ:FaceSlap+1","champ:FlashCut","champ:BladeFlurry"],"picked":"SKIP","floor":38.0},{"not_picked":["champ:DefensiveShout","champ:DefensiveStyle"],"picked":"champ:FocusedGladiator+1","floor":39.0},{"not_picked":["champ:DeathBlow","champ:PerfectedStrike+1"],"picked":"champ:CrookedStrike+1","floor":41.0},{"not_picked":["champ:Encircle","champ:FocusedBerserking+1","champ:StrikeOfGenius"],"picked":"SKIP","floor":42.0},{"not_picked":["champ:BringItOn+1","champ:EnragedBash+1"],"picked":"champ:ShieldWall+1","floor":44.0},{"not_picked":["champ:FanOfKnives+1","champ:TornadoPunch+1"],"picked":"champ:StanceDance+1","floor":45.0},{"not_picked":["champ:BringItOn+1","champ:GutPunch"],"picked":"champ:Backstep+1","floor":47.0},{"not_picked":["champ:PerfectedStrike","champ:FocusedDefense"],"picked":"champ:AdrenalArmor+1","floor":48.0},{"not_picked":["champ:Encircle","champ:TornadoPunch+1","champ:FightOn"],"picked":"SKIP","floor":54}],"player_experience":682945,"relics_obtained":[{"floor":4.0,"key":"Champion Belt"},{"floor":9.0,"key":"Orichalcum"},{"floor":28.0,"key":"Potion Belt"},{"floor":43.0,"key":"Happy Flower"},{"floor":44.0,"key":"Sundial"},{"floor":45.0,"key":"StoneCalendar"},{"floor":47.0,"key":"Ice Cream"},{"floor":54,"key":"Vajra"}],"event_choices":[{"damage_healed":0.0,"max_hp_gain":0.0,"max_hp_loss":0.0,"gold_gain":0.0,"event_name":"Shining Light","player_choice":"Entered Light","floor":5.0,"gold_loss":0.0,"damage_taken":18.0,"cards_upgraded":["champ:Defend","champ:StanceDance"]},{"damage_healed":0.0,"max_hp_gain":0.0,"max_hp_loss":0.0,"gold_gain":0.0,"event_name":"Scrap Ooze","player_choice":"Success","floor":11.0,"gold_loss":0.0,"damage_taken":18.0,"relics_obtained":["Pocketwatch"]},{"damage_healed":22.0,"max_hp_gain":0.0,"max_hp_loss":0.0,"gold_gain":0.0,"event_name":"Mushrooms","player_choice":"Healed and dodged fight","floor":13.0,"gold_loss":0.0,"damage_taken":0.0,"cards_obtained":["Parasite"]},{"damage_healed":0.0,"max_hp_gain":0.0,"max_hp_loss":0.0,"gold_gain":0.0,"event_name":"Accursed Blacksmith","player_choice":"Forge","floor":19.0,"gold_loss":0.0,"damage_taken":0.0,"cards_upgraded":["champ:SteelEdge"]},{"damage_healed":0.0,"max_hp_gain":0.0,"max_hp_loss":0.0,"gold_gain":0.0,"event_name":"betterNote:BetterNote","player_choice":"Ignored","floor":20.0,"gold_loss":0.0,"damage_taken":0.0,"cards_obtained":["Regret"]},{"cards_removed":["champ:Defend"],"damage_healed":0.0,"max_hp_gain":0.0,"max_hp_loss":0.0,"gold_gain":0.0,"event_name":"Falling","player_choice":"Removed Skill","floor":37.0,"gold_loss":0.0,"damage_taken":0.0},{"damage_healed":0.0,"max_hp_gain":0.0,"max_hp_loss":0.0,"gold_gain":0.0,"event_name":"MindBloom","player_choice":"Fight","floor":45.0,"gold_loss":0.0,"damage_taken":0.0}],"is_beta":false,"boss_relics":[{"not_picked":["Tiny House","Busted Crown"],"picked":"Coffee Dripper"},{"not_picked":["Fusion Hammer","Sozu"],"picked":"SacredBark"}],"items_purged_floors":[3,30,36,46],"is_endless":false,"potions_floor_spawned":[1,7,14,18,27,33,38,41,47,48,54],"ascension_level":0}}