{"host":"zv753xhrtese558r","time":1608086591,"event":{"mods":["2.2 Compatiblity","AchievementEnabler","BaseMod","Bestiary","Better Match","Better Note","Better Skull","Better Third Choice","BetterRewards","Colored Map","Colored Powertips","Googly Eyes","Infinite Spire","Minty Spire (QoL Compilation)","Replay The Spire","Spicy Shops","StSLib","The Gatherer"],"gold_per_floor":[119,119,119,44,44,74,74,74,74,105,122,122,140,160,160,260,260,275,126,126,126,140,140,140,160,183,36,48,48,48,65,65,169,169,183,143,158,158,0,35,35,35,111,111,129,143,43,59,59,59],"floor_reached":51,"playtime":2455,"items_purged":[],"score":1039,"play_id":"08fe7215-6a46-47f3-b1b7-70e701813406","local_time":"20201215184311","is_ascension_mode":true,"campfire_choices":[{"data":"Eruption","floor":7.0,"key":"SMITH"},{"data":"PathToVictory","floor":12.0,"key":"SMITH"},{"data":"ClearTheMind","floor":15.0,"key":"SMITH"},{"data":"FlurryOfBlows","floor":23.0,"key":"SMITH"},{"data":"EmptyFist","floor":30,"key":"SMITH"},{"floor":32,"key":"REST"},{"data":"MentalFortress","floor":42,"key":"SMITH"},{"data":"FlyingSleeves","floor":44,"key":"SMITH"}],"circlet_count":0,"master_deck":["Strike_P","Strike_P","Defend_P","Defend_P","Defend_P","Eruption+1","Vigilance","Evaluate+1","ClearTheMind+1","PathToVictory+1","FlurryOfBlows+1","Ragnarok+1","ClearTheMind+1","DevaForm+1","Blasphemy+1","FlurryOfBlows+1","MentalFortress+1","PathToVictory+1","FlyingSleeves+1","EmptyFist+1","Consecrate+1","EmptyFist+1"],"relics":["PureWater","Ring of Peace","Ring of Fury","DollysMirror","MealTicket","infinitespire:Broken Mirror","CloakClasp","Astrolabe","Guide Book","Boot","Bag of Marbles","Black Star","Red Mask","Mummified Hand","Golden Egg","Iron Hammer"],"acts_visited":["Exordium","TheCity","TheBeyond"],"potions_floor_usage":[24,28,33,46,47,50,50,50,50],"damage_taken":[{"damage":0.0,"enemies":"Cultist","floor":1.0,"turns":2.0},{"damage":7.0,"enemies":"Lagavulin","floor":6.0,"turns":7.0},{"damage":0.0,"enemies":"Gremlin Nob","floor":10.0,"turns":3.0},{"damage":0.0,"enemies":"2 Louse","floor":11.0,"turns":2.0},{"damage":0.0,"enemies":"Jaw Worm","floor":13.0,"turns":2.0},{"damage":0.0,"enemies":"Exordium Thugs","floor":14.0,"turns":3.0},{"damage":0.0,"enemies":"Slime Boss","floor":16.0,"turns":4.0},{"damage":16.0,"enemies":"Spheric Guardian","floor":18.0,"turns":5.0},{"damage":0.0,"enemies":"Shell Parasite","floor":22.0,"turns":3.0},{"damage":0,"enemies":"Slavers","floor":24,"turns":1},{"damage":18,"enemies":"Snake Plant","floor":25,"turns":3},{"damage":9,"enemies":"3 Cultists","floor":28,"turns":4},{"damage":10,"enemies":"Centurion and Healer","floor":31,"turns":4},{"damage":0,"enemies":"Collector","floor":33,"turns":5},{"damage":6,"enemies":"3 Shapes","floor":35,"turns":2},{"damage":0,"enemies":"Orb Walker","floor":37,"turns":2},{"damage":0,"enemies":"Nemesis","floor":40,"turns":5},{"damage":0,"enemies":"Maw","floor":45,"turns":5},{"damage":0,"enemies":"Transient","floor":46,"turns":5},{"damage":7,"enemies":"Writhing Mass","floor":48,"turns":5},{"damage":70,"enemies":"Awakened One","floor":50,"turns":10}],"seed_played":"-168256271698978350","potions_obtained":[{"floor":0.0,"key":"CultistPotion"},{"floor":0.0,"key":"Explosive Potion"},{"floor":0.0,"key":"SmokeBomb"},{"floor":13.0,"key":"FairyPotion"},{"floor":31,"key":"EntropicBrew"},{"floor":40,"key":"GamblersBrew"},{"floor":48,"key":"AttackPotion"}],"is_trial":false,"path_per_floor":["M","?","?","$","?","E","R","$","T","E","M","R","M","M","R","B",null,"M","$","?","?","M","R","E","M","T","$","M","?","R","M","R","B",null,"M","?","M","AVR","?","E","?","R","T","R","M","M","$","M","R_BF","B",null],"character_chosen":"WATCHER","items_purchased":["DollysMirror","Guide Book","FlyingSleeves","DistilledChaos","Fruit Juice"],"campfire_rested":1,"item_purchase_floors":[4,19,27,27,47],"current_hp_per_floor":[72,72,72,72,72,65,65,72,72,72,72,72,72,72,72,72,72,56,71,71,71,71,71,71,53,53,68,59,59,59,49,70,70,72,66,66,66,66,66,66,66,66,66,66,66,66,77,70,77,7],"gold":59,"neow_bonus":"THREE_SMALL_POTIONS","is_daily":false,"chose_seed":false,"campfire_upgraded":7,"win_rate":0.0,"timestamp":1608086591,"path_taken":["M","?","?","$","?","E","R","?","T","E","?","R","M","M","R","BOSS","M","$","?","?","M","R","E","?","T","?","M","?","R","M","R","BOSS","M","?","?","AVR","?","E","?","R","T","R","M","?","$","M","R_BF","BOSS"],"items_purchased_type":["Relic","Relic","Card","Potion","Potion"],"build_version":"2020-12-13","purchased_purges":0,"victory":true,"max_hp_per_floor":[72,72,72,72,72,72,72,72,72,72,72,72,72,72,72,72,72,72,72,72,72,72,72,72,72,72,72,72,72,72,72,72,72,72,72,72,72,72,72,72,72,72,72,72,72,72,77,77,77,77],"card_choices":[{"not_picked":["FollowUp","Adaptation"],"picked":"Evaluate","floor":1.0},{"not_picked":["TalkToTheHand","SashWhip","ThirdEye"],"picked":"SKIP","floor":6.0},{"not_picked":["Blasphemy","Replay:AtTheReady"],"picked":"ClearTheMind","floor":10.0},{"not_picked":["DeceiveReality","WheelKick"],"picked":"PathToVictory","floor":11.0},{"not_picked":["Replay:BluntJabs","Indignation","CrushJoints"],"picked":"SKIP","floor":13.0},{"not_picked":["Study","Replay:BluntJabs"],"picked":"FlurryOfBlows","floor":14.0},{"not_picked":["SpiritShield","MasterReality"],"picked":"Ragnarok","floor":16.0},{"not_picked":["Fasting2","Study"],"picked":"FlurryOfBlows","floor":18.0},{"not_picked":["ClearTheMind","Meditate"],"picked":"MentalFortress","floor":22.0},{"not_picked":["CutThroughFate","Replay:AtTheReady"],"picked":"PathToVictory","floor":25},{"not_picked":["Weave+1","FollowUp"],"picked":"EmptyFist","floor":28},{"not_picked":["Vengeance","DeceiveReality+1"],"picked":"Consecrate+1","floor":31},{"not_picked":["FlyingSleeves+1","DeceiveReality+1"],"picked":"EmptyFist+1","floor":35},{"not_picked":["EmptyFist+1","Replay:ManipulateFuture+1","Replay:AllIn"],"picked":"SKIP","floor":37},{"not_picked":["Crescendo","CrushJoints+1","BattleHymn+1"],"picked":"SKIP","floor":40},{"not_picked":["EmptyFist+1","FollowUp","ThirdEye"],"picked":"SKIP","floor":45},{"not_picked":["CutThroughFate+1","MentalFortress+1","DeceiveReality+1"],"picked":"SKIP","floor":46},{"not_picked":["Crescendo","FollowUp","Meditate"],"picked":"SKIP","floor":48}],"player_experience":428901,"relics_obtained":[{"floor":2.0,"key":"Ring of Peace"},{"floor":2.0,"key":"Ring of Fury"},{"floor":6.0,"key":"MealTicket"},{"floor":9.0,"key":"infinitespire:Broken Mirror"},{"floor":10.0,"key":"CloakClasp"},{"floor":26,"key":"Boot"},{"floor":40,"key":"Mummified Hand"},{"floor":40,"key":"Golden Egg"},{"floor":43,"key":"Iron Hammer"}],"event_choices":[{"damage_healed":0.0,"max_hp_gain":0.0,"max_hp_loss":0.0,"gold_gain":0.0,"event_name":"Golden Wing","player_choice":"Ignored","floor":5.0,"gold_loss":0.0,"damage_taken":0.0},{"damage_healed":0.0,"max_hp_gain":0.0,"max_hp_loss":0.0,"gold_gain":0.0,"event_name":"Vampires","player_choice":"Ignored","floor":20.0,"gold_loss":0.0,"damage_taken":0.0},{"damage_healed":0.0,"max_hp_gain":0.0,"max_hp_loss":0.0,"gold_gain":0.0,"event_name":"The Woman in Blue","player_choice":"Bought 0 Potions","floor":21.0,"gold_loss":0.0,"damage_taken":0.0},{"damage_healed":0,"gold_gain":0,"player_choice":"Ignored","damage_taken":0,"max_hp_gain":0,"max_hp_loss":0,"event_name":"Ghosts","floor":29,"gold_loss":0},{"damage_healed":0,"gold_gain":0,"player_choice":"Upgrade","damage_taken":0,"max_hp_gain":0,"max_hp_loss":0,"event_name":"Designer","floor":36,"gold_loss":40,"cards_upgraded":["PathToVictory"]},{"damage_healed":0,"gold_gain":0,"player_choice":"Paid","damage_taken":0,"relics_obtained":["Red Mask"],"max_hp_gain":0,"max_hp_loss":0,"event_name":"Tomb of Lord Red Mask","floor":39,"gold_loss":158},{"cards_removed":["Strike_P"],"damage_healed":0,"gold_gain":0,"player_choice":"Purged","damage_taken":0,"max_hp_gain":0,"max_hp_loss":0,"event_name":"Purifier","floor":41,"gold_loss":0}],"is_beta":false,"boss_relics":[{"not_picked":["infinitespire:Cupcake","Painkiller Herb"],"picked":"Astrolabe"},{"not_picked":["Busted Crown","Empty Cage","Pandora\u0027s Box"]}],"items_purged_floors":[],"is_endless":false,"potions_floor_spawned":[13,14,16,24,31,40,45,48],"ascension_level":4}}