{"host":"3srbdas3e7jgqz5l","time":1608142911,"event":{"mods":["BaseMod","Downfall","Minty Spire (QoL Compilation)","StSLib","The Cursed"],"gold_per_floor":[99,124,124,124,158,176,176,193,213,239,74,85,85,20,40,40,40],"floor_reached":16,"playtime":1442,"items_purged":[],"score":120,"play_id":"249f16cd-51ee-4659-beb7-a81cb096ca08","local_time":"20201216182151","is_ascension_mode":false,"campfire_choices":[{"data":"Guardian:TwinSlam","floor":1,"key":"SMITH"},{"floor":4,"key":"REST"}],"circlet_count":0,"master_deck":["Guardian:Strike_Guardian","Guardian:Strike_Guardian+1","Guardian:Strike_Guardian","Guardian:Strike_Guardian","Guardian:Defend_Guardian","Guardian:Defend_Guardian+1","Guardian:Defend_Guardian","Guardian:Defend_Guardian","Guardian:CurlUp","Guardian:TwinSlam+1","Guardian:EvasiveProtocol+1","Regret","Guardian:Harden","Guardian:PolyBeam","Guardian:GuardianWhirl","Guardian:WalkerClaw","Guardian:EvasiveProtocol","Guardian:Gem_Orange","Guardian:Gem_Red"],"relics":["Snecko Eye","Blue Candle","Kunai","Letter Opener","Singing Bowl","Lantern"],"acts_visited":["Exordium"],"potions_floor_usage":[10,14,14,16],"damage_taken":[{"damage":26,"enemies":"Gremlin Nob","floor":2,"turns":4},{"damage":16,"enemies":"3 Sentries","floor":5,"turns":8},{"damage":1,"enemies":"Small Slimes","floor":6,"turns":3},{"damage":1,"enemies":"Jaw Worm","floor":8,"turns":4},{"damage":3,"enemies":"Cultist","floor":9,"turns":3},{"damage":29,"enemies":"Gremlin Nob","floor":10,"turns":4},{"damage":1,"enemies":"downfall:FleeingMerchant","floor":11,"turns":4},{"damage":1,"enemies":"Exordium Wildlife","floor":12,"turns":3},{"damage":1,"enemies":"downfall:FleeingMerchant","floor":14,"turns":4},{"damage":8,"enemies":"Blue Slaver","floor":15,"turns":3},{"damage":18,"enemies":"downfall:Ironclad","floor":16,"turns":6}],"seed_played":"-5333012723614850066","potions_obtained":[{"floor":2,"key":"Strength Potion"},{"floor":9,"key":"ColorlessPotion"},{"floor":10,"key":"Block Potion"}],"is_trial":false,"path_per_floor":["R","E","?","R","E","M","T","M","M","E","$","M","?","$","M","B"],"character_chosen":"GUARDIAN","items_purchased":["Guardian:Gem_Orange","PowerPotion"],"campfire_rested":1,"item_purchase_floors":[11,14],"current_hp_per_floor":[80,54,54,78,62,61,61,60,57,30,29,30,18,19,11,0,0],"gold":40,"neow_bonus":"BOSS_RELIC","is_daily":false,"chose_seed":false,"campfire_upgraded":1,"win_rate":0.0,"timestamp":1608142911,"path_taken":["R","E","?","R","E","M","T","M","M","E","$","M","?","$","M","BOSS"],"items_purchased_type":["Card","Potion"],"build_version":"2020-12-13","purchased_purges":0,"victory":false,"max_hp_per_floor":[80,80,80,80,80,80,80,80,80,82,82,84,84,86,86,86,86],"card_choices":[{"not_picked":["Guardian:DecasProtection","Guardian:Incinerate"],"picked":"Guardian:EvasiveProtocol","floor":2},{"not_picked":["Guardian:Repulse","Guardian:ChargeCore"],"picked":"Guardian:Harden","floor":5},{"not_picked":["Guardian:Recover","Guardian:ChargeCore"],"picked":"Guardian:PolyBeam","floor":6},{"not_picked":["Guardian:VentSteam","Guardian:RefractedBeam"],"picked":"Guardian:GuardianWhirl","floor":8},{"not_picked":["Guardian:ShieldCharger","Guardian:RefractedBeam"],"picked":"Guardian:WalkerClaw","floor":9},{"not_picked":["Guardian:Repulse","Guardian:ShieldCharger","Guardian:Gem_Green"],"picked":"Singing Bowl","floor":10},{"not_picked":["Guardian:Gem_Lightblue","Guardian:PiercingHide"],"picked":"Guardian:EvasiveProtocol","floor":11},{"not_picked":["Guardian:Planning","Guardian:Gem_Crimson","Guardian:PolyBeam"],"picked":"Singing Bowl","floor":12},{"not_picked":["Guardian:ChargeCore","Guardian:RefractedBeam","Guardian:Planning"],"picked":"Singing Bowl","floor":14},{"not_picked":["Guardian:Incinerate","Guardian:ShieldCharger"],"picked":"Guardian:Gem_Red","floor":15}],"player_experience":402858,"relics_obtained":[{"floor":2,"key":"Blue Candle"},{"floor":5,"key":"Kunai"},{"floor":7,"key":"Letter Opener"},{"floor":10,"key":"Singing Bowl"}],"event_choices":[{"damage_healed":0,"gold_gain":0,"player_choice":"Success","damage_taken":12,"relics_obtained":["Lantern"],"max_hp_gain":0,"max_hp_loss":0,"event_name":"Scrap Ooze","floor":13,"gold_loss":0}],"is_beta":false,"boss_relics":[],"items_purged_floors":[],"is_endless":false,"potions_floor_spawned":[2,9,10],"killed_by":"downfall:Ironclad","ascension_level":0}}