{"host":"lctcqud4f9t1q6q5","time":1608127521,"event":{"mods":["BaseMod","Better Vampires","Block Reminder","Colored Map","Colored Powertips","Downfall","Highlight Path","KinomotoSakuraMod(木之本樱)","Lobotomy","LobotomyExtend","Marisa（F雨　魔理沙）","Minty Spire (QoL Compilation)","Quick Restart","Reimu（博丽灵梦）","Relic Stats","Replay The Spire","RumiaBox-露米娅的神秘盒子","Shop Mod","Spicy Shops","StSLib","TestMod","The Bug Knight","Thieving Mod","WarShipGirlsR/战舰少女R mod","vexMod","【功能Mod】混沌之环修复补丁","篝火指南"],"gold_per_floor":[115,125,125,145,159,192,203,203,203,236,251,1,1,28,28,132,132,146,158,158,170,183,208,208,208,235,260,272,299,341,365,377,488,500,524,116,116,127,137,137,51,83,164,196,43,71,71,121,121,121,121,121,50,76,90],"floor_reached":56,"playtime":3148,"items_purged":["Strike_P","LessonLearned"],"score":1575,"play_id":"a29b8e9b-9801-45cc-b90f-206dc8370fd4","local_time":"20201216220521","is_ascension_mode":true,"campfire_choices":[{"data":"Eruption","floor":8.0,"key":"SMITH"},{"floor":13.0,"key":"RECALL"},{"floor":15.0,"key":"REST"},{"data":"DevaForm","floor":24.0,"key":"SMITH"},{"data":"RitualDagger","floor":40,"key":"SMITH"},{"data":"FlurryOfBlows","floor":49,"key":"SMITH"},{"data":"MentalFortress","floor":52,"key":"SMITH"}],"circlet_count":0,"master_deck":["Strike_P+1","Strike_P","Strike_P+1","Defend_P+1","Defend_P","Defend_P","Eruption+1","Vigilance","WreathOfFlame+1","Conclude+1","FlurryOfBlows+1","Replay:Hum+1","Ragnarok+1","DevaForm+1","Collect+1","Replay:Battleflow+1","RitualDagger+1","Perseverance+1","Indignation","Crescendo+1","MentalFortress+1","Study+1"],"relics":["PureWater","testmod-TestBox","testmod-Fanaticism","LetterFromLob","RedMistMask","ReplayFunnel","GodSword6","testmod-SaigiyounoYou","Bronze Scales","Replay:Bronze Core","vexMod:Cooldron","MerchantsRug","Question Card","Onion Ring","Bag of Marbles","The Courier","PreservedInsect","GodSword4","Omamori","testmod-LifeArmor","Replay:Bandana"],"acts_visited":["Exordium","TheCity","TheBeyond","TheEnding"],"potions_floor_usage":[45,50,50,50,54,55,55,55],"damage_taken":[{"damage":2.0,"enemies":"2 Louse","floor":1.0,"turns":3.0},{"damage":16.0,"enemies":"Jaw Worm","floor":2.0,"turns":2.0},{"damage":10.0,"enemies":"Small Slimes","floor":4.0,"turns":3.0},{"damage":9.0,"enemies":"Red Slaver","floor":5.0,"turns":2.0},{"damage":5.0,"enemies":"3 Sentries","floor":6.0,"turns":2.0},{"damage":3.0,"enemies":"Exordium Thugs","floor":7.0,"turns":2.0},{"damage":0.0,"enemies":"Lagavulin","floor":10.0,"turns":2.0},{"damage":13.0,"enemies":"Blue Slaver","floor":11.0,"turns":2.0},{"damage":28.0,"enemies":"3 Sentries","floor":14.0,"turns":3.0},{"damage":16.0,"enemies":"Hexaghost","floor":16.0,"turns":3.0},{"damage":35.0,"enemies":"2 Thieves","floor":18.0,"turns":3.0},{"damage":90.0,"enemies":"3 Byrds","floor":19.0,"turns":4.0},{"damage":30.0,"enemies":"Snecko","floor":21.0,"turns":4.0},{"damage":0.0,"enemies":"3 Cultists","floor":22.0,"turns":2.0},{"damage":62.0,"enemies":"Gremlin Leader","floor":23.0,"turns":4.0},{"damage":25.0,"enemies":"Chosen and Byrds","floor":27.0,"turns":4.0},{"damage":36.0,"enemies":"Snake Plant","floor":29.0,"turns":2.0},{"damage":55.0,"enemies":"Book of Stabbing","floor":30.0,"turns":4.0},{"damage":72.0,"enemies":"Shelled Parasite and Fungi","floor":31.0,"turns":4.0},{"damage":63.0,"enemies":"Champ","floor":33.0,"turns":5.0},{"damage":10.0,"enemies":"3 Shapes","floor":35.0,"turns":2.0},{"damage":0,"enemies":"3 Darklings","floor":38,"turns":2},{"damage":27,"enemies":"Writhing Mass","floor":39,"turns":2},{"damage":14,"enemies":"HollowMod:StalkingDevout","floor":42,"turns":5},{"damage":33,"enemies":"R_Hoarder","floor":44,"turns":7},{"damage":17,"enemies":"Giant Head","floor":46,"turns":6},{"damage":26,"enemies":"Mind Bloom Boss Battle","floor":48,"turns":5},{"damage":42,"enemies":"Time Eater","floor":50,"turns":5},{"damage":42,"enemies":"Shield and Spear","floor":54,"turns":5},{"damage":83,"enemies":"The Heart","floor":55,"turns":8}],"seed_played":"-2415928197293196702","potions_obtained":[{"floor":2.0,"key":"GrandPatriotsElixir:ReiMu"},{"floor":4.0,"key":"Toxic Potion"},{"floor":5.0,"key":"SkillPotion"},{"floor":19.0,"key":"Regen Potion"},{"floor":27.0,"key":"Venom Potion"},{"floor":31.0,"key":"SteroidPotion"},{"floor":44,"key":"EntropicBrew"},{"floor":46,"key":"EntropicBrew"}],"is_trial":false,"path_per_floor":["M","M","?","M","M","E","M","R","T","E","M","$","R","E","R","B",null,"M","M","?","M","M","E","R","?","T","M","?","M","E","M","R_BF","B",null,"M","$","T","M","M","R","$","E","T","E","R","E","?","?","R","B",null,"R","$","E","B",null],"character_chosen":"WATCHER","items_purchased":["GodSword6","vexMod:Cooldron","MerchantsRug","Strawberry","MentalFortress","Onion Ring","GodSword4","testmod-LifeArmor","EntropicBrew"],"campfire_rested":1,"item_purchase_floors":[12,36,36,36,36,41,45,53,53],"current_hp_per_floor":[77,69,53,45,36,34,32,32,32,32,31,31,31,17,40,33,79,77,79,79,62,68,79,79,73,73,79,79,73,76,68,68,79,79,79,86,86,86,75,75,75,82,82,86,86,86,86,86,86,86,86,86,86,86,86],"gold":90,"neow_bonus":"TEN_PERCENT_HP_BONUS","is_daily":false,"chose_seed":false,"campfire_upgraded":5,"win_rate":0.0,"timestamp":1608127521,"path_taken":["M","M","?","M","M","E","M","R","T","E","M","$","R","E","R","BOSS","M","M","?","M","M","E","R","?","T","M","?","M","E","M","R_BF","BOSS","M","?","?","M","M","R","$","E","T","E","R","E","?","?","R","BOSS","R","$","E","BOSS"],"items_purchased_type":["Relic","Relic","Relic","Relic","Card","Relic","Relic","Relic","Potion"],"build_version":"2020-12-13","purchased_purges":2,"victory":true,"max_hp_per_floor":[79,79,79,79,79,79,79,79,79,79,79,79,79,79,79,79,79,79,79,79,79,79,79,79,79,79,79,79,79,79,79,79,79,79,79,86,86,86,86,86,86,86,86,86,86,86,86,86,86,86,86,86,86,86,86],"relic_stats":{"counters":[30,107],"Bronze Scales":[272],"PreservedInsect":222,"Question Card":8,"obtain_stats":[{"ReplayFunnel":6,"testmod-LifeArmor":53,"testmod-Fanaticism":0,"Replay:Bandana":54,"Replay:Bronze Core":34,"Strawberry":36,"MerchantsRug":36,"testmod-TestBox":0,"Blue Candle":14,"The Courier":43,"PreservedInsect":44,"Omamori":46,"testmod-SaigiyounoYou":17,"MawBank":26,"Question Card":37,"vexMod:Cooldron":36,"Bronze Scales":23,"Simple Rune":30,"Onion Ring":41,"RedMistMask":4,"LetterFromLob":1,"GodSword6":12,"Bag of Marbles":42,"PureWater":0,"GodSword4":45,"Unceasing Top":10},{"ReplayFunnel":5,"testmod-LifeArmor":28,"testmod-Fanaticism":0,"Replay:Bandana":29,"Replay:Bronze Core":20,"Strawberry":21,"MerchantsRug":21,"testmod-TestBox":0,"Blue Candle":9,"The Courier":24,"PreservedInsect":25,"Omamori":26,"testmod-SaigiyounoYou":10,"MawBank":15,"Question Card":21,"vexMod:Cooldron":21,"Bronze Scales":15,"Simple Rune":18,"Onion Ring":23,"RedMistMask":3,"LetterFromLob":1,"GodSword6":8,"Bag of Marbles":24,"PureWater":0,"GodSword4":25,"Unceasing Top":7},{"ReplayFunnel":12,"testmod-LifeArmor":94,"testmod-Fanaticism":0,"Replay:Bandana":99,"Replay:Bronze Core":60,"Strawberry":62,"MerchantsRug":62,"testmod-TestBox":0,"Blue Candle":21,"The Courier":71,"PreservedInsect":78,"Omamori":84,"testmod-SaigiyounoYou":24,"MawBank":41,"Question Card":62,"vexMod:Cooldron":62,"Bronze Scales":41,"Simple Rune":51,"Onion Ring":66,"RedMistMask":8,"LetterFromLob":3,"GodSword6":18,"Bag of Marbles":71,"PureWater":0,"GodSword4":78,"Unceasing Top":16}]},"card_choices":[{"not_picked":["FlyingSleeves","Consecrate"],"picked":"WreathOfFlame","floor":1.0},{"not_picked":["Swivel","Crescendo"],"picked":"Conclude","floor":2.0},{"not_picked":["CrushJoints","WheelKick","Replay:BluntJabs"],"picked":"SKIP","floor":4.0},{"not_picked":["EmptyBody","LikeWater"],"picked":"FlurryOfBlows","floor":5.0},{"not_picked":["Replay:ManipulateFuture","Prostrate"],"picked":"Replay:Hum","floor":6.0},{"not_picked":["FlyingSleeves","CrushJoints","EmptyBody"],"picked":"SKIP","floor":7.0},{"not_picked":["BowlingBash","Evaluate","CutThroughFate"],"picked":"SKIP","floor":10.0},{"not_picked":["Weave","CarveReality"],"picked":"LessonLearned","floor":11.0},{"not_picked":["SignatureMove","Replay:Cycle"],"picked":"Ragnarok","floor":14.0},{"not_picked":["SpiritShield","Brilliance"],"picked":"DevaForm","floor":16.0},{"not_picked":["Replay:BluntJabs","Conclude"],"picked":"Collect+1","floor":18.0},{"not_picked":["FollowUp+1","EmptyFist","EmptyBody+1"],"picked":"SKIP","floor":19.0},{"not_picked":["LikeWater","Evaluate"],"picked":"Replay:Battleflow","floor":21.0},{"not_picked":["BowlingBash+1","SashWhip","ThirdEye"],"picked":"SKIP","floor":22.0},{"not_picked":["ThirdEye","CrushJoints+1","BowlingBash+1"],"picked":"SKIP","floor":23.0},{"not_picked":["Worship","Meditate","FlurryOfBlows"],"picked":"SKIP","floor":27.0},{"not_picked":["Indignation","MasterReality","CrushJoints"],"picked":"SKIP","floor":29.0},{"not_picked":["BowlingBash","Replay:BluntJabs"],"picked":"Perseverance+1","floor":30.0},{"not_picked":["Replay:ManipulateFuture","ClearTheMind","WaveOfTheHand"],"picked":"SKIP","floor":31.0},{"not_picked":["Vengeance+1","EmptyBody"],"picked":"Crescendo+1","floor":35.0},{"not_picked":["Swivel+1","Replay:AtTheReady","FollowUp","EmptyMind"],"picked":"SKIP","floor":38},{"not_picked":["ClearTheMind","BowlingBash","BattleHymn+1","ThirdEye"],"picked":"SKIP","floor":39},{"not_picked":["EmptyBody","Halt+1","SandsOfTime+1","Alpha"],"picked":"SKIP","floor":42},{"not_picked":["Sanctity","ReachHeaven","Weave","EmptyMind"],"picked":"SKIP","floor":44},{"not_picked":["Replay:ManipulateFuture+1","Consecrate","Replay:BluntJabs","EmptyFist"],"picked":"SKIP","floor":46},{"not_picked":["JustLucky","Replay:AtTheReady","Sanctity+1"],"picked":"Study+1","floor":48},{"not_picked":["Collect","Weave","Replay:ManipulateFuture+1","Indignation"],"picked":"SKIP","floor":54}],"player_experience":338954,"relics_obtained":[{"floor":1.0,"key":"LetterFromLob"},{"floor":4.0,"key":"RedMistMask"},{"floor":6.0,"key":"ReplayFunnel"},{"floor":10.0,"key":"Unceasing Top"},{"floor":14.0,"key":"Blue Candle"},{"floor":23.0,"key":"Bronze Scales"},{"floor":26.0,"key":"MawBank"},{"floor":30.0,"key":"Simple Rune"},{"floor":37,"key":"Question Card"},{"floor":42,"key":"Bag of Marbles"},{"floor":43,"key":"The Courier"},{"floor":44,"key":"PreservedInsect"},{"floor":46,"key":"Omamori"},{"floor":54,"key":"Replay:Bandana"}],"event_choices":[{"damage_healed":0.0,"max_hp_gain":0.0,"max_hp_loss":0.0,"gold_gain":0.0,"event_name":"Shining Light","player_choice":"Entered Light","floor":3.0,"gold_loss":0.0,"damage_taken":16.0,"cards_upgraded":["WreathOfFlame","Conclude"]},{"damage_healed":0.0,"max_hp_gain":0.0,"max_hp_loss":0.0,"gold_gain":0.0,"event_name":"Nest","player_choice":"Joined the Cult","floor":25.0,"gold_loss":0.0,"damage_taken":6.0,"cards_obtained":["RitualDagger"]},{"damage_healed":0.0,"max_hp_gain":0.0,"max_hp_loss":0.0,"gold_gain":0.0,"event_name":"Match and Keep!","player_choice":"0 cards matched","floor":28.0,"gold_loss":0.0,"damage_taken":0.0,"cards_obtained":[]},{"damage_healed":0,"gold_gain":0,"player_choice":"Memory 1","damage_taken":0,"max_hp_gain":0,"max_hp_loss":0,"event_name":"SensoryStone","floor":47,"gold_loss":0},{"damage_healed":0,"gold_gain":0,"player_choice":"Fight","damage_taken":0,"max_hp_gain":0,"max_hp_loss":0,"event_name":"MindBloom","floor":48,"gold_loss":0}],"is_beta":false,"boss_relics":[{"not_picked":["Replay:Wanted Poster","Honey Jar"],"picked":"testmod-SaigiyounoYou"},{"not_picked":["SacredBark","Sozu"],"picked":"Replay:Bronze Core"}],"items_purged_floors":[36,53],"is_endless":false,"potions_floor_spawned":[2,4,5,7,19,27,30,31,35,44,46],"ascension_level":3}}