{"host":"bznrw1tuv4hzt226","time":1608114621,"event":{"mods":["BaseMod","Colored Map","Friendly Minions","Highlight Path","Minty Spire (QoL Compilation)","Permanent Neow","Relic Stats","Slay-I","StSLib","SuperFastMode"],"gold_per_floor":[110,110,110,130,130,130,52,52,52,52,72,72,96,139,139,258,258,278,278,322,322,119,119,135,153,153,278,317,170,170,189,189,314,314,338,671,690,912,962,962,994,1008,1008,1008,1008,1020,1031,1064,1064,1064],"floor_reached":51,"playtime":3159,"items_purged":["Stack"],"score":886,"play_id":"14acb6ff-7419-49a4-b45b-84e4e89ad226","local_time":"20201216193021","is_ascension_mode":true,"campfire_choices":[{"data":"Hologram","floor":6.0,"key":"SMITH"},{"data":"Defragment","floor":10.0,"key":"SMITH"},{"data":"Gash","floor":12.0,"key":"SMITH"},{"data":"Go for the Eyes","floor":15.0,"key":"SMITH"},{"data":"Fusion","floor":23.0,"key":"SMITH"},{"data":"Defragment","floor":30.0,"key":"SMITH"},{"floor":32.0,"key":"REST"},{"data":"Heatsinks","floor":40.0,"key":"SMITH"},{"data":"White Noise","floor":44.0,"key":"SMITH"},{"data":"White Noise","floor":49.0,"key":"SMITH"}],"circlet_count":0,"master_deck":["Zap","Dualcast","Glacier","Hologram+1","Gash+1","Defragment+1","Gash","Go for the Eyes+1","Echo Form","Aggregate","Rip and Tear","White Noise+1","Heatsinks+1","Electrodynamics","White Noise+1","Fusion+1","Chill+1","Leap","Conserve Battery","Defragment+1","Leap","Glacier+1","Defragment+1","Glacier+1","Steam+1","Turbo+1","Loop+1","Recycle+1","Coolheaded+1"],"relics":["Cracked Core","Mercury Hourglass","Bottled Tornado","Juzu Bracelet","Pandora\u0027s Box","Red Mask","Centennial Puzzle","OrangePellets","Strawberry","Dead Branch","Sundial","Torii","Cursed Key","StoneCalendar","DataDisk","Kunai"],"acts_visited":["Exordium","TheCity","TheBeyond"],"potions_floor_usage":[50,50],"damage_taken":[{"damage":0.0,"enemies":"Small Slimes","floor":1.0,"turns":2.0},{"damage":0.0,"enemies":"2 Louse","floor":4.0,"turns":4.0},{"damage":0.0,"enemies":"Jaw Worm","floor":11.0,"turns":3.0},{"damage":1.0,"enemies":"Exordium Wildlife","floor":13.0,"turns":3.0},{"damage":0.0,"enemies":"Lagavulin","floor":14.0,"turns":6.0},{"damage":3.0,"enemies":"Hexaghost","floor":16.0,"turns":9.0},{"damage":17.0,"enemies":"Shell Parasite","floor":18.0,"turns":5.0},{"damage":6.0,"enemies":"Masked Bandits","floor":20.0,"turns":3.0},{"damage":6.0,"enemies":"Spheric Guardian","floor":24.0,"turns":4.0},{"damage":7.0,"enemies":"Snake Plant","floor":25.0,"turns":5.0},{"damage":3.0,"enemies":"Colosseum Slavers","floor":27.0,"turns":4.0},{"damage":8.0,"enemies":"Colosseum Nobs","floor":27.0,"turns":5.0},{"damage":2.0,"enemies":"Slavers","floor":28.0,"turns":5.0},{"damage":0.0,"enemies":"Shelled Parasite and Fungi","floor":31.0,"turns":6.0},{"damage":0.0,"enemies":"Champ","floor":33.0,"turns":13.0},{"damage":0.0,"enemies":"Orb Walker","floor":35.0,"turns":2.0},{"damage":0.0,"enemies":"3 Shapes","floor":37.0,"turns":4.0},{"damage":15.0,"enemies":"2 Orb Walkers","floor":39.0,"turns":5.0},{"damage":3.0,"enemies":"Nemesis","floor":41.0,"turns":7.0},{"damage":2.0,"enemies":"Writhing Mass","floor":42.0,"turns":7.0},{"damage":0.0,"enemies":"Maw","floor":46.0,"turns":9.0},{"damage":0.0,"enemies":"Jaw Worm Horde","floor":47.0,"turns":5.0},{"damage":1.0,"enemies":"Giant Head","floor":48.0,"turns":8.0},{"damage":0,"enemies":"Time Eater","floor":50,"turns":10}],"seed_played":"-586857562223643835","potions_obtained":[{"floor":1.0,"key":"DistilledChaos"},{"floor":4.0,"key":"Dexterity Potion"},{"floor":11.0,"key":"Swift Potion"},{"floor":27.0,"key":"Fruit Juice"},{"floor":28.0,"key":"Regen Potion"},{"floor":35.0,"key":"SteroidPotion"},{"floor":39.0,"key":"FocusPotion"},{"floor":42.0,"key":"Swift Potion"},{"floor":47.0,"key":"Weak Potion"}],"is_trial":false,"path_per_floor":["M","?","?","M","?","R","$","?","T","R","M","R","M","E","R","B",null,"M","?","?","T","$","R","M","M","T","?","E","$","R","M","R","B",null,"M","?","M","?","?","R","E","M","T","R","?","M","M","E","R","B",null],"character_chosen":"DEFECT","items_purchased":["Defragment","Leap","OrangePellets","Defragment"],"campfire_rested":1,"item_purchase_floors":[7,22,22,29],"current_hp_per_floor":[75,80,60,60,60,60,60,35,35,35,35,35,34,34,34,31,80,63,63,57,57,57,57,51,44,51,45,43,43,43,43,70,85,92,92,92,92,92,77,77,74,72,72,72,72,72,72,71,71,71],"gold":1064,"neow_bonus":"THREE_CARDS","is_daily":false,"chose_seed":false,"campfire_upgraded":9,"win_rate":0.0,"timestamp":1608114621,"path_taken":["M","?","?","M","?","R","$","?","T","R","M","R","M","E","R","BOSS","M","?","?","?","$","R","M","M","T","?","E","$","R","M","R","BOSS","M","?","M","?","?","R","E","M","T","R","?","M","M","E","R","BOSS"],"items_purchased_type":["Card","Card","Relic","Card"],"build_version":"2020-12-13","purchased_purges":1,"victory":true,"max_hp_per_floor":[75,80,80,80,80,80,80,80,80,80,80,80,80,80,80,80,80,80,80,80,80,80,80,80,80,87,92,92,92,92,92,92,92,92,92,92,92,92,92,92,92,92,92,92,87,87,87,87,87,87],"relic_stats":{"Torii":11,"counters":[24,133],"Dead Branch":[48],"StoneCalendar":[190],"Juzu Bracelet":1,"Cursed Key":0,"Mercury Hourglass":[372],"OrangePellets":[27],"Centennial Puzzle":[27],"Sundial":[12],"Pandora\u0027s Box":["Aggregate","Stack","Rip and Tear","White Noise","Heatsinks","Electrodynamics","White Noise","Fusion"],"Kunai":[1],"obtain_stats":[{"Torii":28,"Golden Idol":3,"Dead Branch":27,"StoneCalendar":39,"Juzu Bracelet":14,"Bottled Tornado":9,"Cursed Key":34,"Mercury Hourglass":8,"OrangePellets":22,"Centennial Puzzle":21,"DataDisk":41,"Sundial":27,"Strawberry":26,"Pandora\u0027s Box":17,"Red Mask":20,"Kunai":48,"Cracked Core":0},{"Torii":13,"Golden Idol":1,"Dead Branch":12,"StoneCalendar":18,"Juzu Bracelet":5,"Bottled Tornado":2,"Cursed Key":15,"Mercury Hourglass":2,"OrangePellets":8,"Centennial Puzzle":8,"DataDisk":19,"Sundial":12,"Strawberry":10,"Pandora\u0027s Box":6,"Red Mask":8,"Kunai":23,"Cracked Core":0},{"Torii":57,"Golden Idol":2,"Dead Branch":52,"StoneCalendar":87,"Juzu Bracelet":18,"Bottled Tornado":6,"Cursed Key":76,"Mercury Hourglass":6,"OrangePellets":35,"Centennial Puzzle":35,"DataDisk":94,"Sundial":52,"Strawberry":43,"Pandora\u0027s Box":27,"Red Mask":35,"Kunai":123,"Cracked Core":0}]},"card_choices":[{"not_picked":["Conserve Battery","Turbo"],"picked":"Glacier","floor":0.0},{"not_picked":["Sweeping Beam","Stack"],"picked":"Hologram","floor":1.0},{"not_picked":["Turbo","Tempest"],"picked":"Gash","floor":4.0},{"not_picked":["Beam Cell","Turbo"],"picked":"Gash","floor":11.0},{"not_picked":["Redo","Compile Driver","Cold Snap"],"picked":"SKIP","floor":13.0},{"not_picked":["Ball Lightning","Buffer"],"picked":"Go for the Eyes","floor":14.0},{"not_picked":["Creative AI","Amplify"],"picked":"Echo Form","floor":16.0},{"not_picked":["Fusion","Gash+1","Double Energy"],"picked":"SKIP","floor":18.0},{"not_picked":["Doom and Gloom+1","Recycle+1"],"picked":"Chill+1","floor":20.0},{"not_picked":["Leap","Redo+1"],"picked":"Conserve Battery","floor":24.0},{"not_picked":["Stack","Beam Cell+1"],"picked":"Defragment+1","floor":25.0},{"not_picked":["Gash","Go for the Eyes"],"picked":"Leap","floor":27.0},{"not_picked":["Steam Power","Hyperbeam"],"picked":"Glacier+1","floor":28.0},{"not_picked":["Beam Cell","Cold Snap+1"],"picked":"Glacier+1","floor":31.0},{"not_picked":["Steam+1","FTL+1","Blizzard"],"picked":"SKIP","floor":35.0},{"not_picked":["FTL+1","Blizzard"],"picked":"Steam+1","floor":35.0},{"not_picked":["Ball Lightning+1","Reprogram+1"],"picked":"Turbo+1","floor":37.0},{"not_picked":["Static Discharge+1","Beam Cell+1","Chill"],"picked":"SKIP","floor":41.0},{"not_picked":["Leap","Lockon+1"],"picked":"Loop+1","floor":42.0},{"not_picked":["Gash","Turbo"],"picked":"Recycle+1","floor":46.0},{"not_picked":["Compile Driver","Leap+1","BootSequence"],"picked":"SKIP","floor":47.0},{"not_picked":["Double Energy+1","Electrodynamics"],"picked":"Coolheaded+1","floor":48.0}],"player_experience":536809,"relics_obtained":[{"floor":9.0,"key":"Bottled Tornado"},{"floor":14.0,"key":"Juzu Bracelet"},{"floor":20.0,"key":"Red Mask"},{"floor":21.0,"key":"Centennial Puzzle"},{"floor":26.0,"key":"Strawberry"},{"floor":27.0,"key":"Dead Branch"},{"floor":27.0,"key":"Sundial"},{"floor":28.0,"key":"Torii"},{"floor":39.0,"key":"StoneCalendar"},{"floor":41.0,"key":"DataDisk"},{"floor":48.0,"key":"Kunai"}],"event_choices":[{"damage_healed":0.0,"max_hp_gain":5.0,"max_hp_loss":0.0,"gold_gain":0.0,"event_name":"Big Fish","player_choice":"Donut","floor":2.0,"gold_loss":0.0,"damage_taken":0.0},{"damage_healed":0.0,"max_hp_gain":0.0,"max_hp_loss":0.0,"gold_gain":0.0,"event_name":"Golden Idol","player_choice":"Take Damage","floor":3.0,"gold_loss":0.0,"damage_taken":20.0,"relics_obtained":["Golden Idol"]},{"damage_healed":0.0,"max_hp_gain":0.0,"max_hp_loss":0.0,"gold_gain":0.0,"event_name":"Liars Game","player_choice":"Ignored","floor":5.0,"gold_loss":0.0,"damage_taken":0.0},{"damage_healed":0.0,"max_hp_gain":0.0,"max_hp_loss":0.0,"gold_gain":0.0,"event_name":"Scrap Ooze","player_choice":"Success","floor":8.0,"gold_loss":0.0,"damage_taken":25.0,"relics_obtained":["Mercury Hourglass"]},{"damage_healed":0.0,"max_hp_gain":0.0,"max_hp_loss":0.0,"gold_gain":0.0,"event_name":"Ghosts","player_choice":"Ignored","floor":19.0,"gold_loss":0.0,"damage_taken":0.0},{"damage_healed":0.0,"max_hp_gain":0.0,"max_hp_loss":0.0,"gold_gain":0.0,"event_name":"Masked Bandits","player_choice":"Fought Bandits","floor":20.0,"gold_loss":0.0,"damage_taken":0.0},{"damage_healed":0.0,"max_hp_gain":0.0,"max_hp_loss":0.0,"gold_gain":0.0,"event_name":"Colosseum","player_choice":"Fight","floor":27.0,"gold_loss":0.0,"damage_taken":0.0},{"damage_healed":0.0,"max_hp_gain":0.0,"max_hp_loss":0.0,"gold_gain":0.0,"event_name":"Colosseum","player_choice":"Fought Nobs","floor":27.0,"gold_loss":0.0,"damage_taken":0.0},{"damage_healed":0.0,"max_hp_gain":0.0,"max_hp_loss":0.0,"gold_gain":333.0,"event_name":"The Moai Head","player_choice":"Gave Idol","floor":36.0,"relics_lost":["Golden Idol"],"gold_loss":0.0,"damage_taken":0.0},{"damage_healed":0.0,"max_hp_gain":0.0,"max_hp_loss":0.0,"gold_gain":222.0,"event_name":"Tomb of Lord Red Mask","player_choice":"Wore Mask","floor":38.0,"gold_loss":0.0,"damage_taken":0.0},{"damage_healed":0.0,"max_hp_gain":0.0,"max_hp_loss":0.0,"gold_gain":0.0,"event_name":"Mysterious Sphere","player_choice":"Fight","floor":39.0,"gold_loss":0.0,"damage_taken":0.0},{"damage_healed":0.0,"max_hp_gain":0.0,"max_hp_loss":5.0,"gold_gain":0.0,"event_name":"Winding Halls","player_choice":"Max HP","floor":45.0,"gold_loss":0.0,"damage_taken":0.0}],"is_beta":false,"boss_relics":[{"not_picked":["Ectoplasm","Velvet Choker"],"picked":"Pandora\u0027s Box"},{"not_picked":["SlaversCollar","Busted Crown"],"picked":"Cursed Key"}],"items_purged_floors":[29],"is_endless":false,"potions_floor_spawned":[1,4,11,14,27,27,28,35,39,42,47],"ascension_level":1}}