{"host":"25hwxgnshg5vqzox","time":1608155726,"event":{"mods":["BaseMod","Colored Map","Downfall","Googly Eyes","Highlight Path","Minty Spire (QoL Compilation)","Replay The Spire","StSLib"],"gold_per_floor":[99,99,126,126,126,126,126,155,5,25,35,35,20,40,55,150,150,150,162,192,192,192,192,243,243,276,201,5,24,24,9,29,124,124,204,204,220,21,34,34,59,59,73,73,173,191,202,202,202,202,213,213,213,213,213],"floor_reached":54,"playtime":3655,"items_purged":[],"score":731,"play_id":"c55176d6-0519-430e-9c38-f57a6f845060","local_time":"20201216215526","is_ascension_mode":false,"campfire_choices":[{"floor":1,"key":"RECALL"},{"data":"Guardian:TwinSlam","floor":9,"key":"SMITH"},{"data":"Guardian:TimeBomb","floor":18,"key":"SMITH"},{"floor":23,"key":"REST"},{"data":"Guardian:BronzeOrb","floor":25,"key":"SMITH"},{"data":"Guardian:RollAttack","floor":27,"key":"SMITH"},{"data":"Guardian:BaubleBeam","floor":40,"key":"SMITH"},{"data":"Guardian:WalkerClaw","floor":42,"key":"SMITH"},{"data":"Guardian:FastForward","floor":44,"key":"SMITH"}],"circlet_count":0,"master_deck":["Guardian:Strike_Guardian","Guardian:Strike_Guardian","Guardian:Strike_Guardian+1","Guardian:Defend_Guardian","Guardian:Defend_Guardian","Guardian:Defend_Guardian+1","Guardian:Defend_Guardian+1","Guardian:CurlUp","Guardian:TwinSlam+1","Guardian:Reroute","Guardian:StasisStrike","Guardian:ShieldSpikes+1","Guardian:TemporalStrike","Guardian:SpikerProtocol","Guardian:RollAttack+1","Guardian:TimeBomb+1","Guardian:BaubleBeam+1","Guardian:FastForward+1","Guardian:BronzeOrb","Guardian:BronzeOrb","Guardian:BronzeOrb+1","Guardian:ShieldSpikes","Guardian:TimeCapacitor","Guardian:WalkerClaw+1","Guardian:TimeSifter","Guardian:GuardianWhirl","Guardian:TemporalShield+1","Guardian:ShieldCharger"],"relics":["Guardian:ModeShifter","downfall:HeartsMalice","Shuriken","Divine Protection","Dream Catcher","downfall:HeartBlessingRed","downfall:HeartBlessingBlue","Black Star","Pen Nib","Strawberry","MutagenicStrength","Replay:Mystery Machine","War Paint","Snack Pack","downfall:HeartBlessingGreen","Bronze Scales","Busted Crown","Guardian:BottledStasis","Bottled Tornado","Potion Belt","Nunchaku","downfall:GremlinWheel"],"acts_visited":["Exordium","TheCity","TheBeyond","TheEnding"],"potions_floor_usage":[26,33,51,52,52,52,52,52,52,52,54,54],"damage_taken":[{"damage":0,"enemies":"Gremlin Nob","floor":3,"turns":1},{"damage":0,"enemies":"Jaw Worm","floor":5,"turns":1},{"damage":0,"enemies":"Cultist","floor":6,"turns":1},{"damage":13,"enemies":"Lagavulin","floor":8,"turns":7},{"damage":0,"enemies":"Small Slimes","floor":10,"turns":4},{"damage":0,"enemies":"Blue Slaver","floor":11,"turns":3},{"damage":0,"enemies":"downfall:FleeingMerchant","floor":13,"turns":4},{"damage":0,"enemies":"3 Louse","floor":14,"turns":1},{"damage":6,"enemies":"Lots of Slimes","floor":15,"turns":3},{"damage":39,"enemies":"downfall:Silent","floor":16,"turns":10},{"damage":0,"enemies":"3 Byrds","floor":19,"turns":3},{"damage":25,"enemies":"Slavers","floor":20,"turns":5},{"damage":16,"enemies":"Replay:Snechameleon","floor":26,"turns":8},{"damage":0,"enemies":"downfall:FleeingMerchant","floor":28,"turns":4},{"damage":0,"enemies":"Chosen","floor":29,"turns":2},{"damage":6,"enemies":"downfall:FleeingMerchant","floor":31,"turns":4},{"damage":7,"enemies":"Sentry and Sphere","floor":32,"turns":3},{"damage":59,"enemies":"downfall:Watcher","floor":33,"turns":7},{"damage":5,"enemies":"3 Darklings","floor":37,"turns":5},{"damage":0,"enemies":"downfall:FleeingMerchant","floor":38,"turns":4},{"damage":0,"enemies":"Orb Walker","floor":39,"turns":3},{"damage":0,"enemies":"Sphere and 2 Shapes","floor":43,"turns":2},{"damage":0,"enemies":"Sphere and 2 Shapes","floor":45,"turns":3},{"damage":0,"enemies":"Jaw Worm Horde","floor":46,"turns":2},{"damage":0,"enemies":"Spire Growth","floor":47,"turns":4},{"damage":20,"enemies":"Transient","floor":51,"turns":5},{"damage":11,"enemies":"downfall:Defect","floor":52,"turns":9},{"damage":108,"enemies":"downfall:CharBossMerchant","floor":54,"turns":10}],"seed_played":"-6468394368348053492","potions_obtained":[{"floor":8,"key":"SkillPotion"},{"floor":10,"key":"Strength Potion"},{"floor":11,"key":"EssenceOfSteel"},{"floor":15,"key":"Adrenaline Potion"},{"floor":29,"key":"champ:CounterPotion"},{"floor":33,"key":"Dexterity Potion"},{"floor":36,"key":"EntropicBrew"},{"floor":36,"key":"PowerPotion"},{"floor":43,"key":"Strength Potion"},{"floor":45,"key":"Weak Potion"},{"floor":47,"key":"Block Potion"}],"is_trial":false,"path_per_floor":["R","?","E","T","M","M","T","E","R","M","M","?","$","M","M","B",null,"R","M","E","?","?","R","T","R","E","R","$","M","?","$","M","B",null,"R_BF","?","M","$","M","R","T","R","M","R","?","M","M","PTL","PTL","?","M","B",null,"E"],"character_chosen":"GUARDIAN","items_purchased":["Bronze Scales","Guardian:TimeCapacitor","Guardian:BottledStasis","Bottled Tornado","Potion Belt"],"campfire_rested":1,"item_purchase_floors":[28,28,38,38,38],"current_hp_per_floor":[80,80,80,80,80,80,80,67,77,77,77,77,77,77,71,32,90,90,90,72,72,72,97,97,97,81,81,87,89,89,85,82,31,97,97,97,92,94,94,94,94,94,96,96,97,97,97,97,97,89,69,70,97,0,0],"gold":213,"neow_bonus":"THREE_ENEMY_KILL","is_daily":false,"chose_seed":false,"campfire_upgraded":7,"win_rate":0.0,"timestamp":1608155726,"path_taken":["R","?","E","?","?","M","T","E","R","M","M","?","$","M","M","BOSS","R","M","E","?","?","R","T","R","E","R","$","M","?","?","M","BOSS","R_BF","?","M","$","?","R","T","R","M","R","?","?","M","PTL","PTL","?","M","BOSS","E"],"items_purchased_type":["Relic","Card","Relic","Relic","Relic"],"build_version":"2020-12-13","purchased_purges":0,"victory":false,"max_hp_per_floor":[80,80,80,80,80,80,80,80,90,90,90,90,90,90,90,90,90,90,90,97,97,97,97,97,97,97,97,97,97,97,97,97,97,97,97,97,97,97,97,97,97,97,97,97,97,97,97,97,97,97,97,97,97,97,97],"card_choices":[{"not_picked":["Guardian:Recover","Guardian:ShieldCharger"],"picked":"Guardian:Reroute","floor":3},{"not_picked":["Guardian:TemporalShield","Guardian:Gem_Lightblue"],"picked":"Guardian:StasisStrike","floor":5},{"not_picked":["Guardian:Recover","Guardian:Gem_Red"],"picked":"Guardian:ShieldSpikes","floor":6},{"not_picked":["Guardian:Planning","Guardian:CrystalBeam"],"picked":"Guardian:Gem_Cyan","floor":8},{"not_picked":["Guardian:Harden","Guardian:ShieldSpikes"],"picked":"Guardian:TemporalStrike","floor":10},{"not_picked":["Guardian:WalkerClaw","Guardian:Repulse"],"picked":"Guardian:SpikerProtocol","floor":11},{"not_picked":["Guardian:SpikerProtocol","Guardian:ChargeUp"],"picked":"Guardian:RollAttack","floor":13},{"not_picked":["Guardian:TemporalShield","Guardian:PrimingBeam"],"picked":"Guardian:TimeBomb","floor":14},{"not_picked":["Guardian:TemporalShield","Guardian:EvasiveProtocol"],"picked":"Guardian:BaubleBeam","floor":15},{"not_picked":["Guardian:RevengeProtocol","Guardian:BaubleBeam"],"picked":"Guardian:FastForward","floor":16},{"not_picked":["Guardian:MultiBeam","Guardian:Planning+1"],"picked":"Guardian:BronzeOrb","floor":19},{"not_picked":["Guardian:Suspension","Guardian:Gem_Blue"],"picked":"Guardian:BronzeOrb","floor":20},{"not_picked":["Guardian:Planning","Guardian:VentSteam"],"picked":"Guardian:BronzeOrb","floor":23},{"not_picked":["Guardian:TimeBomb","Guardian:Gem_Green"],"picked":"Guardian:Gem_Lightblue","floor":26},{"not_picked":["Guardian:StasisStrike","Guardian:PrimingBeam"],"picked":"Guardian:ShieldSpikes","floor":28},{"not_picked":["Guardian:PrimingBeam","Guardian:RefractedBeam"],"picked":"Guardian:Gem_Cyan","floor":29},{"not_picked":["Guardian:Gem_Synthetic","Guardian:RollAttack+1"],"picked":"Guardian:WalkerClaw","floor":31},{"not_picked":["Guardian:MultiBeam","Guardian:Clone","Guardian:PrimingBeam"],"picked":"SKIP","floor":32},{"not_picked":["Guardian:FastForward","Guardian:Gem_Synthetic"],"picked":"Guardian:TimeSifter","floor":33},{"not_picked":[],"picked":"Guardian:GuardianWhirl","floor":37},{"not_picked":["Guardian:Repulse+1"],"picked":"SKIP","floor":38},{"not_picked":["Guardian:GuardianWhirl"],"picked":"SKIP","floor":39},{"not_picked":[],"picked":"Guardian:TemporalShield+1","floor":43},{"not_picked":[],"picked":"Guardian:ShieldCharger","floor":46},{"not_picked":["Guardian:Clone"],"picked":"SKIP","floor":47},{"not_picked":["Guardian:Gem_White"],"picked":"SKIP","floor":51}],"player_experience":11237,"relics_obtained":[{"floor":3,"key":"Shuriken"},{"floor":4,"key":"Divine Protection"},{"floor":8,"key":"Dream Catcher"},{"floor":20,"key":"Pen Nib"},{"floor":20,"key":"Strawberry"},{"floor":24,"key":"Replay:Mystery Machine"},{"floor":26,"key":"War Paint"},{"floor":26,"key":"Snack Pack"},{"floor":41,"key":"Nunchaku"},{"floor":45,"key":"downfall:GremlinWheel"}],"event_choices":[{"damage_healed":0,"gold_gain":0,"player_choice":"Inject Mutagens","damage_taken":0,"relics_obtained":["MutagenicStrength"],"max_hp_gain":0,"max_hp_loss":0,"event_name":"Drug Dealer","floor":21,"gold_loss":0},{"damage_healed":0,"gold_gain":0,"player_choice":"Ignored","damage_taken":0,"max_hp_gain":0,"max_hp_loss":0,"event_name":"Vampires","floor":30,"gold_loss":0},{"damage_healed":0,"gold_gain":0,"player_choice":"Got Potions","damage_taken":0,"max_hp_gain":0,"max_hp_loss":0,"event_name":"Lab","floor":36,"gold_loss":0}],"is_beta":false,"boss_relics":[{"not_picked":["Fusion Hammer","Replay:Wanted Poster"],"picked":"Black Star"},{"not_picked":["Kintsugi","Painkiller Herb"],"picked":"Busted Crown"}],"items_purged_floors":[],"is_endless":false,"potions_floor_spawned":[8,10,11,15,16,19,29,33,43,45,46,47],"killed_by":"downfall:CharBossMerchant","ascension_level":0}}