{"host":"mi0eibewekhugwl1","time":1608118915,"event":{"mods":["AchievementEnabler","BaseMod","Colored Map","Colored Powertips","DeckTracker","Keyboard Shortcuts","Minty Spire (QoL Compilation)","Quick Restart","Rare Cards Sparkle","Relic Stats","StSLib","SuperFastMode","everything is the same but u backflip on backflip"],"gold_per_floor":[112,128,128,128,128,128,143,157,229,245,245,245],"floor_reached":11,"playtime":131,"items_purged":[],"score":130,"play_id":"7c39e3e2-0fe9-4e90-82f1-8e1641e56d45","local_time":"20201216204155","is_ascension_mode":true,"campfire_choices":[{"data":"Sunder","floor":6,"key":"SMITH"}],"circlet_count":0,"master_deck":["AscendersBane","Strike_B","Strike_B+1","Defend_B","Defend_B","Defend_B+1","Defend_B","Zap","Dualcast","Streamline","Sunder+1","Double Energy","Conserve Battery","Defragment"],"relics":["Cracked Core","Omamori","Pear"],"acts_visited":["Exordium"],"potions_floor_usage":[11],"damage_taken":[{"damage":0,"enemies":"2 Louse","floor":1,"turns":2},{"damage":0,"enemies":"Small Slimes","floor":2,"turns":2},{"damage":0,"enemies":"Cultist","floor":7,"turns":2},{"damage":4,"enemies":"Gremlin Gang","floor":8,"turns":4},{"damage":17,"enemies":"Large Slime","floor":10,"turns":4},{"damage":32,"enemies":"Gremlin Nob","floor":11,"turns":3}],"seed_played":"4761951345698324938","potions_obtained":[{"floor":1,"key":"Energy Potion"},{"floor":8,"key":"SpeedPotion"}],"is_trial":false,"path_per_floor":["M","M","?","?","?","R","M","M","T","M","E"],"character_chosen":"DEFECT","items_purchased":[],"campfire_rested":0,"item_purchase_floors":[],"current_hp_per_floor":[64,64,43,36,36,36,36,32,42,25,0,0],"gold":245,"neow_bonus":"RANDOM_COMMON_RELIC","is_daily":false,"chose_seed":false,"campfire_upgraded":1,"win_rate":0.0,"timestamp":1608118915,"path_taken":["M","M","?","?","?","R","M","M","T","?","E"],"items_purchased_type":[],"build_version":"2020-12-13","purchased_purges":0,"victory":false,"max_hp_per_floor":[71,71,71,71,71,71,71,71,81,81,81,81],"relic_stats":{"counters":[6,17],"obtain_stats":[{"Pear":9,"Omamori":0,"Cracked Core":0},{"Pear":4,"Omamori":0,"Cracked Core":0},{"Pear":10,"Omamori":0,"Cracked Core":0}]},"card_choices":[{"not_picked":["BootSequence","Hologram"],"picked":"Streamline","floor":1},{"not_picked":["Conserve Battery","Stack"],"picked":"Sunder","floor":2},{"not_picked":["Compile Driver","Reprogram"],"picked":"Double Energy","floor":7},{"not_picked":["Doom and Gloom","Redo"],"picked":"Conserve Battery","floor":8},{"not_picked":["Auto Shields","Ball Lightning"],"picked":"Defragment","floor":10}],"player_experience":1672406,"relics_obtained":[{"floor":9,"key":"Pear"}],"event_choices":[{"damage_healed":0,"gold_gain":0,"player_choice":"Entered Light","damage_taken":21,"max_hp_gain":0,"max_hp_loss":0,"event_name":"Shining Light","floor":3,"gold_loss":0,"cards_upgraded":["Strike_B","Defend_B"]},{"cards_removed":["Strike_B"],"damage_healed":0,"gold_gain":0,"player_choice":"Card Removal","damage_taken":7,"max_hp_gain":0,"max_hp_loss":0,"event_name":"Golden Wing","floor":4,"gold_loss":0},{"cards_removed":["Strike_B"],"damage_healed":0,"gold_gain":0,"player_choice":"Purged","damage_taken":0,"max_hp_gain":0,"max_hp_loss":0,"event_name":"Purifier","floor":5,"gold_loss":0}],"is_beta":false,"boss_relics":[],"items_purged_floors":[],"is_endless":false,"potions_floor_spawned":[1,8],"killed_by":"Gremlin Nob","ascension_level":20}}