{"host":"4qkvkh7pd9qr2mca","time":1608133952,"event":{"mods":["AchievementEnabler","BaseMod","Colored Map","Colored Powertips","Highlight Path","Minty Spire (QoL Compilation)","Permanent Neow","Quick Restart","StSLib","SuperFastMode"],"gold_per_floor":[112,112,125,143,68,97,97,122,122,132,132,132,132,144,144,221,221,197,34,47,47,47,47],"floor_reached":22,"playtime":708,"items_purged":["Pain"],"score":388,"play_id":"c78d2a6b-4ac2-4288-a78d-3e94d047586b","local_time":"20201216165232","is_ascension_mode":true,"campfire_choices":[{"floor":7,"key":"REST"},{"floor":11,"key":"REST"},{"data":"Caltrops","floor":13,"key":"SMITH"},{"data":"Leg Sweep","floor":15,"key":"SMITH"}],"circlet_count":0,"master_deck":["AscendersBane","Strike_G","Defend_G","Defend_G","Defend_G","Defend_G","Survivor","Neutralize","Deadly Poison","Leg Sweep+1","Bane","PiercingWail","Bouncing Flask+1","Venomology","Caltrops+1","Deadly Poison","After Image","Predator+1","Bullet Time+1","Skewer+1"],"relics":["Ring of the Snake","Question Card","Mercury Hourglass","InkBottle","Astrolabe","Membership Card"],"acts_visited":["TheCity"],"potions_floor_usage":[8,16,18,20],"damage_taken":[{"damage":3,"enemies":"Small Slimes","floor":1,"turns":4},{"damage":10,"enemies":"Jaw Worm","floor":3,"turns":6},{"damage":8,"enemies":"Cultist","floor":4,"turns":4},{"damage":21,"enemies":"Lagavulin","floor":6,"turns":8},{"damage":15,"enemies":"3 Sentries","floor":8,"turns":11},{"damage":1,"enemies":"Blue Slaver","floor":10,"turns":3},{"damage":0,"enemies":"3 Louse","floor":14,"turns":2},{"damage":9,"enemies":"The Guardian","floor":16,"turns":10},{"damage":21,"enemies":"2 Thieves","floor":18,"turns":4},{"damage":18,"enemies":"Chosen","floor":20,"turns":4},{"damage":0,"enemies":"Snake Plant","floor":22,"turns":1}],"seed_played":"-1352271028285900546","potions_obtained":[{"floor":3,"key":"GamblersBrew"},{"floor":8,"key":"Block Potion"},{"floor":14,"key":"EssenceOfSteel"}],"is_trial":false,"path_per_floor":["M","?","M","M","$","E","R","E","T","M","R","?","R","M","R","B",null,"M","$","M","$","M"],"character_chosen":"THE_SILENT","items_purchased":["Membership Card"],"campfire_rested":2,"item_purchase_floors":[19],"current_hp_per_floor":[56,56,46,38,38,17,36,21,21,20,39,39,39,39,39,30,57,36,36,18,18,18,18],"gold":47,"neow_bonus":"TRANSFORM_TWO_CARDS","is_daily":false,"chose_seed":false,"campfire_upgraded":2,"win_rate":0.0,"timestamp":1608133952,"path_taken":["M","?","M","M","$","E","R","E","T","M","R","?","R","M","R","BOSS","M","$","M","?","M"],"items_purchased_type":["Relic"],"build_version":"2020-12-13","purchased_purges":1,"victory":false,"max_hp_per_floor":[66,66,66,66,66,66,66,66,66,66,66,66,66,66,66,66,66,66,66,66,66,66,66],"card_choices":[{"not_picked":["Setup","Skewer"],"picked":"Bane","floor":1},{"not_picked":["Bane","Infinite Blades"],"picked":"PiercingWail","floor":3},{"not_picked":["Underhanded Strike","Tactician","Outmaneuver"],"picked":"SKIP","floor":4},{"not_picked":["Dodge and Roll","Flying Knee"],"picked":"Bouncing Flask","floor":6},{"not_picked":["Prepared","Quick Slash","Calculated Gamble"],"picked":"Venomology","floor":8},{"not_picked":["Calculated Gamble","Dodge and Roll","Underhanded Strike"],"picked":"Caltrops","floor":10},{"not_picked":["Calculated Gamble","Blade Dance","Prepared"],"picked":"Deadly Poison","floor":14},{"not_picked":["Storm of Steel","Phantasmal Killer","Bullet Time"],"picked":"After Image","floor":16},{"not_picked":["Dodge and Roll","Prepared","Cloak And Dagger","Deflect"],"picked":"SKIP","floor":18},{"not_picked":["Poisoned Stab","Deflect","Night Terror","PiercingWail"],"picked":"SKIP","floor":20},{"not_picked":["Poisoned Stab","Deflect","Night Terror","PiercingWail"],"picked":"SKIP","floor":20}],"player_experience":336610,"relics_obtained":[{"floor":6,"key":"Question Card"},{"floor":8,"key":"Mercury Hourglass"},{"floor":9,"key":"InkBottle"}],"event_choices":[{"damage_healed":0,"gold_gain":0,"player_choice":"Ignored","damage_taken":0,"max_hp_gain":0,"max_hp_loss":0,"event_name":"Liars Game","floor":2,"gold_loss":0},{"damage_healed":0,"gold_gain":0,"player_choice":"Upgraded","damage_taken":0,"max_hp_gain":0,"max_hp_loss":0,"event_name":"Upgrade Shrine","floor":12,"gold_loss":0,"cards_upgraded":["Bouncing Flask"]}],"is_beta":false,"boss_relics":[{"not_picked":["SlaversCollar","HoveringKite"],"picked":"Astrolabe"}],"items_purged_floors":[5],"is_endless":false,"potions_floor_spawned":[3,8,14,20],"killed_by":"Snake Plant","ascension_level":20}}