{"host":"9r4xop0yxveozoj0","time":1608158083,"event":{"mods":["BaseMod","Colored Map","Colored Powertips","Hubris","Infinite Spire","Minty Spire (QoL Compilation)","Permanent Neow","Replay The Spire","StSLib","The Blue Laboratory"],"gold_per_floor":[114,134,134,145,160,160,160,160],"floor_reached":7,"playtime":905,"items_purged":[],"score":43,"play_id":"cdc47492-0f94-4b5c-849b-9df17c707573","local_time":"20201216173443","is_ascension_mode":false,"campfire_choices":[{"data":"Panic Button","floor":6,"key":"SMITH"}],"circlet_count":0,"master_deck":["Strike_B","Strike_B","Strike_B","Strike_B","Defend_B","Defend_B","Defend_B","Defend_B","Zap","Dualcast","Replay:Parry","Cold Snap","BasicCrystalCard","ReplayTheSpireMod:Repulse","Panic Button+1"],"relics":["Cracked Core"],"acts_visited":["Exordium"],"potions_floor_usage":[5,7,7],"damage_taken":[{"damage":2,"enemies":"2 Louse","floor":1,"turns":3},{"damage":0,"enemies":"Cultist","floor":2,"turns":4},{"damage":9,"enemies":"Small Slimes","floor":4,"turns":3},{"damage":13,"enemies":"3 Louse","floor":5,"turns":3},{"damage":12,"enemies":"3 Sentries","floor":7,"turns":3}],"seed_played":"8276656773140266834","potions_obtained":[{"floor":2,"key":"blueLaboratory:ArtificerPotion"},{"floor":4,"key":"blueLaboratory:PlasmaFuel"},{"floor":5,"key":"blueLaboratory:PyrophylliteBrew"}],"is_trial":false,"path_per_floor":["M","M","?","M","M","R","E"],"character_chosen":"DEFECT","items_purchased":[],"campfire_rested":0,"item_purchase_floors":[],"current_hp_per_floor":[73,73,73,64,51,51,39,39],"gold":160,"neow_bonus":"RANDOM_COLORLESS","is_daily":false,"chose_seed":false,"campfire_upgraded":1,"win_rate":0.0,"timestamp":1608158083,"path_taken":["M","M","?","M","M","R","E"],"items_purchased_type":[],"build_version":"2020-12-13","purchased_purges":0,"victory":false,"max_hp_per_floor":[75,75,75,75,75,75,75,75],"card_choices":[{"not_picked":["Enlightenment","Good Instincts"],"picked":"Replay:Parry","floor":0},{"not_picked":["Steam","Doom and Gloom"],"picked":"Cold Snap","floor":1},{"not_picked":["Coolheaded","Steam"],"picked":"BasicCrystalCard","floor":2},{"not_picked":["Ball Lightning","Gash"],"picked":"ReplayTheSpireMod:Repulse","floor":4},{"not_picked":["Ball Lightning","Stack"],"picked":"Panic Button","floor":5}],"player_experience":141493,"relics_obtained":[],"event_choices":[{"damage_healed":0,"gold_gain":0,"player_choice":"Ignored","damage_taken":0,"max_hp_gain":0,"max_hp_loss":0,"event_name":"NoteForYourself","floor":3,"gold_loss":0}],"is_beta":false,"boss_relics":[],"items_purged_floors":[],"is_endless":false,"potions_floor_spawned":[2,4,5],"killed_by":"3 Sentries","ascension_level":0}}