{"host":"lctcqud4f9t1q6q5","time":1608120987,"event":{"mods":["BaseMod","Better Vampires","Block Reminder","Colored Map","Colored Powertips","Downfall","Highlight Path","KinomotoSakuraMod(木之本樱)","Lobotomy","LobotomyExtend","Marisa（F雨　魔理沙）","Minty Spire (QoL Compilation)","Quick Restart","Reimu（博丽灵梦）","Relic Stats","Replay The Spire","RumiaBox-露米娅的神秘盒子","Shop Mod","Spicy Shops","StSLib","TestMod","The Bug Knight","Thieving Mod","WarShipGirlsR/战舰少女R mod","vexMod","【功能Mod】混沌之环修复补丁","篝火指南"],"gold_per_floor":[115,115,129,140,215,215,247,247,300,333,343,343,356,387,387,486,486,498,498,498,498,508,533,533,568,568,179,189,189,216,7,7,7,7],"floor_reached":33,"playtime":3600,"items_purged":["Amnesia"],"score":427,"play_id":"b2ea1113-95f4-4828-9076-098f0238a544","local_time":"20201216201627","is_ascension_mode":true,"campfire_choices":[{"floor":6.0,"key":"REST"},{"data":"Ragnarok","floor":8.0,"key":"SMITH"},{"data":"ForeignInfluence","floor":15.0,"key":"SMITH"},{"floor":24.0,"key":"REST"},{"floor":29.0,"key":"REST"},{"floor":32.0,"key":"REST"}],"circlet_count":0,"master_deck":["Strike_P","Strike_P","Strike_P","Defend_P","Defend_P","Defend_P","Eruption","Vigilance","Crescendo","Ragnarok+1","ForeignInfluence+1","Steam","Wallop","Replay:AllIn","FlurryOfBlows","TalkToTheHand"],"relics":["PureWater","testmod-TestBox","vexMod:BarristanHead","testmod-Antiphasic","LetterFromLob","Blood Vial","Lantern","RuthlessExorcism:ReiMu","Ancient Tea Set","CrazyTorch:ReiMu","Cursed Key","Happy Flower","Nilry\u0027s Codex","MerchantsRug","Pondfish Scales","testmod-AssaultLearning","HornCleat","vexMod:RedPlottingStone","Potion Belt"],"acts_visited":["Exordium","TheCity"],"potions_floor_usage":[33],"damage_taken":[{"damage":2.0,"enemies":"Cultist","floor":1.0,"turns":3.0},{"damage":4.0,"enemies":"Small Slimes","floor":3.0,"turns":2.0},{"damage":13.0,"enemies":"Jaw Worm","floor":4.0,"turns":4.0},{"damage":18.0,"enemies":"Gremlin Nob","floor":7.0,"turns":4.0},{"damage":12.0,"enemies":"3 Sentries","floor":10.0,"turns":3.0},{"damage":0.0,"enemies":"Blue Slaver","floor":11.0,"turns":2.0},{"damage":0.0,"enemies":"2 Fungi Beasts","floor":13.0,"turns":1.0},{"damage":0.0,"enemies":"Gremlin Nob","floor":14.0,"turns":2.0},{"damage":36.0,"enemies":"Hexaghost","floor":16.0,"turns":5.0},{"damage":0.0,"enemies":"Shell Parasite","floor":18.0,"turns":1.0},{"damage":0.0,"enemies":"Spheric Guardian","floor":20.0,"turns":2.0},{"damage":19.0,"enemies":"Snake Plant","floor":22.0,"turns":3.0},{"damage":18.0,"enemies":"Slavers","floor":23.0,"turns":4.0},{"damage":42.0,"enemies":"Book of Stabbing","floor":25.0,"turns":5.0},{"damage":0.0,"enemies":"Cultist and Chosen","floor":28.0,"turns":2.0},{"damage":0.0,"enemies":"Gremlin Leader","floor":30.0,"turns":1.0},{"damage":72,"enemies":"Automaton","floor":33,"turns":6}],"seed_played":"4274741661298921105","potions_obtained":[{"floor":4.0,"key":"PowerPotion"},{"floor":7.0,"key":"BottledMiracle"},{"floor":10.0,"key":"Fire Potion"},{"floor":11.0,"key":"Elixir"},{"floor":14.0,"key":"PowerPotion"},{"floor":16.0,"key":"testmod-EscapePotion"},{"floor":25.0,"key":"LifebloodPotion"},{"floor":28.0,"key":"Dexterity Potion"}],"is_trial":false,"path_per_floor":["M","?","M","M","?","R","E","R","T","E","M","?","M","E","R","B",null,"M","?","M","?","M","E","R","E","T","$","M","R","E","$","R","B"],"character_chosen":"WATCHER","items_purchased":["MerchantsRug","Pondfish Scales","testmod-AssaultLearning","vexMod:RedPlottingStone","Potion Belt"],"campfire_rested":4,"item_purchase_floors":[27,27,27,31,31],"current_hp_per_floor":[70,70,68,57,46,67,51,51,51,41,43,43,45,47,47,13,72,72,72,72,56,39,23,44,4,4,4,6,27,29,29,50,0,0],"gold":7,"neow_bonus":"RANDOM_COMMON_RELIC","is_daily":false,"chose_seed":false,"campfire_upgraded":2,"win_rate":0.0,"timestamp":1608120987,"path_taken":["M","?","M","?","?","R","E","R","T","E","M","?","M","E","R","BOSS","M","?","M","?","M","E","R","E","T","$","M","R","E","?","R","BOSS"],"items_purchased_type":["Relic","Relic","Relic","Relic","Relic"],"build_version":"2020-12-13","purchased_purges":1,"victory":false,"max_hp_per_floor":[72,72,72,72,72,72,72,72,72,72,72,72,72,72,72,72,72,72,72,72,72,72,72,72,72,72,72,72,72,72,72,72,82,82],"relic_stats":{"Blood Vial":28,"Happy Flower":[7],"counters":[17,50],"Cursed Key":1,"obtain_stats":[{"Potion Belt":31,"MerchantsRug":27,"Lantern":7,"testmod-TestBox":0,"Happy Flower":19,"Nilry\u0027s Codex":21,"Ancient Tea Set":10,"Cursed Key":17,"Blood Vial":2,"testmod-Antiphasic":0,"Replay:Baseball":23,"Pondfish Scales":27,"vexMod:BarristanHead":0,"HornCleat":30,"testmod-AssaultLearning":27,"vexMod:RedPlottingStone":31,"CrazyTorch:ReiMu":14,"LetterFromLob":1,"testmod-InfectionSource":25,"PureWater":0,"RuthlessExorcism:ReiMu":9},{"Potion Belt":16,"MerchantsRug":14,"Lantern":4,"testmod-TestBox":0,"Happy Flower":10,"Nilry\u0027s Codex":11,"Ancient Tea Set":5,"Cursed Key":9,"Blood Vial":1,"testmod-Antiphasic":0,"Replay:Baseball":13,"Pondfish Scales":14,"vexMod:BarristanHead":0,"HornCleat":16,"testmod-AssaultLearning":14,"vexMod:RedPlottingStone":16,"CrazyTorch:ReiMu":8,"LetterFromLob":1,"testmod-InfectionSource":14,"PureWater":0,"RuthlessExorcism:ReiMu":4},{"Potion Belt":44,"MerchantsRug":41,"Lantern":13,"testmod-TestBox":0,"Happy Flower":27,"Nilry\u0027s Codex":29,"Ancient Tea Set":16,"Cursed Key":26,"Blood Vial":3,"testmod-Antiphasic":0,"Replay:Baseball":36,"Pondfish Scales":41,"vexMod:BarristanHead":0,"HornCleat":44,"testmod-AssaultLearning":41,"vexMod:RedPlottingStone":44,"CrazyTorch:ReiMu":21,"LetterFromLob":3,"testmod-InfectionSource":41,"PureWater":0,"RuthlessExorcism:ReiMu":13}]},"card_choices":[{"not_picked":["Consecrate","Replay:ManipulateFuture"],"picked":"Conclude","floor":1.0},{"not_picked":["WaveOfTheHand","FlyingSleeves","Evaluate"],"picked":"SKIP","floor":3.0},{"not_picked":["WaveOfTheHand","FlyingSleeves","Evaluate"],"picked":"SKIP","floor":3.0},{"not_picked":["ClearTheMind","Replay:AtTheReady"],"picked":"Crescendo","floor":4.0},{"not_picked":["Protect","ClearTheMind"],"picked":"Ragnarok","floor":7.0},{"not_picked":["Nirvana","CrushJoints","SashWhip"],"picked":"SKIP","floor":10.0},{"not_picked":["BattleHymn","Replay:Cycle","Replay:BluntJabs"],"picked":"SKIP","floor":11.0},{"not_picked":["FlyingSleeves","Protect","FlurryOfBlows"],"picked":"SKIP","floor":13.0},{"not_picked":["ForeignInfluence","Prostrate"],"picked":"Wallop","floor":14.0},{"not_picked":["SpiritShield","Devotion"],"picked":"Replay:AllIn","floor":16.0},{"not_picked":["Protect+1","Replay:Battleflow+1","FlurryOfBlows"],"picked":"SKIP","floor":18.0},{"not_picked":["SashWhip+1","PathToVictory","EmptyFist"],"picked":"SKIP","floor":20.0},{"not_picked":["Meditate","Prostrate","FlurryOfBlows"],"picked":"SKIP","floor":22.0},{"not_picked":["PathToVictory","Crescendo","Omniscience"],"picked":"SKIP","floor":23.0},{"not_picked":["FearNoEvil","EmptyBody","Replay:Battleflow+1"],"picked":"SKIP","floor":25.0},{"not_picked":["Replay:BluntJabs","Adaptation"],"picked":"FlurryOfBlows","floor":28.0},{"not_picked":["Indignation","ThirdEye"],"picked":"TalkToTheHand","floor":30.0}],"player_experience":332140,"relics_obtained":[{"floor":1.0,"key":"LetterFromLob"},{"floor":7.0,"key":"Lantern"},{"floor":9.0,"key":"RuthlessExorcism:ReiMu"},{"floor":10.0,"key":"Ancient Tea Set"},{"floor":14.0,"key":"CrazyTorch:ReiMu"},{"floor":21.0,"key":"Nilry\u0027s Codex"},{"floor":23.0,"key":"Replay:Baseball"},{"floor":25.0,"key":"testmod-InfectionSource"},{"floor":30.0,"key":"HornCleat"}],"event_choices":[{"cards_removed":["Conclude"],"damage_healed":0.0,"max_hp_gain":0.0,"max_hp_loss":0.0,"gold_gain":0.0,"event_name":"WeMeetAgain","player_choice":"Gave Card","floor":2.0,"gold_loss":0.0,"damage_taken":0.0,"relics_obtained":["Blood Vial"]},{"damage_healed":0.0,"max_hp_gain":0.0,"max_hp_loss":0.0,"gold_gain":75.0,"event_name":"World of Goop","player_choice":"Gather Gold","floor":5.0,"gold_loss":0.0,"damage_taken":11.0},{"damage_healed":0.0,"max_hp_gain":0.0,"max_hp_loss":0.0,"gold_gain":0.0,"event_name":"Cursed Tome","player_choice":"Obtained Book","floor":21.0,"gold_loss":0.0,"damage_taken":16.0}],"is_beta":false,"boss_relics":[{"not_picked":["vexMod:RockOfEvil","Coffee Dripper"],"picked":"Cursed Key"}],"items_purged_floors":[27],"is_endless":false,"potions_floor_spawned":[4,7,10,11,14,16,25,28],"killed_by":"Automaton","ascension_level":3}}