{"host":"sav7uxregyirlf69","time":1608119917,"event":{"mods":["AchievementEnabler","BaseMod","Colored Map","DeckTracker","Keyboard Shortcuts","Minty Spire (QoL Compilation)","READ ME - Guardian Mod","StSLib","SuperFastMode"],"gold_per_floor":[118,133,58,58,58,84,84,103,103,136,154,154,180,196,196,269,269,282,282,282,301,320,320,346,346,346,364,382,21,21,33,33,111,111,122,122,133,0,13,44,44,75,121,154,154,173,208,220,220,220,220,220,220,16,47,47,47],"floor_reached":56,"playtime":2070,"items_purged":["Strike_G","Strike_G","Defend_G"],"score":2839,"play_id":"de28da4a-beac-42cf-9624-dc6d302e62c4","local_time":"20201216205837","is_ascension_mode":true,"campfire_choices":[{"data":"Adrenaline","floor":7.0,"key":"SMITH"},{"data":"Neutralize","floor":15.0,"key":"SMITH"},{"data":"Calculated Gamble","floor":23.0,"key":"SMITH"},{"data":"Prepared","floor":25.0,"key":"SMITH"},{"data":"Reflex","floor":32.0,"key":"SMITH"},{"data":"Well Laid Plans","floor":41.0,"key":"SMITH"},{"data":"Calculated Gamble","floor":45.0,"key":"SMITH"},{"floor":49.0,"key":"RECALL"},{"data":"Malaise","floor":53.0,"key":"SMITH"}],"circlet_count":0,"master_deck":["AscendersBane","Defend_G","Defend_G+1","Survivor","Neutralize+1","Underhanded Strike","Dagger Throw","Adrenaline+1","Escape Plan","Reflex+1","Reflex+1","Backflip","Malaise+1","Underhanded Strike+1","Corpse Explosion+1","Bouncing Flask+1","Necronomicurse","Calculated Gamble+1","Prepared+1","Well Laid Plans+1","Adrenaline","Calculated Gamble+1","Adrenaline","Setup+1","Blur"],"relics":["Ring of the Snake","NeowsBlessing","White Beast Statue","Eternal Feather","CaptainsWheel","War Paint","Astrolabe","Necronomicon","Ginger","Gremlin Horn","Bag of Preparation","SlaversCollar","Red Mask","Singing Bowl","Strawberry","Toy Ornithopter","Pantograph"],"acts_visited":["Exordium","TheCity","TheBeyond","TheEnding"],"potions_floor_usage":[56],"damage_taken":[{"damage":0.0,"enemies":"Jaw Worm","floor":1.0,"turns":1.0},{"damage":0.0,"enemies":"2 Louse","floor":2.0,"turns":1.0},{"damage":0.0,"enemies":"3 Sentries","floor":6.0,"turns":1.0},{"damage":2.0,"enemies":"Small Slimes","floor":8.0,"turns":2.0},{"damage":2.0,"enemies":"Gremlin Nob","floor":10.0,"turns":3.0},{"damage":0.0,"enemies":"Looter","floor":11.0,"turns":2.0},{"damage":14.0,"enemies":"3 Sentries","floor":13.0,"turns":12.0},{"damage":2.0,"enemies":"2 Fungi Beasts","floor":14.0,"turns":3.0},{"damage":0.0,"enemies":"The Guardian","floor":16.0,"turns":11.0},{"damage":0.0,"enemies":"Chosen","floor":18.0,"turns":4.0},{"damage":11.0,"enemies":"3 Byrds","floor":21.0,"turns":4.0},{"damage":0.0,"enemies":"Snake Plant","floor":22.0,"turns":2.0},{"damage":0.0,"enemies":"Gremlin Leader","floor":24.0,"turns":5.0},{"damage":7.0,"enemies":"Shelled Parasite and Fungi","floor":27.0,"turns":3.0},{"damage":0.0,"enemies":"Centurion and Healer","floor":28.0,"turns":1.0},{"damage":4.0,"enemies":"Snake Plant","floor":31.0,"turns":2.0},{"damage":2.0,"enemies":"Automaton","floor":33.0,"turns":6.0},{"damage":0.0,"enemies":"3 Darklings","floor":35.0,"turns":1.0},{"damage":0.0,"enemies":"3 Shapes","floor":37.0,"turns":1.0},{"damage":0.0,"enemies":"3 Darklings","floor":39.0,"turns":1.0},{"damage":0.0,"enemies":"Reptomancer","floor":40.0,"turns":4.0},{"damage":0.0,"enemies":"Giant Head","floor":42.0,"turns":2.0},{"damage":0.0,"enemies":"Reptomancer","floor":44.0,"turns":4.0},{"damage":0.0,"enemies":"Transient","floor":46.0,"turns":6.0},{"damage":0.0,"enemies":"Giant Head","floor":47.0,"turns":3.0},{"damage":1.0,"enemies":"Sphere and 2 Shapes","floor":48.0,"turns":2.0},{"damage":0.0,"enemies":"Awakened One","floor":50.0,"turns":9.0},{"damage":0.0,"enemies":"Donu and Deca","floor":51.0,"turns":2.0},{"damage":0.0,"enemies":"Shield and Spear","floor":55.0,"turns":1.0},{"damage":135,"enemies":"The Heart","floor":56,"turns":8}],"seed_played":"-2135925145446554132","potions_obtained":[{"floor":1.0,"key":"AttackPotion"},{"floor":2.0,"key":"GhostInAJar"},{"floor":10.0,"key":"SkillPotion"},{"floor":16.0,"key":"Dexterity Potion"},{"floor":21.0,"key":"Energy Potion"},{"floor":22.0,"key":"Regen Potion"},{"floor":24.0,"key":"CultistPotion"},{"floor":27.0,"key":"Poison Potion"},{"floor":28.0,"key":"GhostInAJar"},{"floor":44.0,"key":"FairyPotion"}],"is_trial":false,"path_per_floor":["M","M","$","?","?","E","R","M","T","E","M","?","E","M","R","B",null,"M","?","?","M","M","R","E","R","T","M","M","$","?","M","R","B",null,"M","$","M","?","M","E","R","E","T","E","R","M","E","M","R","B","B",null,"R","$","E","B"],"character_chosen":"THE_SILENT","items_purchased":["Bag of Preparation","Well Laid Plans","DuplicationPotion"],"campfire_rested":0,"item_purchase_floors":[29,29,54],"current_hp_per_floor":[59,59,59,52,57,57,57,55,55,53,53,53,39,37,46,46,65,65,44,44,33,33,45,59,71,71,64,64,64,64,60,71,69,71,71,71,71,71,71,73,73,80,80,82,82,84,86,85,86,86,86,86,86,86,86,0,0],"gold":47,"neow_bonus":"THREE_ENEMY_KILL","is_daily":false,"chose_seed":false,"campfire_upgraded":8,"win_rate":0.0,"timestamp":1608119917,"path_taken":["M","M","$","?","?","E","R","M","T","E","M","?","E","M","R","BOSS","M","?","?","M","M","R","E","R","T","M","M","$","?","M","R","BOSS","M","$","M","?","M","E","R","E","T","E","R","M","E","M","R","BOSS","BOSS","R","$","E","BOSS"],"items_purchased_type":["Relic","Card","Potion"],"build_version":"2020-12-13","purchased_purges":3,"victory":false,"max_hp_per_floor":[66,66,66,66,71,71,71,71,71,71,71,71,71,71,71,71,71,71,71,71,71,71,71,71,71,71,71,71,71,71,71,71,71,71,71,71,71,71,71,73,73,80,80,82,82,84,86,86,86,86,86,86,86,86,86,86,86],"card_choices":[{"not_picked":["Endless Agony","Deflect"],"picked":"Underhanded Strike","floor":1.0},{"not_picked":["PiercingWail","Slice"],"picked":"Dagger Throw","floor":2.0},{"not_picked":["Deadly Poison","Underhanded Strike"],"picked":"Adrenaline","floor":6.0},{"not_picked":["Slice","Endless Agony","Deflect"],"picked":"SKIP","floor":8.0},{"not_picked":["Catalyst","PiercingWail"],"picked":"Escape Plan","floor":10.0},{"not_picked":["Choke","Deadly Poison"],"picked":"Reflex","floor":11.0},{"not_picked":["Reflex","Dagger Spray","Deflect"],"picked":"SKIP","floor":13.0},{"not_picked":["Dagger Spray","Deflect"],"picked":"Reflex","floor":13.0},{"not_picked":["Flying Knee","Heel Hook"],"picked":"Backflip","floor":14.0},{"not_picked":["Burst","Doppelganger"],"picked":"Malaise","floor":16.0},{"not_picked":["Flying Knee","Sucker Punch","Quick Slash"],"picked":"SKIP","floor":18.0},{"not_picked":["Expertise+1","Slice","Riddle With Holes"],"picked":"SKIP","floor":21.0},{"not_picked":["Underhanded Strike","Choke","Masterful Stab"],"picked":"SKIP","floor":22.0},{"not_picked":["Skewer","Distraction"],"picked":"Prepared","floor":24.0},{"not_picked":["Prepared","Dodge and Roll","Accuracy"],"picked":"SKIP","floor":27.0},{"not_picked":["Crippling Poison","Prepared+1","Slice"],"picked":"SKIP","floor":28.0},{"not_picked":["Venomology","Bane","Dagger Spray"],"picked":"SKIP","floor":31.0},{"not_picked":["Storm of Steel","Bullet Time"],"picked":"Adrenaline","floor":33.0},{"not_picked":["Deflect","Heel Hook+1","Flechettes"],"picked":"SKIP","floor":35.0},{"not_picked":["Flechettes","Setup"],"picked":"Calculated Gamble","floor":37.0},{"not_picked":["Endless Agony","Flying Knee","Quick Slash"],"picked":"SKIP","floor":39.0},{"not_picked":["Accuracy","Sucker Punch","Backstab+1"],"picked":"Singing Bowl","floor":40.0},{"not_picked":["Sucker Punch","Distraction"],"picked":"Adrenaline","floor":42.0},{"not_picked":["Poisoned Stab","Acrobatics","Dagger Throw"],"picked":"Singing Bowl","floor":44.0},{"not_picked":["Backflip","Flechettes","Dagger Spray"],"picked":"Singing Bowl","floor":46.0},{"not_picked":["Setup","Prepared","Dash"],"picked":"Singing Bowl","floor":47.0},{"not_picked":["Bouncing Flask","Acrobatics"],"picked":"Setup+1","floor":48.0},{"not_picked":["Underhanded Strike","Bane"],"picked":"Blur","floor":55.0}],"player_experience":919333,"relics_obtained":[{"floor":6.0,"key":"White Beast Statue"},{"floor":9.0,"key":"Eternal Feather"},{"floor":10.0,"key":"CaptainsWheel"},{"floor":13.0,"key":"War Paint"},{"floor":19.0,"key":"Necronomicon"},{"floor":24.0,"key":"Ginger"},{"floor":26.0,"key":"Gremlin Horn"},{"floor":40.0,"key":"Singing Bowl"},{"floor":42.0,"key":"Strawberry"},{"floor":47.0,"key":"Toy Ornithopter"},{"floor":55.0,"key":"Pantograph"}],"event_choices":[{"cards_removed":["Strike_G"],"damage_healed":0.0,"max_hp_gain":0.0,"max_hp_loss":0.0,"gold_gain":0.0,"event_name":"Golden Wing","player_choice":"Card Removal","floor":4.0,"gold_loss":0.0,"damage_taken":7.0},{"damage_healed":0.0,"max_hp_gain":5.0,"max_hp_loss":0.0,"gold_gain":0.0,"event_name":"Big Fish","player_choice":"Donut","floor":5.0,"gold_loss":0.0,"damage_taken":0.0},{"damage_healed":0.0,"max_hp_gain":0.0,"max_hp_loss":0.0,"gold_gain":0.0,"event_name":"Liars Game","player_choice":"Ignored","floor":12.0,"gold_loss":0.0,"damage_taken":0.0},{"damage_healed":0.0,"max_hp_gain":0.0,"max_hp_loss":0.0,"gold_gain":0.0,"event_name":"Cursed Tome","player_choice":"Obtained Book","floor":19.0,"gold_loss":0.0,"damage_taken":21.0},{"damage_healed":0.0,"max_hp_gain":0.0,"max_hp_loss":0.0,"gold_gain":0.0,"event_name":"The Library","player_choice":"Read","floor":20.0,"gold_loss":0.0,"damage_taken":0.0,"cards_obtained":["Calculated Gamble"]},{"cards_removed":["Defend_G"],"damage_healed":0.0,"max_hp_gain":0.0,"max_hp_loss":0.0,"gold_gain":0.0,"event_name":"Back to Basics","player_choice":"Elegance","floor":30.0,"gold_loss":0.0,"damage_taken":0.0},{"damage_healed":0.0,"max_hp_gain":0.0,"max_hp_loss":0.0,"gold_gain":0.0,"event_name":"Tomb of Lord Red Mask","player_choice":"Paid","floor":38.0,"gold_loss":133.0,"damage_taken":0.0,"relics_obtained":["Red Mask"]}],"is_beta":false,"boss_relics":[{"not_picked":["SacredBark","Ectoplasm"],"picked":"Astrolabe"},{"not_picked":["Tiny House","Calling Bell"],"picked":"SlaversCollar"}],"items_purged_floors":[3,29,54],"is_endless":false,"potions_floor_spawned":[1,2,8,10,11,13,14,16,18,21,22,24,27,28,31,33,35,37,39,40,42,44,46,47,48,55],"killed_by":"The Heart","ascension_level":20}}