{"host":"kqk8x56jao7nhjrv","time":1608154892,"event":{"mods":["BaseMod","Duelist Mod","Minty Spire (QoL Compilation)","Prisma Mod","READ ME - Guardian Mod","Remilia£®¿Ÿ√◊¿Ú—«£©","StSLib","Td1madao Mod"],"gold_per_floor":[214,228,35,50,60,94,114,114,114,114,141,156,231,256,256,360,360,377,377,391,416,430,430,456,474,526,552,570,669,703,703,703,803,803,816,482,482,482,533,561,561,592,618,630,647,647,672,688,688,688,688,688,48,73,73],"floor_reached":56,"playtime":2317,"items_purged":["Defend_RM","Strike_RM"],"score":1754,"play_id":"b44580d8-5880-4315-bf05-45878eecd72e","local_time":"20201217054132","is_ascension_mode":true,"campfire_choices":[{"data":"QueenOfMidnight","floor":8,"key":"SMITH"},{"data":"TwelveNightmare","floor":10,"key":"SMITH"},{"data":"1","floor":15,"key":"LIFT"},{"data":"TricksterDevil","floor":23,"key":"SMITH"},{"data":"2","floor":32,"key":"LIFT"},{"data":"3","floor":41,"key":"LIFT"},{"floor":46,"key":"RECALL"},{"data":"BloodAndWine","floor":49,"key":"SMITH"},{"data":"EquivalentExchange","floor":52,"key":"SMITH"}],"circlet_count":0,"master_deck":["Strike_RM","Strike_RM","Strike_RM+1","Defend_RM+1","Defend_RM+1","Defend_RM","RedMoon","ScarletShoot","MastersStateliness","NightDance+1","TwelveNightmare+1","BloodAndWine+1","LeisurelyOfLord","QueenOfMidnight+1","TricksterDevil+1","KillingBlow","BlasphemousPunishment+1","HunterOfTheNight+1","EquivalentExchange+1","BombardNight","CurseOfTheBell","ForecastOfChange","Stigmanizer+1"],"relics":["ScarletHat","Pen Nib","Blood Vial","Shuriken","Tiny Chest","Girya","APieceOfRedMist","Whetstone","Potion Belt","Darkstone Periapt","Eternal Feather","Calling Bell","Orichalcum","Letter Opener","FossilizedHelix","Singing Bowl","Bottled Lightning","StoneCalendar","Gremlin Horn","Dream Catcher","Oddly Smooth Stone","Vajra","Ornamental Fan","War Paint","Frozen Eye","ScarletDevilRocket"],"acts_visited":["Exordium","TheCity","TheBeyond","TheEnding"],"potions_floor_usage":[27,55,55,55,55,55],"damage_taken":[{"damage":0,"enemies":"Small Slimes","floor":1,"turns":3},{"damage":0,"enemies":"Jaw Worm","floor":2,"turns":3},{"damage":0,"enemies":"Cultist","floor":4,"turns":4},{"damage":3,"enemies":"3 Louse","floor":5,"turns":2},{"damage":9,"enemies":"3 Sentries","floor":6,"turns":5},{"damage":5,"enemies":"Blue Slaver","floor":7,"turns":4},{"damage":7,"enemies":"Gremlin Nob","floor":11,"turns":4},{"damage":4,"enemies":"Looter","floor":12,"turns":2},{"damage":8,"enemies":"3 Sentries","floor":14,"turns":4},{"damage":28,"enemies":"Slime Boss","floor":16,"turns":13},{"damage":23,"enemies":"2 Thieves","floor":18,"turns":3},{"damage":0,"enemies":"Spheric Guardian","floor":20,"turns":1},{"damage":26,"enemies":"Snake Plant","floor":22,"turns":2},{"damage":0,"enemies":"theDuelist:KaibaA2","floor":24,"turns":2},{"damage":45,"enemies":"Cultist and Chosen","floor":25,"turns":4},{"damage":12,"enemies":"Gremlin Leader","floor":27,"turns":2},{"damage":1,"enemies":"3 Cultists","floor":28,"turns":3},{"damage":44,"enemies":"Slavers","floor":30,"turns":4},{"damage":63,"enemies":"Champ","floor":33,"turns":7},{"damage":10,"enemies":"3 Darklings","floor":35,"turns":3},{"damage":27,"enemies":"2 Orb Walkers","floor":39,"turns":3},{"damage":51,"enemies":"Giant Head","floor":40,"turns":5},{"damage":10,"enemies":"Reptomancer","floor":42,"turns":3},{"damage":6,"enemies":"Orb Walker","floor":44,"turns":2},{"damage":21,"enemies":"4 Shapes","floor":45,"turns":2},{"damage":36,"enemies":"Nemesis","floor":47,"turns":5},{"damage":10,"enemies":"Sphere and 2 Shapes","floor":48,"turns":3},{"damage":43,"enemies":"Donu and Deca","floor":50,"turns":5},{"damage":58,"enemies":"Shield and Spear","floor":54,"turns":2},{"damage":144,"enemies":"The Heart","floor":55,"turns":9}],"seed_played":"-7271508692221775822","potions_obtained":[{"floor":4,"key":"Strength Potion"},{"floor":11,"key":"LiquidBronze"},{"floor":12,"key":"Ancient Potion"},{"floor":16,"key":"Fire Potion"},{"floor":20,"key":"DuplicationPotion"},{"floor":28,"key":"LiquidMemories"},{"floor":30,"key":"SteroidPotion"},{"floor":33,"key":"BlessingOfTheForge"},{"floor":40,"key":"Regen Potion"},{"floor":54,"key":"PowerPotion"}],"is_trial":false,"path_per_floor":["M","M","$","M","M","E","M","R","T","R","E","M","?","E","R","B",null,"M","?","M","T","M","R","E","M","T","E","M","?","E","?","R","B",null,"M","$","?","T","?","E","R","E","T","M","M","R","E","M","R","B",null,"R","$","E","B",null],"character_chosen":"REMILIA","items_purchased":["Pen Nib","TwelveNightmare","Singing Bowl","Ornamental Fan","War Paint","Frozen Eye"],"campfire_rested":0,"item_purchase_floors":[3,3,36,53,53,53],"current_hp_per_floor":[75,75,75,75,72,65,63,63,63,63,65,65,54,53,53,39,75,57,57,59,59,49,49,59,62,62,69,75,75,35,35,47,25,81,78,78,78,78,72,85,85,85,85,84,77,89,63,67,79,91,91,91,91,93,23],"gold":73,"neow_bonus":"HUNDRED_GOLD","is_daily":false,"chose_seed":false,"campfire_upgraded":5,"win_rate":0.0,"timestamp":1608154892,"path_taken":["M","M","$","M","M","E","M","R","T","R","E","M","?","E","R","BOSS","M","?","?","?","M","R","E","M","T","E","M","?","E","?","R","BOSS","M","$","?","?","?","E","R","E","T","M","M","R","E","M","R","BOSS","R","$","E","BOSS"],"items_purchased_type":["Relic","Card","Relic","Relic","Relic","Relic"],"build_version":"2020-12-13","purchased_purges":2,"victory":true,"max_hp_per_floor":[75,75,75,75,75,75,75,75,75,75,75,75,75,75,75,75,75,75,75,75,75,75,75,75,75,75,75,75,75,75,75,75,75,81,81,81,81,81,83,85,85,85,85,87,89,89,91,91,91,91,91,91,91,93,93],"card_choices":[{"not_picked":["VampireKiss","RedRainbow"],"picked":"MastersStateliness","floor":1},{"not_picked":["StarOfDavid","EndlessAdversity"],"picked":"NightDance","floor":2},{"not_picked":["StarOfDavid","NightDance"],"picked":"BloodAndWine","floor":4},{"not_picked":["DiffusionOfMisfortune","BlasphemousPunishment"],"picked":"LeisurelyOfLord","floor":5},{"not_picked":["ForbiddenFruit","ScarletDevil","ScarletNetherworld"],"picked":"SKIP","floor":6},{"not_picked":["StarOfDavid","ScarletDevil"],"picked":"QueenOfMidnight","floor":7},{"not_picked":["UltimateOffering","ChaoticDestiny"],"picked":"TricksterDevil","floor":11},{"not_picked":["BloodHunter","ScarletDevil","UnstableMagic"],"picked":"SKIP","floor":12},{"not_picked":["NightLord","StarOfDavid","EndlessAdversity"],"picked":"SKIP","floor":14},{"not_picked":["BloodRain","BatForm"],"picked":"KillingBlow","floor":16},{"not_picked":["CharismaGuard","BloodHunter"],"picked":"BlasphemousPunishment+1","floor":18},{"not_picked":["BloodAndWine+1","ScarletDevil","DiffusionOfMisfortune"],"picked":"SKIP","floor":20},{"not_picked":["VampireKiss","BlasphemousPunishment","UnstableMagic"],"picked":"SKIP","floor":22},{"not_picked":["RedRainbow","EmergencyRegeneration"],"picked":"HunterOfTheNight+1","floor":24},{"not_picked":["MastersStateliness+1","CharismaGuard"],"picked":"EquivalentExchange","floor":25},{"not_picked":["Ultimatum+1","RedRainbow"],"picked":"BombardNight","floor":27},{"not_picked":["FavorOfDestiny+1","Maim","BombardNight+1"],"picked":"SKIP","floor":28},{"not_picked":["ChaoticDestiny","ScarletDevil","StarOfDavid"],"picked":"SKIP","floor":30},{"not_picked":["StarOfDavid+1","CharismaGuard","BombardNight"],"picked":"SKIP","floor":35},{"not_picked":["UnstableMagic","BombardNight+1","VampireFantasy+1"],"picked":"Singing Bowl","floor":39},{"not_picked":["NightLord","BlasphemousPunishment","BloodHunter"],"picked":"Singing Bowl","floor":40},{"not_picked":["Maim+1","Septette+1"],"picked":"ForecastOfChange","floor":42},{"not_picked":["StarOfDavid","BloodyMagicSquare","ScarletDevil"],"picked":"Singing Bowl","floor":44},{"not_picked":["DiffusionOfMisfortune","MastersStateliness+1","VampireKiss+1"],"picked":"Singing Bowl","floor":45},{"not_picked":["VampireFantasy+1","RedRainbow+1","ScarletSymphony+1"],"picked":"Singing Bowl","floor":47},{"not_picked":["RedNightlessCastle","BatForm"],"picked":"Stigmanizer+1","floor":48},{"not_picked":["EmergencyRegeneration","StarOfDavid","VampireKiss+1"],"picked":"Singing Bowl","floor":54}],"player_experience":400583,"relics_obtained":[{"floor":6,"key":"Blood Vial"},{"floor":9,"key":"Shuriken"},{"floor":11,"key":"Tiny Chest"},{"floor":14,"key":"Girya"},{"floor":21,"key":"Whetstone"},{"floor":24,"key":"Potion Belt"},{"floor":27,"key":"Darkstone Periapt"},{"floor":30,"key":"Eternal Feather"},{"floor":34,"key":"Orichalcum"},{"floor":34,"key":"Letter Opener"},{"floor":34,"key":"FossilizedHelix"},{"floor":38,"key":"Bottled Lightning"},{"floor":39,"key":"StoneCalendar"},{"floor":40,"key":"Gremlin Horn"},{"floor":42,"key":"Dream Catcher"},{"floor":43,"key":"Oddly Smooth Stone"},{"floor":47,"key":"Vajra"},{"floor":54,"key":"ScarletDevilRocket"}],"event_choices":[{"damage_healed":0,"gold_gain":75,"player_choice":"Gather Gold","damage_taken":11,"max_hp_gain":0,"max_hp_loss":0,"event_name":"World of Goop","floor":13,"gold_loss":0},{"damage_healed":0,"gold_gain":0,"player_choice":"Bought 0 Potions","damage_taken":0,"max_hp_gain":0,"max_hp_loss":0,"event_name":"The Woman in Blue","floor":19,"gold_loss":0},{"damage_healed":0,"gold_gain":99,"player_choice":"Stole From Cult","damage_taken":0,"max_hp_gain":0,"max_hp_loss":0,"event_name":"Nest","floor":29,"gold_loss":0},{"damage_healed":0,"gold_gain":0,"player_choice":"Ignored","damage_taken":0,"max_hp_gain":0,"max_hp_loss":0,"event_name":"Ghosts","floor":31,"gold_loss":0},{"damage_healed":0,"gold_gain":0,"player_choice":"Ignored","damage_taken":0,"max_hp_gain":0,"max_hp_loss":0,"event_name":"Tomb of Lord Red Mask","floor":37,"gold_loss":0},{"damage_healed":0,"gold_gain":0,"player_choice":"Fight","damage_taken":0,"max_hp_gain":0,"max_hp_loss":0,"event_name":"Mysterious Sphere","floor":39,"gold_loss":0}],"is_beta":false,"boss_relics":[{"not_picked":["Philosopher\u0027s Stone","Coffee Dripper"],"picked":"APieceOfRedMist"},{"not_picked":["SacredBark","Pandora\u0027s Box"],"picked":"Calling Bell"}],"items_purged_floors":[36,53],"is_endless":false,"potions_floor_spawned":[4,11,12,16,20,28,30,33,40,47,48,54],"ascension_level":3}}