{"host":"ki5kvxn974a96omm","time":1608084147,"event":{"mods":["BaseMod","Better Altar","Better Match","Better Note","Better Sensory Stone","Better Skull","Colored Map","Colored Powertips","Highlight Path","Minty Spire (QoL Compilation)","Random Character Button","Relic Sorter","StSLib"],"gold_per_floor":[13,27,46,58,58,58,113,130,154,29,40,40,51,71,71,146,146,134,151,161,161,18,35,35,46,70,70,70,81,97,123,123,123,123],"floor_reached":33,"playtime":2087,"items_purged":[],"score":489,"play_id":"9e9e9810-1960-4888-a0f9-c4acfddf912d","local_time":"20201215210227","is_ascension_mode":true,"campfire_choices":[{"data":"Deadly Poison","floor":6,"key":"SMITH"},{"data":"Burst","floor":12,"key":"SMITH"},{"floor":15,"key":"REST"},{"floor":28,"key":"REST"},{"floor":32,"key":"REST"}],"circlet_count":0,"master_deck":["AscendersBane","Strike_G","Strike_G","Strike_G","Defend_G","Defend_G","Defend_G","Defend_G","Defend_G","Survivor","Neutralize","Deadly Poison+1","Dagger Spray","Burst+1","PiercingWail","Infinite Blades","Quick Slash","Caltrops+1","Dodge and Roll","Wraith Form v2","Concentrate+1","Dash+1","Glass Knife","Grand Finale","Dash+1","Noxious Fumes","Dash","Bandage Up","Blind","Footwork+1","PiercingWail","Venomology"],"relics":["Ring of the Snake","Regal Pillow","Strawberry","Fusion Hammer","DollysMirror","Bag of Marbles","Juzu Bracelet"],"acts_visited":["Exordium","TheCity"],"potions_floor_usage":[4,7,8,16,16,25,29,31,33],"damage_taken":[{"damage":4,"enemies":"Jaw Worm","floor":1,"turns":9},{"damage":0,"enemies":"2 Louse","floor":2,"turns":2},{"damage":0,"enemies":"Small Slimes","floor":3,"turns":3},{"damage":7,"enemies":"Exordium Thugs","floor":4,"turns":5},{"damage":38,"enemies":"Gremlin Nob","floor":7,"turns":5},{"damage":0,"enemies":"Lots of Slimes","floor":8,"turns":3},{"damage":9,"enemies":"Large Slime","floor":11,"turns":6},{"damage":13,"enemies":"Exordium Thugs","floor":13,"turns":6},{"damage":4,"enemies":"Blue Slaver","floor":14,"turns":5},{"damage":14,"enemies":"Hexaghost","floor":16,"turns":9},{"damage":2,"enemies":"2 Thieves","floor":18,"turns":4},{"damage":0,"enemies":"3 Byrds","floor":19,"turns":5},{"damage":25,"enemies":"Snake Plant","floor":20,"turns":5},{"damage":33,"enemies":"Cultist and Chosen","floor":23,"turns":7},{"damage":9,"enemies":"Chosen and Byrds","floor":25,"turns":6},{"damage":8,"enemies":"Snecko","floor":29,"turns":4},{"damage":7,"enemies":"Snake Plant","floor":30,"turns":5},{"damage":21,"enemies":"Slavers","floor":31,"turns":5},{"damage":65,"enemies":"Champ","floor":33,"turns":11}],"seed_played":"742742702987923789","potions_obtained":[{"floor":1,"key":"Block Potion"},{"floor":2,"key":"Energy Potion"},{"floor":7,"key":"Swift Potion"},{"floor":8,"key":"Strength Potion"},{"floor":11,"key":"Strength Potion"},{"floor":14,"key":"Poison Potion"},{"floor":23,"key":"Energy Potion"},{"floor":25,"key":"AttackPotion"},{"floor":30,"key":"BlessingOfTheForge"}],"is_trial":false,"path_per_floor":["M","M","M","M","?","R","?","M","T","?","M","R","M","M","R","B",null,"M","M","M","?","$","M","$","M","T","?","R","M","M","E","R","B"],"character_chosen":"THE_SILENT","items_purchased":["DollysMirror"],"campfire_rested":3,"item_purchase_floors":[22],"current_hp_per_floor":[67,67,67,60,60,60,22,22,29,29,20,20,7,3,43,29,71,69,69,44,44,44,11,11,2,2,2,42,34,31,18,58,0,0],"gold":123,"neow_bonus":"TWENTY_PERCENT_HP_BONUS","is_daily":false,"chose_seed":false,"campfire_upgraded":2,"win_rate":0.0,"timestamp":1608084147,"path_taken":["M","M","M","M","?","R","?","?","T","?","M","R","M","M","R","BOSS","M","?","M","?","$","M","?","M","T","?","R","M","M","E","R","BOSS"],"items_purchased_type":["Relic"],"build_version":"2020-12-13","purchased_purges":0,"victory":false,"max_hp_per_floor":[78,78,78,78,78,78,78,78,85,85,85,85,85,85,85,85,85,85,85,85,85,85,85,85,85,85,85,85,85,85,85,85,85,85],"card_choices":[{"not_picked":["Well Laid Plans","Acrobatics"],"picked":"Deadly Poison","floor":1},{"not_picked":["Eviscerate","Prepared"],"picked":"Dagger Spray","floor":2},{"not_picked":["Deflect","PiercingWail"],"picked":"Burst","floor":3},{"not_picked":["Heel Hook","Deadly Poison"],"picked":"PiercingWail","floor":4},{"not_picked":["Riddle With Holes","Dagger Spray"],"picked":"Infinite Blades","floor":7},{"not_picked":["Bullet Time","Dagger Spray"],"picked":"Quick Slash","floor":8},{"not_picked":["Dash+1","Escape Plan+1"],"picked":"Caltrops+1","floor":10},{"not_picked":["All Out Attack","Blade Dance"],"picked":"Dodge and Roll","floor":11},{"not_picked":["Cloak And Dagger","Slice","Outmaneuver"],"picked":"SKIP","floor":13},{"not_picked":["Prepared","Poisoned Stab","Quick Slash"],"picked":"SKIP","floor":14},{"not_picked":["Burst","After Image"],"picked":"Wraith Form v2","floor":16},{"not_picked":["Flying Knee","Poisoned Stab","Underhanded Strike"],"picked":"SKIP","floor":18},{"not_picked":["Flying Knee+1","Outmaneuver"],"picked":"Concentrate+1","floor":19},{"not_picked":["Envenom","Quick Slash"],"picked":"Dash+1","floor":20},{"not_picked":["Backstab","Escape Plan"],"picked":"Noxious Fumes","floor":23},{"not_picked":["Finisher","Outmaneuver"],"picked":"Dash","floor":25},{"not_picked":["Dark Shackles","Secret Weapon"],"picked":"Bandage Up","floor":27},{"not_picked":["Forethought","Panacea"],"picked":"Blind","floor":27},{"not_picked":["Flying Knee","Dodge and Roll"],"picked":"Footwork+1","floor":29},{"not_picked":["Cloak And Dagger","Tactician"],"picked":"PiercingWail","floor":30},{"not_picked":["PiercingWail","Distraction"],"picked":"Venomology","floor":31}],"player_experience":1617045,"relics_obtained":[{"floor":7,"key":"Regal Pillow"},{"floor":9,"key":"Strawberry"},{"floor":26,"key":"Bag of Marbles"},{"floor":31,"key":"Juzu Bracelet"}],"event_choices":[{"damage_healed":0,"gold_gain":0,"player_choice":"Ignored","damage_taken":0,"max_hp_gain":0,"max_hp_loss":0,"event_name":"Liars Game","floor":5,"gold_loss":0},{"damage_healed":0,"gold_gain":0,"player_choice":"Searched \u00271\u0027 times","damage_taken":0,"max_hp_gain":0,"max_hp_loss":0,"event_name":"Dead Adventurer","floor":7,"gold_loss":0},{"damage_healed":0,"gold_gain":0,"player_choice":"2","damage_taken":0,"max_hp_gain":0,"max_hp_loss":0,"event_name":"betterMatch:BetterMatch","floor":10,"gold_loss":0,"cards_obtained":["betterMatch:UncommonCard"]},{"damage_healed":0,"gold_gain":0,"cards_transformed":["Strike_G","Strike_G"],"player_choice":"Became Test Subject","damage_taken":0,"max_hp_gain":0,"max_hp_loss":0,"event_name":"Drug Dealer","floor":21,"gold_loss":0,"cards_obtained":["Glass Knife","Grand Finale"]},{"damage_healed":0,"gold_gain":2,"player_choice":"1","damage_taken":0,"max_hp_gain":0,"max_hp_loss":0,"event_name":"betterStone:BetterStone","floor":27,"gold_loss":0}],"is_beta":false,"boss_relics":[{"not_picked":["Tiny House","Calling Bell"],"picked":"Fusion Hammer"}],"items_purged_floors":[],"is_endless":false,"potions_floor_spawned":[1,2,7,8,11,14,23,25,30],"killed_by":"Champ","ascension_level":15}}