{"host":"97xrrfc9klt1b555","time":1608096274,"event":{"mods":["2.2 Compatiblity","Act Like it!","AlwaysNeverKeys","Aspiration","BaseMod","Better Third Choice","BetterRewards","Colored Map","Colored Powertips","Conspire","DeckTracker","Downfall","Energized Spire","Exacting","Friendly Minions","GifTheSpireLib","Halation","Highlight Path","Hubris","Infinite Spire","Minty Spire (QoL Compilation)","Permanent Neow","Quick Restart","RatMod","Replay The Spire","Spikes Relics","StSLib","Strawberry Spire","Stuff the Spire","SuperFastMode","The Servant 0.9.4","Trackpad","vexMod"],"gold_per_floor":[112,145,180,180,80,80,80,80],"floor_reached":7,"playtime":276,"items_purged":[],"score":41,"play_id":"49b124b9-6425-485d-b774-9bcadfef1cf9","local_time":"20201216002434","is_ascension_mode":false,"campfire_choices":[{"data":"StuffTheSpire:Innocence","floor":6,"key":"SMITH"}],"circlet_count":0,"master_deck":["Strike_S","Strike_S","Strike_S","Strike_S","Defend_S","Defend_S","Defend_S","Defend_S","KidneyShot","Exchange","Comet","Duplication","FastForward","StuffTheSpire:Innocence+1","Ghostly"],"relics":["Uniform","ReplayTheSpireMod:TigerMarble"],"acts_visited":["Exordium"],"potions_floor_usage":[],"damage_taken":[{"damage":0,"enemies":"Cultist","floor":1,"turns":3},{"damage":0,"enemies":"Small Slimes","floor":2,"turns":2},{"damage":0,"enemies":"conspire:RoseBush","floor":3,"turns":5},{"damage":26,"enemies":"strawberrySpire:EnergyPylons","floor":7,"turns":6}],"seed_played":"-8500121998239176647","potions_obtained":[],"is_trial":false,"path_per_floor":["M","M","M","?","?","R","E"],"character_chosen":"THE_SERVANT","items_purchased":[],"campfire_rested":0,"item_purchase_floors":[],"current_hp_per_floor":[65,65,65,58,58,58,32,32],"gold":80,"neow_bonus":"RANDOM_COMMON_RELIC","is_daily":false,"chose_seed":false,"campfire_upgraded":1,"win_rate":0.0,"timestamp":1608096274,"path_taken":["M","M","M","?","?","R","E"],"items_purchased_type":[],"build_version":"2020-12-13","purchased_purges":0,"victory":false,"max_hp_per_floor":[65,65,65,65,65,65,65,65],"card_choices":[{"not_picked":["Unruled","FastForward"],"picked":"Comet","floor":1},{"not_picked":["BestPractice","Collapse"],"picked":"Duplication","floor":2},{"not_picked":["Unruled","SpecialFormula"],"picked":"FastForward","floor":3}],"player_experience":838991,"relics_obtained":[],"event_choices":[{"damage_healed":0,"gold_gain":0,"player_choice":"Argue","damage_taken":0,"max_hp_gain":0,"max_hp_loss":0,"event_name":"conspire:LoneGhost","floor":5,"gold_loss":0}],"is_beta":false,"boss_relics":[],"items_purged_floors":[],"is_endless":false,"potions_floor_spawned":[],"killed_by":"strawberrySpire:EnergyPylons","ascension_level":0}}