{"host":"15dd7v8o90xso62x","time":1608110201,"event":{"mods":["BaseMod","Minty Spire (QoL Compilation)","Quick Restart","StSLib"],"gold_per_floor":[10,10,28,41,57,57,85,85,136,171,190,14,26,36,36,114,114,126,126,51,67,67,102,102,102,102,132,42,42,368,387,387,464,464,475,80,0,50,66,93,112,112,112,112,122,156,156,181,181,181],"floor_reached":51,"playtime":1928,"items_purged":["Strike_B","Strike_B"],"score":2018,"play_id":"b3fd244a-0623-48f5-83ee-50069083a4f2","local_time":"20201216181641","is_ascension_mode":true,"campfire_choices":[{"data":"Metamorphosis","floor":6.0,"key":"SMITH"},{"data":"Reprogram","floor":8.0,"key":"SMITH"},{"data":"Apotheosis","floor":15.0,"key":"SMITH"},{"floor":24.0,"key":"REST"},{"floor":32.0,"key":"REST"},{"data":"Seek","floor":44,"key":"SMITH"},{"data":"Deep Breath","floor":47,"key":"SMITH"},{"floor":49,"key":"REST"}],"circlet_count":0,"master_deck":["AscendersBane","Defend_B","Defend_B","Defend_B","Defend_B","Zap","Dualcast","Metamorphosis+1","Coolheaded","Turbo","Reprogram+1","BootSequence","Apotheosis+1","Skim","Beam Cell","Core Surge","Double Energy+1","Deep Breath+1","Stack","Buffer","Seek+1"],"relics":["Cracked Core","Ornamental Fan","Akabeko","Toy Ornithopter","Sozu","Enchiridion","InkBottle","FossilizedHelix","Nunchaku","Bottled Flame","Old Coin","Cursed Key","ClockworkSouvenir","Anchor","Red Mask","Singing Bowl","Mercury Hourglass","Juzu Bracelet"],"acts_visited":["Exordium","TheCity","TheBeyond"],"potions_floor_usage":[],"damage_taken":[{"damage":2.0,"enemies":"Small Slimes","floor":1.0,"turns":4.0},{"damage":1.0,"enemies":"Cultist","floor":3.0,"turns":3.0},{"damage":7.0,"enemies":"Jaw Worm","floor":4.0,"turns":3.0},{"damage":4.0,"enemies":"2 Fungi Beasts","floor":5.0,"turns":2.0},{"damage":2.0,"enemies":"3 Sentries","floor":7.0,"turns":4.0},{"damage":12.0,"enemies":"Gremlin Nob","floor":10.0,"turns":4.0},{"damage":4.0,"enemies":"Looter","floor":11.0,"turns":3.0},{"damage":6.0,"enemies":"Blue Slaver","floor":13.0,"turns":3.0},{"damage":16.0,"enemies":"Exordium Thugs","floor":14.0,"turns":5.0},{"damage":0.0,"enemies":"Hexaghost","floor":16.0,"turns":6.0},{"damage":2.0,"enemies":"Shell Parasite","floor":18.0,"turns":3.0},{"damage":11.0,"enemies":"Spheric Guardian","floor":21.0,"turns":3.0},{"damage":1.0,"enemies":"Book of Stabbing","floor":23.0,"turns":5.0},{"damage":27.0,"enemies":"Slavers","floor":27.0,"turns":4.0},{"damage":0.0,"enemies":"Gremlin Leader","floor":30.0,"turns":3.0},{"damage":0.0,"enemies":"Snecko","floor":31.0,"turns":4.0},{"damage":0.0,"enemies":"Collector","floor":33.0,"turns":4.0},{"damage":0.0,"enemies":"3 Shapes","floor":35.0,"turns":5.0},{"damage":0.0,"enemies":"Orb Walker","floor":39.0,"turns":3.0},{"damage":0.0,"enemies":"Reptomancer","floor":40.0,"turns":4.0},{"damage":0.0,"enemies":"Transient","floor":41.0,"turns":5.0},{"damage":0,"enemies":"Sphere and 2 Shapes","floor":45,"turns":4},{"damage":0,"enemies":"Giant Head","floor":46,"turns":6},{"damage":12,"enemies":"Reptomancer","floor":48,"turns":5},{"damage":0,"enemies":"Donu and Deca","floor":50,"turns":4}],"seed_played":"7251006032838161326","potions_obtained":[{"floor":1.0,"key":"Block Potion"},{"floor":3.0,"key":"Ancient Potion"},{"floor":11.0,"key":"FocusPotion"}],"is_trial":false,"path_per_floor":["M","?","M","M","M","R","E","R","T","E","M","$","M","M","R","B",null,"M","?","$","M","?","E","R","?","T","E","$","T","E","M","R","B",null,"M","$","?","?","M","E","M","$","T","R","M","E","R","E","R","B",null],"character_chosen":"DEFECT","items_purchased":["Apotheosis","Deep Breath","ClockworkSouvenir","Anchor"],"campfire_rested":3,"item_purchase_floors":[12,28,36,36],"current_hp_per_floor":[62,62,61,54,50,50,48,48,48,36,32,32,26,10,10,10,56,54,33,33,22,22,26,47,47,47,20,20,20,20,20,41,41,64,64,64,64,64,64,66,68,68,68,68,70,72,72,62,81,81],"gold":181,"neow_bonus":"RANDOM_COLORLESS_2","is_daily":false,"chose_seed":false,"campfire_upgraded":5,"win_rate":0.0,"timestamp":1608110201,"path_taken":["M","?","M","?","M","R","E","R","T","E","?","$","M","M","R","BOSS","M","?","$","M","?","E","R","?","T","E","?","?","E","?","R","BOSS","M","$","?","?","?","E","M","?","T","R","M","E","R","E","R","BOSS"],"items_purchased_type":["Card","Card","Relic","Relic"],"build_version":"2020-12-13","purchased_purges":2,"victory":true,"max_hp_per_floor":[71,71,71,71,71,71,71,71,71,71,71,71,71,71,71,71,71,71,71,71,71,71,71,71,71,71,71,71,71,71,71,71,71,71,71,71,71,71,71,73,75,75,75,75,77,79,79,81,81,81],"card_choices":[{"not_picked":["Secret Weapon","Violence"],"picked":"Metamorphosis","floor":0.0},{"not_picked":["Capacitor","Sweeping Beam"],"picked":"Coolheaded","floor":1.0},{"not_picked":["Consume","Hello World"],"picked":"Turbo","floor":3.0},{"not_picked":["Sweeping Beam","Loop","Go for the Eyes"],"picked":"SKIP","floor":4.0},{"not_picked":["Static Discharge","Hologram"],"picked":"Reprogram","floor":5.0},{"not_picked":["Auto Shields","Go for the Eyes","Storm"],"picked":"SKIP","floor":7.0},{"not_picked":["Rebound","Doom and Gloom"],"picked":"BootSequence","floor":10.0},{"not_picked":["Meteor Strike","Redo","Coolheaded"],"picked":"SKIP","floor":11.0},{"not_picked":["Streamline","Capacitor","Melter"],"picked":"SKIP","floor":13.0},{"not_picked":["Rebound","Hyperbeam"],"picked":"Skim","floor":14.0},{"not_picked":["Barrage+1","Ball Lightning"],"picked":"Beam Cell","floor":18.0},{"not_picked":["Force Field","Coolheaded","Melter+1"],"picked":"SKIP","floor":21.0},{"not_picked":["Tempest","Redo"],"picked":"Core Surge","floor":23.0},{"not_picked":["Glacier","Melter"],"picked":"Double Energy+1","floor":27.0},{"not_picked":["Cold Snap","Rip and Tear"],"picked":"Stack","floor":30.0},{"not_picked":["Chaos","Redo"],"picked":"Buffer","floor":31.0},{"not_picked":["Echo Form","Amplify"],"picked":"Seek","floor":33.0},{"not_picked":["Defragment","Rebound","Streamline"],"picked":"SKIP","floor":35.0},{"not_picked":["Undo","Sweeping Beam","Defragment+1"],"picked":"SKIP","floor":39.0},{"not_picked":["Leap+1","Fission","Cold Snap"],"picked":"Singing Bowl","floor":40.0},{"not_picked":["Turbo","Heatsinks+1","Steam Power"],"picked":"Singing Bowl","floor":41.0},{"not_picked":["Reprogram","Heatsinks+1","Rip and Tear"],"picked":"Singing Bowl","floor":45},{"not_picked":["Undo","Go for the Eyes","Rebound"],"picked":"Singing Bowl","floor":46},{"not_picked":["Stack","Go for the Eyes","Beam Cell"],"picked":"Singing Bowl","floor":48}],"player_experience":914332,"relics_obtained":[{"floor":7.0,"key":"Ornamental Fan"},{"floor":9.0,"key":"Akabeko"},{"floor":10.0,"key":"Toy Ornithopter"},{"floor":19.0,"key":"Enchiridion"},{"floor":23.0,"key":"InkBottle"},{"floor":26.0,"key":"FossilizedHelix"},{"floor":27.0,"key":"Nunchaku"},{"floor":29.0,"key":"Bottled Flame"},{"floor":30.0,"key":"Old Coin"},{"floor":40.0,"key":"Singing Bowl"},{"floor":46,"key":"Mercury Hourglass"},{"floor":48,"key":"Juzu Bracelet"}],"event_choices":[{"cards_removed":["Strike_B"],"damage_healed":0.0,"max_hp_gain":0.0,"max_hp_loss":0.0,"gold_gain":0.0,"event_name":"Purifier","player_choice":"Purged","floor":2.0,"gold_loss":0.0,"damage_taken":0.0},{"damage_healed":0.0,"max_hp_gain":0.0,"max_hp_loss":0.0,"gold_gain":0.0,"event_name":"Cursed Tome","player_choice":"Obtained Book","floor":19.0,"gold_loss":0.0,"damage_taken":21.0},{"cards_removed":["Strike_B"],"damage_healed":0.0,"max_hp_gain":0.0,"max_hp_loss":0.0,"gold_gain":0.0,"event_name":"Back to Basics","player_choice":"Elegance","floor":22.0,"gold_loss":0.0,"damage_taken":0.0},{"damage_healed":0.0,"max_hp_gain":0.0,"max_hp_loss":0.0,"gold_gain":0.0,"event_name":"The Mausoleum","player_choice":"Ignored","floor":25.0,"gold_loss":0.0,"damage_taken":0.0},{"damage_healed":0.0,"max_hp_gain":0.0,"max_hp_loss":0.0,"gold_gain":0.0,"event_name":"Tomb of Lord Red Mask","player_choice":"Paid","floor":37.0,"gold_loss":80.0,"damage_taken":0.0,"relics_obtained":["Red Mask"]},{"damage_healed":0.0,"max_hp_gain":0.0,"max_hp_loss":0.0,"gold_gain":50.0,"event_name":"Golden Shrine","player_choice":"Pray","floor":38.0,"gold_loss":0.0,"damage_taken":0.0}],"is_beta":false,"boss_relics":[{"not_picked":["Fusion Hammer","Inserter"],"picked":"Sozu"},{"not_picked":["Runic Dome","SacredBark"],"picked":"Cursed Key"}],"items_purged_floors":[20,36],"is_endless":false,"potions_floor_spawned":[1,3,11,14,18,27,39,41,45],"ascension_level":15}}