{"host":"nukjzc0ca34w6eem","time":1608107132,"event":{"mods":["2.2 Compatiblity","AchievementEnabler","BaseMod","Colored Powertips","Downfall","Minty Spire (QoL Compilation)","StSLib"],"gold_per_floor":[99,124,124,149,149,174,174,174,204,220,220,239,80,530,542,638,638,638,663,676,689,689,706,706,353,128,160,160,20,35,46,59,154,154,154,167,184,184,202,219,219,319,344,344,356,370,383,403,414,414],"floor_reached":51,"playtime":3757,"items_purged":["Guardian:Strike_Guardian","Slimebound:Icky","Guardian:Defend_Guardian"],"score":1020,"play_id":"1a2aea87-3256-4aa6-b965-c0fed43ef2b3","local_time":"20201216002532","is_ascension_mode":true,"campfire_choices":[{"floor":1.0,"key":"RECALL"},{"data":"Guardian:TwinSlam","floor":5.0,"key":"SMITH"},{"data":"Guardian:GemFinder","floor":8.0,"key":"SMITH"},{"data":"Guardian:Preprogram","floor":18.0,"key":"SMITH"},{"data":"Guardian:Orbwalk","floor":22.0,"key":"SMITH"},{"floor":26.0,"key":"REST"},{"data":"Guardian:CurlUp","floor":35.0,"key":"SMITH"},{"data":"Guardian:PiercingHide","floor":38.0,"key":"SMITH"},{"data":"1","floor":44.0,"key":"LIFT"}],"circlet_count":0,"master_deck":["Guardian:CurlUp+1","Guardian:TwinSlam+1","Guardian:GemFinder+1","Guardian:CrystalBeam+1","Guardian:BronzeOrb+1","Guardian:Preprogram+1","Guardian:PiercingHide+1","Guardian:Incinerate+1","Guardian:Orbwalk+1","Guardian:BronzeOrb+1","Guardian:WalkerClaw+1","Guardian:TimeSifter","Guardian:GuardianWhirl+1","Guardian:CrystalBeam+1","Guardian:RevengeProtocol","Guardian:ConstructionForm","Guardian:DonusPower+1","Guardian:Planning","Guardian:PrismaticBarrier+1","Guardian:StasisField","Guardian:FloatingOrbs"],"relics":["Guardian:ModeShifter","downfall:HeartsMalice","Regal Pillow","Guardian:PocketSentry","Molten Egg 2","Pear","Omamori","Sozu","Oddly Smooth Stone","Guardian:StasisCodex","downfall:HeartBlessingGreen","downfall:HeartBlessingRed","downfall:HeartBlessingBlue","Vajra","Pandora\u0027s Box","Girya","PreservedInsect"],"acts_visited":["Exordium","TheCity","TheBeyond"],"potions_floor_usage":[],"damage_taken":[{"damage":0.0,"enemies":"Gremlin Nob","floor":2.0,"turns":1.0},{"damage":0.0,"enemies":"Lagavulin","floor":4.0,"turns":1.0},{"damage":0.0,"enemies":"3 Sentries","floor":6.0,"turns":1.0},{"damage":24.0,"enemies":"Gremlin Nob","floor":9.0,"turns":5.0},{"damage":0.0,"enemies":"Small Slimes","floor":10.0,"turns":2.0},{"damage":0.0,"enemies":"Jaw Worm","floor":12.0,"turns":3.0},{"damage":0.0,"enemies":"downfall:FleeingMerchant","floor":13.0,"turns":4.0},{"damage":3.0,"enemies":"Cultist","floor":15.0,"turns":3.0},{"damage":15.0,"enemies":"downfall:Watcher","floor":16.0,"turns":6.0},{"damage":43.0,"enemies":"Gremlin Leader","floor":19.0,"turns":10.0},{"damage":0.0,"enemies":"3 Byrds","floor":20.0,"turns":3.0},{"damage":3.0,"enemies":"Spheric Guardian","floor":21.0,"turns":3.0},{"damage":17.0,"enemies":"Snecko","floor":23.0,"turns":4.0},{"damage":0.0,"enemies":"downfall:FleeingMerchant","floor":25.0,"turns":4.0},{"damage":16.0,"enemies":"Book of Stabbing","floor":27.0,"turns":5.0},{"damage":15.0,"enemies":"downfall:FleeingMerchant","floor":29.0,"turns":4.0},{"damage":5.0,"enemies":"Centurion and Healer","floor":30.0,"turns":4.0},{"damage":0.0,"enemies":"Cultist and Chosen","floor":31.0,"turns":4.0},{"damage":9.0,"enemies":"Sentry and Sphere","floor":32.0,"turns":4.0},{"damage":24.0,"enemies":"downfall:Silent","floor":33.0,"turns":6.0},{"damage":0.0,"enemies":"Orb Walker","floor":36.0,"turns":3.0},{"damage":10.0,"enemies":"3 Shapes","floor":37.0,"turns":3.0},{"damage":11.0,"enemies":"Sphere and 2 Shapes","floor":39.0,"turns":4.0},{"damage":4.0,"enemies":"Transient","floor":40.0,"turns":5.0},{"damage":13.0,"enemies":"Giant Head","floor":43.0,"turns":6.0},{"damage":0.0,"enemies":"Spire Growth","floor":45.0,"turns":2.0},{"damage":0.0,"enemies":"Maw","floor":46.0,"turns":4.0},{"damage":0,"enemies":"4 Shapes","floor":47,"turns":3},{"damage":21,"enemies":"Writhing Mass","floor":48,"turns":3},{"damage":11,"enemies":"Spire Growth","floor":49,"turns":3},{"damage":9,"enemies":"downfall:Ironclad","floor":50,"turns":5}],"seed_played":"-3920892515493133308","potions_obtained":[{"floor":4.0,"key":"Regen Potion"},{"floor":9.0,"key":"FearPotion"},{"floor":12.0,"key":"Guardian:StasisDiscoveryPotion"},{"floor":15.0,"key":"SteroidPotion"}],"is_trial":false,"path_per_floor":["R","E","?","E","R","E","T","R","E","M","?","M","$","?","M","B",null,"R","E","M","M","R","M","T","$","R","E","?","$","M","M","M","B",null,"R","M","M","R","M","M","T","?","E","R","M","M","M","M","M","B",null],"character_chosen":"GUARDIAN","items_purchased":["Guardian:Gem_Fragmented","Guardian:StasisCodex"],"campfire_rested":1,"item_purchase_floors":[13,25],"current_hp_per_floor":[80,80,85,85,85,85,95,95,76,76,76,76,76,76,73,58,86,86,43,43,40,40,23,23,23,79,63,105,90,85,85,76,52,92,92,92,82,82,71,67,67,67,54,54,54,54,54,33,22,13],"gold":414,"neow_bonus":"THREE_ENEMY_KILL","is_daily":false,"chose_seed":false,"campfire_upgraded":6,"win_rate":0.0,"timestamp":1608107132,"path_taken":["R","E","?","E","R","E","T","R","E","M","?","?","$","?","M","BOSS","R","E","M","M","R","M","T","$","R","E","?","$","M","M","M","BOSS","R","M","?","R","?","M","T","?","E","R","M","M","M","?","M","BOSS"],"items_purchased_type":["Card","Relic"],"build_version":"2020-12-13","purchased_purges":3,"victory":true,"max_hp_per_floor":[80,80,85,85,85,85,95,95,95,95,95,95,95,95,95,95,95,95,95,95,95,95,95,95,95,105,105,105,105,105,105,105,105,105,105,105,105,105,105,105,105,105,105,105,105,105,105,105,105,105],"card_choices":[{"not_picked":["Guardian:VentSteam","Guardian:PiercingHide"],"picked":"Guardian:Gem_Yellow","floor":2.0},{"not_picked":["Guardian:Gem_Purple","Guardian:Incinerate"],"picked":"Guardian:Gem_Fragmented","floor":4.0},{"not_picked":["Guardian:Gem_Green","Guardian:Gem_Lightblue"],"picked":"Guardian:GemFinder","floor":6.0},{"not_picked":["Guardian:VentSteam","Guardian:GemFire+1"],"picked":"Guardian:CrystalBeam+1","floor":9.0},{"not_picked":["Guardian:Gem_Green","Guardian:Gem_Lightblue"],"picked":"Guardian:Gem_Cyan","floor":9.0},{"not_picked":["Guardian:Gem_Yellow","Guardian:Gem_Lightblue"],"picked":"Guardian:BronzeOrb+1","floor":10.0},{"not_picked":["Guardian:CrystalBeam+1","Guardian:RollAttack+1"],"picked":"Guardian:Preprogram","floor":12.0},{"not_picked":["Guardian:Gem_Cyan","Guardian:Gem_Lightblue"],"picked":"Guardian:Gem_Red","floor":12.0},{"not_picked":["Guardian:CrystalBeam+1","Guardian:Gem_Red"],"picked":"Guardian:PiercingHide","floor":13.0},{"not_picked":["Guardian:Gem_Lightblue","Guardian:Gem_Red"],"picked":"Guardian:Gem_Cyan","floor":15.0},{"not_picked":["Guardian:TemporalShield","Guardian:ChargeCore+1"],"picked":"Guardian:Incinerate+1","floor":15.0},{"not_picked":["Guardian:ConstructionForm","Guardian:Gem_Synthetic"],"picked":"Guardian:Gem_Orange","floor":16.0},{"not_picked":["Guardian:Gem_Green","Guardian:Gem_Lightblue"],"picked":"Guardian:Gem_Red","floor":16.0},{"not_picked":["Guardian:Recover","Guardian:Orbwalk"],"picked":"Guardian:Gem_Synthetic","floor":19.0},{"not_picked":["Guardian:Gem_Cyan","Guardian:Gem_Green"],"picked":"Guardian:Gem_Red","floor":19.0},{"not_picked":["Guardian:ChargeUp","Guardian:Gem_Red"],"picked":"Guardian:Orbwalk","floor":20.0},{"not_picked":["Guardian:DonusPower","Guardian:Preprogram"],"picked":"Guardian:BronzeOrb+1","floor":21.0},{"not_picked":["Guardian:SentryBeam+1","Guardian:GuardianWhirl+1","Guardian:PrimingBeam+1"],"picked":"SKIP","floor":23.0},{"not_picked":["Guardian:Gem_Red","Guardian:ShieldCharger"],"picked":"Guardian:Gem_Orange","floor":25.0},{"not_picked":["Guardian:ShieldSpikes","Guardian:Orbwalk+1"],"picked":"Guardian:WalkerClaw+1","floor":27.0},{"not_picked":["Guardian:PrimingBeam+1","Guardian:FuturePlans","Guardian:ShieldCharger"],"picked":"SKIP","floor":29.0},{"not_picked":["Guardian:MultiBeam+1","Guardian:WalkerClaw+1","Guardian:Gem_Red"],"picked":"SKIP","floor":30.0},{"not_picked":["Guardian:Incinerate+1","Guardian:Gem_Cyan","Guardian:TemporalShield+1"],"picked":"SKIP","floor":31.0},{"not_picked":["Guardian:TemporalStrike+1","Guardian:MultiBeam+1","Guardian:RefractedBeam+1"],"picked":"SKIP","floor":32.0},{"not_picked":["Guardian:ConstructionForm","Guardian:Gem_Synthetic"],"picked":"Guardian:TimeSifter","floor":33.0},{"not_picked":["Guardian:ChargeCore+1","Guardian:Gem_Green","Guardian:Reroute+1"],"picked":"SKIP","floor":36.0},{"not_picked":["Guardian:TemporalStrike+1","Guardian:ChargeUp+1"],"picked":"Guardian:DonusPower+1","floor":37.0},{"not_picked":["Guardian:ChargeCore+1","Guardian:Gem_Cyan"],"picked":"Guardian:Planning","floor":39.0},{"not_picked":["Guardian:Suspension","Guardian:Recover"],"picked":"Guardian:PrismaticBarrier+1","floor":40.0},{"not_picked":["Guardian:Gem_Green","Guardian:ShieldSpikes"],"picked":"Guardian:StasisField","floor":43.0},{"not_picked":["Guardian:BronzeArmor+1","Guardian:Gem_Cyan","Guardian:GuardianWhirl+1"],"picked":"SKIP","floor":45.0},{"not_picked":["Guardian:VentSteam","Guardian:ShieldCharger+1","Guardian:RollAttack+1"],"picked":"SKIP","floor":46.0},{"not_picked":["Guardian:CrystalBeam+1","Guardian:Gem_Crimson","Guardian:RollAttack+1"],"picked":"SKIP","floor":47},{"not_picked":["Guardian:BronzeArmor+1","Guardian:Incinerate+1"],"picked":"Guardian:FloatingOrbs","floor":48},{"not_picked":["Guardian:Gem_Lightblue","Guardian:TemporalStrike+1","Guardian:Incinerate+1"],"picked":"SKIP","floor":49}],"player_experience":417210,"relics_obtained":[{"floor":2.0,"key":"Regal Pillow"},{"floor":4.0,"key":"Guardian:PocketSentry"},{"floor":6.0,"key":"Molten Egg 2"},{"floor":7.0,"key":"Pear"},{"floor":9.0,"key":"Omamori"},{"floor":19.0,"key":"Oddly Smooth Stone"},{"floor":27.0,"key":"Vajra"},{"floor":41.0,"key":"Girya"},{"floor":43.0,"key":"PreservedInsect"}],"event_choices":[{"damage_healed":0.0,"max_hp_gain":5.0,"max_hp_loss":0.0,"gold_gain":0.0,"event_name":"Big Fish","player_choice":"Donut","floor":3.0,"gold_loss":0.0,"damage_taken":0.0},{"damage_healed":42.0,"max_hp_gain":0.0,"max_hp_loss":0.0,"gold_gain":0.0,"event_name":"Wheel of Change","player_choice":"Full Heal","floor":28.0,"gold_loss":0.0,"damage_taken":0.0}],"is_beta":false,"boss_relics":[{"not_picked":["Astrolabe","Snecko Eye"],"picked":"Sozu"},{"not_picked":["Guardian:ModeShifterPlus","Runic Pyramid"],"picked":"Pandora\u0027s Box"}],"items_purged_floors":[13,25,29],"is_endless":false,"potions_floor_spawned":[4,9,12,15,20,21,31,32,33,39,43,47],"ascension_level":5}}