{"host":"n4fty02wqqi95laq","time":1608123787,"event":{"mods":["BaseMod","Highlight Path","Minty Spire (QoL Compilation)","Quick Restart","Rare Cards Sparkle","StSLib"],"gold_per_floor":[39,39,72,72,72,72,135,135,161,229,247,311,374,26,26,119,119,157,157,223,11,11,70,114,137,190,223,223,291,304,318,318,416,416,456,477,229,260,260,293,293,332,332,372,415,415,456,30,30,80,80,80,80,8,71,71],"floor_reached":57,"playtime":2229,"items_purged":["Eruption","Strike_P","Defend_P","Strike_P+1","Strike_P+1"],"score":3761,"play_id":"6b919195-afbb-4ffb-9006-9a218081ef77","local_time":"20201216210307","is_ascension_mode":true,"campfire_choices":[{"data":"HandOfGreed","floor":6.0,"key":"SMITH"},{"data":"Tantrum","floor":8.0,"key":"SMITH"},{"data":"Meditate","floor":15.0,"key":"SMITH"},{"floor":28.0,"key":"REST"},{"data":"Vault","floor":32.0,"key":"SMITH"},{"floor":46.0,"key":"RECALL"},{"data":"Vigilance","floor":49.0,"key":"SMITH"},{"floor":53.0,"key":"REST"}],"circlet_count":0,"master_deck":["AscendersBane","Strike_P+1","Defend_P+1","Defend_P+1","Defend_P+1","Vigilance+1","HandOfGreed+1","Tantrum+1","Prostrate+1","LessonLearned+1","MentalFortress+1","Meditate+1","Scrawl+1","CurseOfTheBell","Pray+1","Vault+1","Devotion+1","Wallop+1","Fasting2+1","ConjureBlade+1"],"relics":["HolyWater","Golden Idol","Oddly Smooth Stone","Akabeko","Centennial Puzzle","Bird Faced Urn","Matryoshka","Calling Bell","Bag of Preparation","The Courier","Pocketwatch","Enchiridion","OrangePellets","White Beast Statue","Smiling Mask","Ancient Tea Set","CloakClasp","Pen Nib","Medical Kit","TungstenRod","Potion Belt","Toy Ornithopter","HornCleat","Bronze Scales","Orichalcum","Membership Card","Damaru","Calipers","PreservedInsect","Art of War"],"acts_visited":["Exordium","TheCity","TheBeyond","TheEnding"],"potions_floor_usage":[56,56,56,56,56,56,56,56,56,56,56],"damage_taken":[{"damage":1.0,"enemies":"Cultist","floor":1.0,"turns":4.0},{"damage":0.0,"enemies":"Small Slimes","floor":3.0,"turns":3.0},{"damage":0.0,"enemies":"Lagavulin","floor":7.0,"turns":3.0},{"damage":0.0,"enemies":"Gremlin Nob","floor":10.0,"turns":1.0},{"damage":0.0,"enemies":"Jaw Worm","floor":11.0,"turns":2.0},{"damage":4.0,"enemies":"3 Sentries","floor":12.0,"turns":5.0},{"damage":0.0,"enemies":"3 Louse","floor":13.0,"turns":4.0},{"damage":22.0,"enemies":"The Guardian","floor":16.0,"turns":12.0},{"damage":0.0,"enemies":"2 Thieves","floor":18.0,"turns":4.0},{"damage":13.0,"enemies":"3 Byrds","floor":20.0,"turns":6.0},{"damage":3.0,"enemies":"Slavers","floor":23.0,"turns":5.0},{"damage":0.0,"enemies":"3 Cultists","floor":24.0,"turns":4.0},{"damage":7.0,"enemies":"Snake Plant","floor":25.0,"turns":3.0},{"damage":6.0,"enemies":"Book of Stabbing","floor":27.0,"turns":2.0},{"damage":0.0,"enemies":"Slavers","floor":29.0,"turns":3.0},{"damage":0.0,"enemies":"Shelled Parasite and Fungi","floor":30.0,"turns":2.0},{"damage":0.0,"enemies":"Centurion and Healer","floor":31.0,"turns":4.0},{"damage":0.0,"enemies":"Champ","floor":33.0,"turns":5.0},{"damage":0.0,"enemies":"3 Shapes","floor":35.0,"turns":5.0},{"damage":2.0,"enemies":"3 Darklings","floor":36.0,"turns":5.0},{"damage":0.0,"enemies":"Mind Bloom Boss Battle","floor":38.0,"turns":3.0},{"damage":0.0,"enemies":"Nemesis","floor":40.0,"turns":4.0},{"damage":0.0,"enemies":"Reptomancer","floor":42.0,"turns":2.0},{"damage":0.0,"enemies":"Nemesis","floor":44.0,"turns":4.0},{"damage":0.0,"enemies":"4 Shapes","floor":45.0,"turns":3.0},{"damage":0.0,"enemies":"Spire Growth","floor":47.0,"turns":2.0},{"damage":0.0,"enemies":"Awakened One","floor":50.0,"turns":8.0},{"damage":0.0,"enemies":"Time Eater","floor":51.0,"turns":7.0},{"damage":0.0,"enemies":"Shield and Spear","floor":55.0,"turns":4.0},{"damage":0,"enemies":"The Heart","floor":56,"turns":8}],"seed_played":"-5789882623758537919","potions_obtained":[{"floor":1.0,"key":"FearPotion"},{"floor":10.0,"key":"AttackPotion"},{"floor":12.0,"key":"CultistPotion"},{"floor":24.0,"key":"Fruit Juice"},{"floor":25.0,"key":"EntropicBrew"},{"floor":29.0,"key":"DistilledChaos"},{"floor":40.0,"key":"EntropicBrew"},{"floor":42.0,"key":"Swift Potion"},{"floor":44.0,"key":"FearPotion"},{"floor":45.0,"key":"BlessingOfTheForge"},{"floor":47.0,"key":"Block Potion"}],"is_trial":false,"path_per_floor":["M","?","M","?","T","R","E","R","T","E","M","E","M","$","R","B",null,"M","?","M","$","?","E","M","M","T","E","R","E","M","M","R","B",null,"M","M","$","?","?","E","?","E","T","E","M","R","M","$","R","B","B",null,"R","$","E","B",null],"character_chosen":"WATCHER","items_purchased":["Matryoshka","OrangePellets","Medical Kit","Wallop","Membership Card","Damaru","Calipers","PreservedInsect","Strength Potion"],"campfire_rested":2,"item_purchase_floors":[14,21,37,37,48,48,48,48,54],"current_hp_per_floor":[60,60,60,60,60,60,60,60,60,60,60,56,56,56,56,36,56,58,37,28,28,19,18,22,24,24,20,40,44,46,48,48,52,63,67,67,67,67,67,67,67,67,67,67,67,67,67,67,67,67,67,67,67,67,67,67],"gold":71,"neow_bonus":"RANDOM_COLORLESS_2","is_daily":false,"chose_seed":false,"campfire_upgraded":5,"win_rate":0.0,"timestamp":1608123787,"path_taken":["M","?","M","?","?","R","E","R","T","E","M","E","M","$","R","BOSS","M","?","M","$","?","E","M","M","T","E","R","E","M","?","R","BOSS","M","M","$","?","?","E","?","E","T","E","M","R","M","?","R","BOSS","BOSS","R","$","E","BOSS"],"items_purchased_type":["Relic","Relic","Relic","Card","Relic","Relic","Relic","Relic","Potion"],"build_version":"2020-12-13","purchased_purges":5,"victory":true,"max_hp_per_floor":[68,62,62,62,62,62,62,62,62,62,62,62,62,62,62,62,62,62,62,62,62,62,62,62,67,67,67,67,67,67,67,67,67,67,67,67,67,67,67,67,67,67,67,67,67,67,67,67,67,67,67,67,67,67,67,67],"card_choices":[{"not_picked":["Secret Weapon","Metamorphosis"],"picked":"HandOfGreed","floor":0.0},{"not_picked":["ThirdEye","PathToVictory"],"picked":"Tantrum","floor":1.0},{"not_picked":["FollowUp","Tantrum","CrushJoints"],"picked":"SKIP","floor":3.0},{"not_picked":["Prostrate","SignatureMove","Tantrum"],"picked":"SKIP","floor":7.0},{"not_picked":["SignatureMove","Tantrum"],"picked":"Prostrate","floor":7.0},{"not_picked":["CrushJoints","EmptyFist"],"picked":"LessonLearned","floor":10.0},{"not_picked":["PathToVictory","Vengeance"],"picked":"BowlingBash","floor":11.0},{"not_picked":["ThirdEye","CrushJoints"],"picked":"MentalFortress","floor":12.0},{"not_picked":["SignatureMove","WaveOfTheHand"],"picked":"Meditate","floor":13.0},{"not_picked":["LessonLearned","ConjureBlade"],"picked":"Scrawl","floor":16.0},{"not_picked":["SashWhip","Prostrate"],"picked":"Pray","floor":18.0},{"not_picked":["Evaluate","FollowUp","DeusExMachina"],"picked":"SKIP","floor":20.0},{"not_picked":["WaveOfTheHand+1","FlurryOfBlows","SignatureMove"],"picked":"SKIP","floor":23.0},{"not_picked":["Prostrate","Protect","EmptyBody"],"picked":"SKIP","floor":24.0},{"not_picked":["Evaluate","Halt","CutThroughFate+1"],"picked":"SKIP","floor":25.0},{"not_picked":["Halt","Nirvana+1","ReachHeaven"],"picked":"SKIP","floor":27.0},{"not_picked":["InnerPeace","FollowUp"],"picked":"Vault","floor":29.0},{"not_picked":["SandsOfTime","Halt","FollowUp"],"picked":"SKIP","floor":30.0},{"not_picked":["Consecrate","FollowUp","FlyingSleeves"],"picked":"SKIP","floor":31.0},{"not_picked":["DeusExMachina","Scrawl"],"picked":"Devotion","floor":33.0},{"not_picked":["PathToVictory","EmptyBody","Prostrate"],"picked":"SKIP","floor":35.0},{"not_picked":["SignatureMove","EmptyBody","Study"],"picked":"SKIP","floor":36.0},{"not_picked":["BattleHymn","Prostrate"],"picked":"Fasting2","floor":40.0},{"not_picked":["Halt+1","Alpha","Meditate"],"picked":"SKIP","floor":42.0},{"not_picked":["JustLucky","Weave","ConjureBlade"],"picked":"SKIP","floor":44.0},{"not_picked":["JustLucky","Weave"],"picked":"ConjureBlade","floor":44.0},{"not_picked":["Prostrate","BowlingBash","Consecrate"],"picked":"SKIP","floor":45.0},{"not_picked":["FlurryOfBlows","PathToVictory","SandsOfTime"],"picked":"SKIP","floor":47.0},{"not_picked":["EmptyFist","EmptyMind","Pray+1"],"picked":"SKIP","floor":55.0}],"player_experience":615800,"relics_obtained":[{"floor":7.0,"key":"Oddly Smooth Stone"},{"floor":9.0,"key":"Akabeko"},{"floor":10.0,"key":"Centennial Puzzle"},{"floor":12.0,"key":"Bird Faced Urn"},{"floor":17.0,"key":"Bag of Preparation"},{"floor":17.0,"key":"The Courier"},{"floor":17.0,"key":"Pocketwatch"},{"floor":19.0,"key":"Enchiridion"},{"floor":23.0,"key":"White Beast Statue"},{"floor":26.0,"key":"Smiling Mask"},{"floor":26.0,"key":"Ancient Tea Set"},{"floor":27.0,"key":"CloakClasp"},{"floor":29.0,"key":"Pen Nib"},{"floor":38.0,"key":"TungstenRod"},{"floor":40.0,"key":"Potion Belt"},{"floor":42.0,"key":"Toy Ornithopter"},{"floor":43.0,"key":"HornCleat"},{"floor":43.0,"key":"Bronze Scales"},{"floor":44.0,"key":"Orichalcum"},{"floor":55.0,"key":"Art of War"}],"event_choices":[{"damage_healed":0.0,"max_hp_gain":0.0,"max_hp_loss":6.0,"gold_gain":0.0,"event_name":"Golden Idol","player_choice":"Lose Max HP","floor":2.0,"gold_loss":0.0,"damage_taken":0.0,"relics_obtained":["Golden Idol"]},{"damage_healed":0.0,"max_hp_gain":0.0,"max_hp_loss":0.0,"gold_gain":0.0,"event_name":"Liars Game","player_choice":"Ignored","floor":4.0,"gold_loss":0.0,"damage_taken":0.0},{"damage_healed":0.0,"max_hp_gain":0.0,"max_hp_loss":0.0,"gold_gain":0.0,"event_name":"Cursed Tome","player_choice":"Obtained Book","floor":19.0,"gold_loss":0.0,"damage_taken":21.0},{"damage_healed":0.0,"max_hp_gain":0.0,"max_hp_loss":0.0,"gold_gain":0.0,"event_name":"Wheel of Change","player_choice":"Damaged","floor":22.0,"gold_loss":0.0,"damage_taken":9.0},{"damage_healed":0.0,"max_hp_gain":0.0,"max_hp_loss":0.0,"gold_gain":0.0,"event_name":"MindBloom","player_choice":"Fight","floor":38.0,"gold_loss":0.0,"damage_taken":0.0},{"cards_removed":["BowlingBash"],"damage_healed":0.0,"max_hp_gain":0.0,"max_hp_loss":0.0,"gold_gain":0.0,"event_name":"Falling","player_choice":"Removed Attack","floor":39.0,"gold_loss":0.0,"damage_taken":0.0},{"damage_healed":0.0,"max_hp_gain":0.0,"max_hp_loss":0.0,"gold_gain":0.0,"event_name":"Tomb of Lord Red Mask","player_choice":"Ignored","floor":41.0,"gold_loss":0.0,"damage_taken":0.0}],"is_beta":false,"boss_relics":[{"not_picked":["Runic Pyramid","Cursed Key"],"picked":"Calling Bell"},{"not_picked":["Pandora\u0027s Box","Busted Crown"],"picked":"HolyWater"}],"items_purged_floors":[14,21,37,48,54],"is_endless":false,"potions_floor_spawned":[1,10,12,13,24,25,27,29,30,31,33,35,36,38,40,42,44,45,47,55],"ascension_level":20}}