{"host":"ipcfr4ajj2jkxvg7","time":1608121830,"event":{"mods":["BaseMod","Colored Powertips","GifTheSpireLib","Marisa（F雨　魔理沙）","Minty Spire (QoL Compilation)","Quick Restart","Remilia（蕾米莉亚）","Replay The Spire","RumiaBox-露米娅的神秘盒子","StSLib"],"gold_per_floor":[118,118,138,157,31,59,59,89,89,89,89,89,89],"floor_reached":12,"playtime":206,"items_purged":["Defend_MRS"],"score":112,"play_id":"7baec01b-03be-4e86-b4d2-2b61f3f2937c","local_time":"20201216203030","is_ascension_mode":true,"campfire_choices":[{"data":"PropBag","floor":7.0,"key":"SMITH"},{"floor":10,"key":"REST"}],"circlet_count":0,"master_deck":["Strike_MRS","Strike_MRS","Strike_MRS","Strike_MRS","Defend_MRS","Defend_MRS","Defend_MRS","MasterSpark","UpSweep","EnergyFlow","MilkyWay","MilkyWay","DarkMatter","MysteriousBeam+1"],"relics":["MiniHakkero","NeowsBlessing","AddBug","SecretRecord"],"acts_visited":["Exordium"],"potions_floor_usage":[],"damage_taken":[{"damage":0.0,"enemies":"2 Louse","floor":1.0,"turns":1.0},{"damage":0.0,"enemies":"Cultist","floor":3.0,"turns":1.0},{"damage":5.0,"enemies":"Small Slimes","floor":4.0,"turns":2.0},{"damage":32.0,"enemies":"Gremlin Nob","floor":6.0,"turns":4.0},{"damage":20,"enemies":"Lagavulin","floor":8,"turns":6},{"damage":0,"enemies":"3 Sentries","floor":12,"turns":1}],"seed_played":"-5087917447136731907","potions_obtained":[{"floor":1.0,"key":"GamblersBrew"},{"floor":8,"key":"Swift Potion"}],"is_trial":false,"path_per_floor":["M","?","M","M","$","E","R","E","T","R","?","E"],"character_chosen":"MARISA","items_purchased":["MilkyWay"],"campfire_rested":1,"item_purchase_floors":[5],"current_hp_per_floor":[68,68,68,63,63,31,31,11,11,33,33,33,33],"gold":89,"neow_bonus":"THREE_ENEMY_KILL","is_daily":false,"chose_seed":false,"campfire_upgraded":1,"win_rate":0.0,"timestamp":1608121830,"path_taken":["M","?","?","M","$","E","R","E","T","R","?","E"],"items_purchased_type":["Card"],"build_version":"2020-12-13","purchased_purges":1,"victory":false,"max_hp_per_floor":[75,75,75,75,75,75,75,75,75,75,75,75,75],"card_choices":[{"not_picked":["EarthLightRay","DC"],"picked":"PropBag","floor":1.0},{"not_picked":["AlicesGift","PropBag"],"picked":"EnergyFlow","floor":3.0},{"not_picked":["IllusionStar","SporeBomb"],"picked":"MilkyWay","floor":4.0},{"not_picked":["OneTimeOff","DC"],"picked":"DarkMatter","floor":6.0},{"not_picked":["WitchOfGreed","GravityBeat","EscapeVelocity"],"picked":"SKIP","floor":8}],"player_experience":375367,"relics_obtained":[{"floor":1.0,"key":"AddBug"},{"floor":6.0,"key":"Torii"},{"floor":8,"key":"ReplayTheSpireMod:Ninjato"},{"floor":9,"key":"MagicDraw1"}],"event_choices":[{"damage_healed":0.0,"max_hp_gain":0.0,"max_hp_loss":0.0,"gold_gain":0.0,"event_name":"WeMeetAgain","player_choice":"Gave Potion","floor":2.0,"gold_loss":0.0,"damage_taken":0.0,"relics_obtained":["Bag of Marbles"]}],"is_beta":false,"boss_relics":[],"items_purged_floors":[5],"is_endless":false,"potions_floor_spawned":[1,8],"killed_by":"3 Sentries","ascension_level":6}}