{"host":"6xsbn6ynqlzwllfm","time":1608135002,"event":{"mods":["2.2 Compatiblity","BaseMod","Bestiary","Colored Map","Colored Powertips","Curses Come First","Downfall","Highlight Path","Minty Spire (QoL Compilation)","Quick Restart","Relic Stats","Slay the Relics Exporter","StSLib","SuperFastMode"],"gold_per_floor":[110,125,135,135,152,152,186,203,203,203,235,235,248,26,26,102,102,114,164,164,12,26,26,36,70,70,81,91,91,6,21,21,94,94,107,107,124,124,124],"floor_reached":38,"playtime":1824,"items_purged":["Strike_R","Doubt"],"score":841,"play_id":"878e9f02-6092-40ed-a348-03a99b6471f7","local_time":"20201216111002","is_ascension_mode":true,"campfire_choices":[{"data":"Armaments","floor":6.0,"key":"SMITH"},{"data":"Burning Pact","floor":10.0,"key":"SMITH"},{"floor":12,"key":"REST"},{"data":"Spot Weakness","floor":15,"key":"SMITH"},{"data":"Flex","floor":23,"key":"SMITH"},{"data":"Battle Trance","floor":32,"key":"SMITH"}],"circlet_count":0,"master_deck":["AscendersBane","Defend_R","Defend_R","Defend_R","Bash","Flame Barrier","Flex+1","Armaments+1","Burning Pact+1","Rage","Spot Weakness+1","Feel No Pain","Offering","Thunderclap","True Grit","Battle Trance+1","Immolate","Bite","Bite","Bite","Bite","Seeing Red","Sword Boomerang","Limit Break","Madness+1","Double Tap+1","Bloodletting+1","Body Slam+1"],"relics":["Runic Pyramid","Orichalcum","The Courier","Ornamental Fan","ClockworkSouvenir","Cursed Key","Membership Card","Sundial","Calipers","Astrolabe"],"acts_visited":["Exordium","TheCity","TheBeyond"],"potions_floor_usage":[11,16,25,25,28,33,38],"damage_taken":[{"damage":8.0,"enemies":"Jaw Worm","floor":1.0,"turns":6.0},{"damage":7.0,"enemies":"Small Slimes","floor":2.0,"turns":3.0},{"damage":1.0,"enemies":"Cultist","floor":3.0,"turns":3.0},{"damage":6.0,"enemies":"Looter","floor":5.0,"turns":2.0},{"damage":12.0,"enemies":"3 Sentries","floor":7.0,"turns":10.0},{"damage":8.0,"enemies":"Exordium Wildlife","floor":8.0,"turns":5.0},{"damage":14,"enemies":"Lagavulin","floor":11,"turns":5},{"damage":2,"enemies":"3 Louse","floor":13,"turns":4},{"damage":7,"enemies":"Hexaghost","floor":16,"turns":7},{"damage":6,"enemies":"3 Byrds","floor":18,"turns":4},{"damage":11,"enemies":"2 Thieves","floor":22,"turns":3},{"damage":13,"enemies":"Centurion and Healer","floor":24,"turns":5},{"damage":22,"enemies":"Book of Stabbing","floor":25,"turns":5},{"damage":15,"enemies":"Cultist and Chosen","floor":27,"turns":5},{"damage":0,"enemies":"Sentry and Sphere","floor":28,"turns":8},{"damage":6,"enemies":"Snecko","floor":31,"turns":6},{"damage":39,"enemies":"Automaton","floor":33,"turns":8},{"damage":23,"enemies":"3 Darklings","floor":35,"turns":7},{"damage":39,"enemies":"3 Shapes","floor":37,"turns":4},{"damage":38,"enemies":"Jaw Worm Horde","floor":38,"turns":2}],"seed_played":"-6144565494192867091","potions_obtained":[{"floor":3.0,"key":"FearPotion"},{"floor":5.0,"key":"SteroidPotion"},{"floor":7.0,"key":"LiquidBronze"},{"floor":13,"key":"Strength Potion"},{"floor":18,"key":"BloodPotion"},{"floor":27,"key":"EssenceOfSteel"},{"floor":31,"key":"CultistPotion"},{"floor":33,"key":"Strength Potion"},{"floor":37,"key":"Ancient Potion"}],"is_trial":false,"path_per_floor":["M","M","M","?","M","R","E","M","T","R","E","R","M","$","R","B",null,"M","?","?","$","M","R","M","E","T","M","M","?","$","M","R","B",null,"M","?","M","M"],"character_chosen":"IRONCLAD","items_purchased":["Feel No Pain","ClockworkSouvenir","Membership Card","Thunderclap","Seeing Red"],"campfire_rested":1,"item_purchase_floors":[14,14,21,21,30],"current_hp_per_floor":[60,53,52,52,46,46,34,26,26,26,12,34,32,32,32,25,63,57,57,57,57,46,46,33,26,26,11,11,11,11,25,25,15,43,52,49,22,0,0],"gold":124,"neow_bonus":"BOSS_RELIC","is_daily":false,"chose_seed":false,"campfire_upgraded":5,"win_rate":0.0,"timestamp":1608135002,"path_taken":["M","M","M","?","M","R","E","M","T","R","E","R","M","$","R","BOSS","M","?","?","?","M","R","?","E","T","M","M","?","$","M","R","BOSS","M","?","M","?"],"items_purchased_type":["Card","Relic","Relic","Card","Card"],"build_version":"2020-12-13","purchased_purges":2,"victory":false,"max_hp_per_floor":[75,75,75,75,75,75,75,75,75,75,75,75,75,75,75,75,75,75,75,75,75,75,75,75,75,75,75,75,52,52,52,52,52,52,52,52,52,52,52],"relic_stats":{"counters":[20,102],"Ornamental Fan":[84],"Sundial":[6],"Astrolabe":["Madness","Double Tap","Bloodletting"],"Orichalcum":[36],"Cursed Key":1,"obtain_stats":[{"Calipers":26,"Ornamental Fan":11,"Sundial":25,"Astrolabe":34,"The Courier":9,"Membership Card":21,"Orichalcum":7,"Cursed Key":17,"Burning Blood":0,"Runic Pyramid":0,"ClockworkSouvenir":14},{"Calipers":13,"Ornamental Fan":7,"Sundial":13,"Astrolabe":17,"The Courier":6,"Membership Card":10,"Orichalcum":5,"Cursed Key":9,"Burning Blood":0,"Runic Pyramid":0,"ClockworkSouvenir":8},{"Calipers":62,"Ornamental Fan":34,"Sundial":62,"Astrolabe":89,"The Courier":29,"Membership Card":49,"Orichalcum":24,"Cursed Key":45,"Burning Blood":0,"Runic Pyramid":0,"ClockworkSouvenir":38}]},"card_choices":[{"not_picked":["Perfected Strike","Evolve"],"picked":"Anger","floor":1.0},{"not_picked":["Wild Strike","Rage"],"picked":"Flame Barrier","floor":2.0},{"not_picked":["Pommel Strike","Thunderclap"],"picked":"Flex","floor":3.0},{"not_picked":["Bloodletting","Headbutt"],"picked":"Armaments","floor":5.0},{"not_picked":["Havoc","Rampage"],"picked":"Burning Pact","floor":7.0},{"not_picked":["Carnage","Exhume","Clash"],"picked":"SKIP","floor":8.0},{"not_picked":["Uppercut","Armaments"],"picked":"Rage","floor":11},{"not_picked":["Intimidate","Clash"],"picked":"Spot Weakness","floor":13},{"not_picked":["Impervious","Immolate"],"picked":"Offering","floor":16},{"not_picked":["Perfected Strike","Havoc","Clothesline"],"picked":"SKIP","floor":18},{"not_picked":["Power Through","Flex","Battle Trance"],"picked":"SKIP","floor":22},{"not_picked":["Ghostly Armor","Pummel"],"picked":"True Grit","floor":24},{"not_picked":["Sword Boomerang","Seeing Red"],"picked":"Battle Trance","floor":25},{"not_picked":["Cleave","Heavy Blade"],"picked":"Immolate","floor":27},{"not_picked":["Searing Blow","Clash","Twin Strike"],"picked":"SKIP","floor":28},{"not_picked":["Inflame","Fire Breathing"],"picked":"Sword Boomerang","floor":31},{"not_picked":["Offering","Brutality"],"picked":"Limit Break","floor":33},{"not_picked":["Clash","Headbutt"],"picked":"Body Slam+1","floor":35},{"not_picked":["Ghostly Armor","Battle Trance","Armaments"],"picked":"SKIP","floor":37}],"player_experience":1218937,"relics_obtained":[{"floor":7.0,"key":"Orichalcum"},{"floor":9.0,"key":"The Courier"},{"floor":11,"key":"Ornamental Fan"},{"floor":25,"key":"Sundial"},{"floor":26,"key":"Calipers"}],"event_choices":[{"damage_healed":0.0,"max_hp_gain":0.0,"max_hp_loss":0.0,"gold_gain":0.0,"event_name":"Liars Game","player_choice":"Ignored","floor":4.0,"gold_loss":0.0,"damage_taken":0.0},{"damage_healed":0,"gold_gain":50,"player_choice":"Stole From Cult","damage_taken":0,"max_hp_gain":0,"max_hp_loss":0,"event_name":"Nest","floor":19,"gold_loss":0},{"damage_healed":0,"gold_gain":0,"player_choice":"Ignored","damage_taken":0,"max_hp_gain":0,"max_hp_loss":0,"event_name":"The Mausoleum","floor":20,"gold_loss":0},{"damage_healed":0,"gold_gain":0,"player_choice":"Became a vampire","damage_taken":0,"max_hp_gain":0,"max_hp_loss":23,"event_name":"Vampires","floor":29,"gold_loss":0,"cards_obtained":["Bite","Bite","Bite","Bite","Bite"]},{"damage_healed":0,"gold_gain":0,"player_choice":"Bought 0 Potions","damage_taken":0,"max_hp_gain":0,"max_hp_loss":0,"event_name":"The Woman in Blue","floor":36,"gold_loss":0}],"is_beta":false,"boss_relics":[{"not_picked":["Sozu","Runic Dome"],"picked":"Cursed Key"},{"not_picked":["Coffee Dripper","Snecko Eye"],"picked":"Astrolabe"}],"items_purged_floors":[14,30],"is_endless":false,"potions_floor_spawned":[3,5,7,13,18,27,31,33,37],"killed_by":"Jaw Worm Horde","ascension_level":20}}