{"host":"1c52r9kaxdyo25eq","time":1608123631,"event":{"mods":["AchievementEnabler","BaseMod","Minty Spire (QoL Compilation)","Rare Cards Sparkle","SuperFastMode","everything is the same but u backflip on backflip"],"gold_per_floor":[116,191,191,57,57,57,72,104,155,170,199,209,209,227,227,302,302,322,86,86,102,102,102,102,102,102,114,114,14,29,45,45,45,45],"floor_reached":33,"playtime":659,"items_purged":["Strike_G","Strike_G","Shame"],"score":560,"play_id":"029e7cf7-33a0-44e8-a14b-ef76d9edbfed","local_time":"20201216220031","is_ascension_mode":true,"campfire_choices":[{"data":"Terror","floor":6.0,"key":"SMITH"},{"floor":13.0,"key":"REST"},{"data":"Prepared","floor":15.0,"key":"SMITH"},{"data":"Reflex","floor":23.0,"key":"SMITH"},{"data":"Quick Slash","floor":25.0,"key":"SMITH"},{"floor":32,"key":"REST"}],"circlet_count":0,"master_deck":["AscendersBane","Strike_G","Defend_G","Defend_G","Defend_G","Defend_G","Defend_G","Survivor","Neutralize","Terror+1","Prepared+1","Dash","Masterful Stab","Deadly Poison","Grand Finale","Quick Slash+1","Reflex+1","Grand Finale","Eviscerate"],"relics":["Ring of the Snake","NeowsBlessing","Sundial","MealTicket","Prayer Wheel","Busted Crown","Anchor","The Courier"],"acts_visited":["Exordium","TheCity"],"potions_floor_usage":[27,27,30],"damage_taken":[{"damage":0.0,"enemies":"Jaw Worm","floor":1.0,"turns":1.0},{"damage":0.0,"enemies":"2 Louse","floor":7.0,"turns":1.0},{"damage":0.0,"enemies":"Gremlin Nob","floor":8.0,"turns":1.0},{"damage":4.0,"enemies":"Small Slimes","floor":10.0,"turns":3.0},{"damage":32.0,"enemies":"3 Sentries","floor":11.0,"turns":11.0},{"damage":0.0,"enemies":"Looter","floor":12.0,"turns":2.0},{"damage":0.0,"enemies":"Blue Slaver","floor":14.0,"turns":3.0},{"damage":17.0,"enemies":"The Guardian","floor":16.0,"turns":8.0},{"damage":9.0,"enemies":"Spheric Guardian","floor":18.0,"turns":5.0},{"damage":6.0,"enemies":"Chosen","floor":21.0,"turns":3.0},{"damage":2,"enemies":"Sentry and Sphere","floor":27,"turns":5},{"damage":35,"enemies":"Cultist and Chosen","floor":30,"turns":5},{"damage":3,"enemies":"Shelled Parasite and Fungi","floor":31,"turns":3},{"damage":39,"enemies":"Collector","floor":33,"turns":6}],"seed_played":"8453008988210065912","potions_obtained":[{"floor":1.0,"key":"CultistPotion"},{"floor":8.0,"key":"CultistPotion"},{"floor":14.0,"key":"GhostInAJar"},{"floor":21.0,"key":"BlessingOfTheForge"},{"floor":27,"key":"Explosive Potion"}],"is_trial":false,"path_per_floor":["M","?","?","$","?","R","M","E","T","M","E","M","R","M","R","B",null,"M","$","?","M","$","R","?","R","T","M","?","$","M","M","R","B"],"character_chosen":"THE_SILENT","items_purchased":["Prepared","AttackPotion","Eviscerate"],"campfire_rested":2,"item_purchase_floors":[4,19,19],"current_hp_per_floor":[59,48,41,41,46,46,46,46,46,42,10,10,31,31,31,14,57,48,63,63,57,71,71,51,51,51,49,49,64,29,26,48,9,9],"gold":45,"neow_bonus":"THREE_ENEMY_KILL","is_daily":false,"chose_seed":false,"campfire_upgraded":4,"win_rate":0.0,"timestamp":1608123631,"path_taken":["M","?","?","?","?","R","M","E","T","M","E","M","R","M","R","BOSS","M","$","?","M","$","R","?","R","T","M","?","$","M","M","R","BOSS"],"items_purchased_type":["Card","Potion","Card"],"build_version":"2020-12-13","purchased_purges":3,"victory":false,"max_hp_per_floor":[66,66,66,66,71,71,71,71,71,71,71,71,71,71,71,71,71,71,71,71,71,71,71,76,76,76,76,76,76,76,76,76,76,76],"card_choices":[{"not_picked":["Dagger Throw","Masterful Stab"],"picked":"Terror","floor":1.0},{"not_picked":["Dagger Spray","Heel Hook"],"picked":"Dash","floor":7.0},{"not_picked":["Blade Dance","Deflect"],"picked":"Masterful Stab","floor":8.0},{"not_picked":["Deflect","Bane"],"picked":"Deadly Poison","floor":10.0},{"not_picked":["Leg Sweep","Setup"],"picked":"Grand Finale","floor":11.0},{"not_picked":["Flying Knee","Dagger Throw"],"picked":"Quick Slash","floor":12.0},{"not_picked":["Deflect","Heel Hook","Bane"],"picked":"SKIP","floor":12.0},{"not_picked":["Cloak And Dagger","Caltrops"],"picked":"Reflex","floor":14.0},{"not_picked":["Heel Hook","Distraction","Dodge and Roll"],"picked":"SKIP","floor":14.0},{"not_picked":["Wraith Form v2","Malaise"],"picked":"Grand Finale","floor":16.0},{"not_picked":["Cloak And Dagger"],"picked":"SKIP","floor":18.0},{"not_picked":["Distraction"],"picked":"SKIP","floor":18.0},{"not_picked":["Terror"],"picked":"SKIP","floor":21.0},{"not_picked":["PiercingWail"],"picked":"SKIP","floor":21.0},{"not_picked":["Flying Knee+1"],"picked":"SKIP","floor":27},{"not_picked":["Blade Dance"],"picked":"SKIP","floor":27},{"not_picked":["All Out Attack"],"picked":"SKIP","floor":30},{"not_picked":["Dagger Throw"],"picked":"SKIP","floor":30},{"not_picked":["Slice"],"picked":"SKIP","floor":31},{"not_picked":["Underhanded Strike"],"picked":"SKIP","floor":31}],"player_experience":486614,"relics_obtained":[{"floor":8.0,"key":"Sundial"},{"floor":9.0,"key":"MealTicket"},{"floor":11.0,"key":"Prayer Wheel"},{"floor":26.0,"key":"The Courier"}],"event_choices":[{"damage_healed":0.0,"max_hp_gain":0.0,"max_hp_loss":0.0,"gold_gain":75.0,"event_name":"World of Goop","player_choice":"Gather Gold","floor":2.0,"gold_loss":0.0,"damage_taken":11.0},{"cards_removed":["Strike_G"],"damage_healed":0.0,"max_hp_gain":0.0,"max_hp_loss":0.0,"gold_gain":0.0,"event_name":"Golden Wing","player_choice":"Card Removal","floor":3.0,"gold_loss":0.0,"damage_taken":7.0},{"damage_healed":0.0,"max_hp_gain":5.0,"max_hp_loss":0.0,"gold_gain":0.0,"event_name":"Big Fish","player_choice":"Donut","floor":5.0,"gold_loss":0.0,"damage_taken":0.0},{"damage_healed":0.0,"max_hp_gain":0.0,"max_hp_loss":0.0,"gold_gain":0.0,"event_name":"Addict","player_choice":"Stole Relic","floor":20.0,"gold_loss":0.0,"damage_taken":0.0,"relics_obtained":["Anchor"],"cards_obtained":["Shame"]},{"damage_healed":0.0,"max_hp_gain":5.0,"max_hp_loss":0.0,"gold_gain":0.0,"event_name":"Forgotten Altar","player_choice":"Shed Blood","floor":24.0,"gold_loss":0.0,"damage_taken":25.0},{"cards_removed":["Strike_G"],"damage_healed":0,"gold_gain":0,"player_choice":"Elegance","damage_taken":0,"max_hp_gain":0,"max_hp_loss":0,"event_name":"Back to Basics","floor":28,"gold_loss":0}],"is_beta":false,"boss_relics":[{"not_picked":["Coffee Dripper","Runic Dome"],"picked":"Busted Crown"}],"items_purged_floors":[4,19,29],"is_endless":false,"potions_floor_spawned":[1,8,14,21,27],"killed_by":"Collector","ascension_level":20}}