{"host":"n91txuwnyvkdwz99","time":1608086822,"event":{"mods":["AchievementEnabler","BaseMod","Bestiary","Better Altar","Better Sensory Stone","Better Third Choice","CapriCore","Colored Map","Colored Powertips","Downfall","Infinite Spire","Koishi","Minty Spire (QoL Compilation)","Potionbrewer","Relic Stats","Replay The Spire","Spicy Shops","StSLib","The Blue Laboratory","The Immortal","TheSwordswoman"],"gold_per_floor":[115,130,130,72,91,91,111,111,111,111,111,111,130,130,130,227,227,244,244,204,220,237,237,62,82,82,92,92,92,92],"floor_reached":29,"playtime":1383,"items_purged":["ReplayTheSpireMod:Restless Dread","blazmod:Strike"],"score":240,"play_id":"30d165ae-ea2b-47a6-86d4-2ed1b5756a7d","local_time":"20201215214702","is_ascension_mode":false,"campfire_choices":[{"data":"blazmod:Swordstorm","floor":6,"key":"SMITH"},{"data":"blazmod:ButterflyEffect","floor":8,"key":"SMITH"},{"data":"blazmod:PhoenixPlume","floor":10,"key":"SMITH"},{"floor":15,"key":"REST"},{"data":"blazmod:EightLifePilgrimage","floor":23,"key":"SMITH"}],"circlet_count":0,"master_deck":["blazmod:Strike","blazmod:Strike","blazmod:Strike","blazmod:Defend","blazmod:Defend","blazmod:Defend","blazmod:Defend","blazmod:ButterflyEffect+1","blazmod:PhoenixPlume+1","blazmod:Swordstorm","blazmod:Swordstorm+1","blazmod:EightLifePilgrimage+1","blazmod:KatanaStrike","blazmod:Swordstorm","infinitespire:Pacifist"],"relics":["blazmod:Venustas","Pear","Replay:Bottled Snecko","Cursed Key","Golden Egg"],"acts_visited":["Exordium","TheCity"],"potions_floor_usage":[16,16,29],"damage_taken":[{"damage":7,"enemies":"2 Louse","floor":1,"turns":4},{"damage":0,"enemies":"Jaw Worm","floor":2,"turns":4},{"damage":3,"enemies":"Small Slimes","floor":5,"turns":4},{"damage":11,"enemies":"Exordium Thugs","floor":7,"turns":5},{"damage":1,"enemies":"2 Fungi Beasts","floor":13,"turns":3},{"damage":29,"enemies":"The Guardian","floor":16,"turns":10},{"damage":4,"enemies":"Shell Parasite","floor":18,"turns":2},{"damage":0,"enemies":"3 Byrds","floor":21,"turns":3},{"damage":0,"enemies":"Centurion and Healer","floor":22,"turns":2},{"damage":0,"enemies":"Shelled Parasite and Fungi","floor":25,"turns":3},{"damage":39,"enemies":"3 Cultists","floor":27,"turns":5},{"damage":32,"enemies":"Slavers","floor":29,"turns":1}],"seed_played":"9093084947106270909","potions_obtained":[{"floor":1,"key":"LiquidMemories"},{"floor":5,"key":"Block Potion"},{"floor":20,"key":"potionbrewer:CleansingPotion"},{"floor":20,"key":"potionbrewer:FreezingPotion"},{"floor":20,"key":"potionbrewer:MidasPotion"},{"floor":22,"key":"blueLaboratory:Moonshine"}],"is_trial":false,"path_per_floor":["M","M","?","$","M","R","M","R","T","R","?","?","M","?","R","B",null,"M","?","?","M","M","R","$","M","T","M","$","E"],"character_chosen":"THE_SWORDSWOMAN","items_purchased":["blazmod:Swordstorm"],"campfire_rested":1,"item_purchase_floors":[4],"current_hp_per_floor":[43,43,36,36,33,33,22,22,32,32,25,25,24,24,42,13,60,56,56,56,60,60,60,60,60,60,29,29,0,0],"gold":92,"neow_bonus":"ONE_RANDOM_RARE_CARD","is_daily":false,"chose_seed":false,"campfire_upgraded":4,"win_rate":0.0,"timestamp":1608086822,"path_taken":["M","M","?","$","M","R","M","R","T","R","?","?","?","?","R","BOSS","M","?","?","M","?","R","$","M","T","?","?","E"],"items_purchased_type":["Card"],"build_version":"2020-12-13","purchased_purges":2,"victory":false,"max_hp_per_floor":[50,50,50,50,50,50,50,50,60,60,60,60,60,60,60,60,60,60,60,60,60,60,60,60,60,60,60,60,60,60],"relic_stats":{"counters":[12,46],"Cursed Key":1,"obtain_stats":[{"Golden Egg":26,"blazmod:Venustas":0,"Pear":9,"Replay:Bottled Snecko":11,"Cursed Key":17},{"Golden Egg":10,"blazmod:Venustas":0,"Pear":4,"Replay:Bottled Snecko":4,"Cursed Key":6},{"Golden Egg":40,"blazmod:Venustas":0,"Pear":17,"Replay:Bottled Snecko":17,"Cursed Key":30}]},"card_choices":[{"not_picked":["blazmod:FancifulFlutter","blazmod:MentalFocus","blazmod:BlindBlade"],"picked":"SKIP","floor":1},{"not_picked":["blazmod:MentalFocus","blazmod:BeTheBlade"],"picked":"blazmod:PhoenixPlume","floor":2},{"not_picked":["blazmod:Trasient","blazmod:FancifulFlutter","blazmod:MentalFocus"],"picked":"SKIP","floor":5},{"not_picked":["blazmod:DevilDivine","blazmod:VisionsOfButterflies","blazmod:BoulderFlash"],"picked":"SKIP","floor":7},{"not_picked":["blazmod:TenThousand","blazmod:StanceChange","blazmod:FlashRock"],"picked":"SKIP","floor":13},{"not_picked":["blazmod:ForgeWays","blazmod:AlmightyPassage"],"picked":"blazmod:EightLifePilgrimage","floor":16},{"not_picked":["blazmod:PhysicalEndurance+1","blazmod:ButterFlutter"],"picked":"blazmod:KatanaStrike","floor":18},{"not_picked":["blazmod:StanceChange","blazmod:BoulderFlash"],"picked":"blazmod:Swordstorm","floor":21},{"not_picked":["blazmod:Trasient+1","blazmod:MentalFocus","blazmod:Valiance"],"picked":"SKIP","floor":22},{"not_picked":["blazmod:BoulderFlash","blazmod:BlindingFlash","blazmod:FleetOfFoot"],"picked":"SKIP","floor":25},{"not_picked":["blazmod:Lockswords","blazmod:KatanaStrike+1","blazmod:Contingency"],"picked":"SKIP","floor":27}],"player_experience":65194,"relics_obtained":[{"floor":9,"key":"Pear"},{"floor":26,"key":"Golden Egg"}],"event_choices":[{"cards_removed":["blazmod:Kyokasuigetsu"],"damage_healed":0,"gold_gain":0,"player_choice":"Card Removal","damage_taken":7,"max_hp_gain":0,"max_hp_loss":0,"event_name":"Golden Wing","floor":3,"gold_loss":0},{"damage_healed":0,"gold_gain":1,"player_choice":"Relic ","damage_taken":7,"max_hp_gain":0,"max_hp_loss":0,"event_name":"betterThird:BetterScrap","floor":11,"gold_loss":0,"cards_obtained":["Brilliance"]},{"damage_healed":0,"gold_gain":0,"player_choice":"Ignored","damage_taken":0,"max_hp_gain":0,"max_hp_loss":0,"event_name":"Golden Idol","floor":12,"gold_loss":0},{"damage_healed":0,"gold_gain":0,"player_choice":"Bought 3 Potions","damage_taken":0,"max_hp_gain":0,"max_hp_loss":0,"event_name":"The Woman in Blue","floor":20,"gold_loss":0}],"is_beta":false,"boss_relics":[{"not_picked":["Black Star","Replay:Ancient Bell"],"picked":"Cursed Key"}],"items_purged_floors":[24,24],"is_endless":false,"potions_floor_spawned":[1,5,22,25],"killed_by":"Slavers","ascension_level":0}}