{"host":"bux6a2l43q47o8uc","time":1608138207,"event":{"mods":["2.2 Compatiblity","AchievementEnabler","BaseMod","Colored Map","Colored Powertips","Custom Start","Duelist Mod","Friendly Minions","GifTheSpireLib","GungeonMod","Hermit","Hubris","Infinite Spire","KomeijiMod","Minty Spire (QoL Compilation)","Quick Restart","Replay The Spire","Shop Mod","Spicy Shops","StSLib","The Animator","The Necromancer","The Runesmith","[IsaacMod]????"],"gold_per_floor":[112,112,128,50,50,77,2,2,2,36,36,62,88,105,105,204,204,187,197,41,53,64,64,91,91,91,109,109,124,124,124,124],"floor_reached":31,"playtime":2774,"items_purged":["Runesmith:Strike_RS"],"score":298,"play_id":"e43e5ce4-47a4-425c-af18-92460366c04a","local_time":"20201216190327","is_ascension_mode":false,"campfire_choices":[{"data":"Runesmith:Firestorm","floor":8,"key":"SMITH"},{"floor":11,"key":"RECALL"},{"data":"Runesmith:CraftFirestone","floor":15,"key":"SMITH"},{"data":"Runesmith:CraftPrismatica","floor":23,"key":"SMITH"},{"floor":25,"key":"REST"}],"circlet_count":0,"master_deck":["Runesmith:Strike_RS","Runesmith:Strike_RS","Runesmith:Strike_RS","Runesmith:Defend_RS","Runesmith:Defend_RS","Runesmith:Defend_RS","Runesmith:Defend_RS","Runesmith:CraftFirestone+1","Runesmith:Fortify","Runesmith:GoWithTheFlow","Runesmith:ShiftingStrike","Runesmith:Firestorm+1","Runesmith:Prism","Runesmith:PerfectChisel","Runesmith:CraftPrismatica+1","theDuelist:GravekeeperCurse","Runesmith:CraftMagma","Runesmith:UnstableHammer","Runesmith:MetallurgicalResearch","Runesmith:Grindstone+1","Runesmith:BackupBattery","Runesmith:HeatExchange","Runesmith:Retool","Runesmith:CraftMagma","Runesmith:HeatedChisel","Runesmith:Firestorm+1"],"relics":["Runesmith:BrokenRuby","HushsDoor","NeowsBlessing","Leech","Gremlin Horn","Strawberry","PunchingBag","ReplayTheSpireMod:CursedCoin","Anchor","Omamori","Juzu Bracelet","BloodDonationMachine","Pantograph"],"acts_visited":["Exordium","TheCity"],"potions_floor_usage":[10,16,21,21],"damage_taken":[{"damage":0,"enemies":"Jaw Worm","floor":1,"turns":1},{"damage":0,"enemies":"Small Slimes","floor":3,"turns":1},{"damage":0,"enemies":"Gremlin Nob","floor":6,"turns":1},{"damage":12,"enemies":"3 Sentries","floor":10,"turns":6},{"damage":12,"enemies":"Lagavulin","floor":12,"turns":6},{"damage":6,"enemies":"Cultist","floor":14,"turns":3},{"damage":26,"enemies":"Slime Boss","floor":16,"turns":8},{"damage":14,"enemies":"2 Thieves","floor":18,"turns":4},{"damage":26,"enemies":"Chosen","floor":19,"turns":5},{"damage":14,"enemies":"Snecko","floor":21,"turns":4},{"damage":23,"enemies":"Sentry and Sphere","floor":22,"turns":4},{"damage":17,"enemies":"Nightmare","floor":24,"turns":9},{"damage":12,"enemies":"Centurion and Healer","floor":27,"turns":7},{"damage":13,"enemies":"Shelled Parasite and Fungi","floor":29,"turns":6},{"damage":22,"enemies":"Sentry and Sphere","floor":31,"turns":4}],"seed_played":"384207446960493446","potions_obtained":[{"floor":1,"key":"DistilledChaos"},{"floor":6,"key":"BlessingOfTheForge"},{"floor":18,"key":"Swift Potion"},{"floor":19,"key":"Explosive Potion"}],"is_trial":false,"path_per_floor":["M","?","M","$","?","E","$","R","T","E","R","E","$","M","R","B",null,"M","M","$","M","M","R","NM","R","T","M","?","M","?","M"],"character_chosen":"RUNESMITH_CLASS","items_purchased":["Runesmith:Firestorm","ReplayTheSpireMod:CursedCoin","Anchor","Runesmith:CraftMagma","Omamori"],"campfire_rested":1,"item_purchase_floors":[4,13,13,13,20],"current_hp_per_floor":[70,70,70,70,75,75,75,75,75,74,74,68,68,64,64,44,82,70,48,48,38,19,19,8,32,32,26,26,19,19,0,0],"gold":124,"neow_bonus":"THREE_ENEMY_KILL","is_daily":false,"chose_seed":false,"campfire_upgraded":3,"win_rate":0.0,"timestamp":1608138207,"path_taken":["M","?","M","$","?","E","$","R","T","E","R","E","?","M","R","BOSS","M","M","$","M","M","R","NM","R","T","M","?","M","?","M"],"items_purchased_type":["Card","Relic","Relic","Card","Relic"],"build_version":"2020-12-13","purchased_purges":1,"victory":false,"max_hp_per_floor":[70,70,70,70,75,75,75,75,75,82,82,82,82,82,82,82,82,82,82,82,82,82,82,82,82,82,82,82,82,82,82,82],"card_choices":[{"not_picked":["Runesmith:CraftMedicinae","Bomb"],"picked":"Runesmith:GoWithTheFlow","floor":1},{"not_picked":["Runesmith:FieryHammer","Runesmith:EnergizedChisel"],"picked":"Runesmith:ShiftingStrike","floor":3},{"not_picked":["Runesmith:Repurpose","Bomb"],"picked":"Runesmith:Prism","floor":6},{"not_picked":["Runesmith:CraftMagma","Runesmith:CraftMedicinae"],"picked":"Runesmith:PerfectChisel","floor":10},{"not_picked":["Runesmith:ElementalConversion","Runesmith:RuneHurl"],"picked":"Runesmith:CraftPrismatica","floor":12},{"not_picked":["Runesmith:HammerAndChisel","Runesmith:NegativeSpace"],"picked":"Runesmith:UnstableHammer","floor":14},{"not_picked":["Runesmith:CraftPrismatica","Runesmith:GenerateForcefield"],"picked":"Runesmith:MetallurgicalResearch","floor":16},{"not_picked":["Runesmith:Electrocute","Runesmith:RuneHurl"],"picked":"Runesmith:Grindstone+1","floor":18},{"not_picked":["Runesmith:Malloc","Runesmith:DoubleUp"],"picked":"Runesmith:BackupBattery","floor":19},{"not_picked":["Runesmith:MakeshiftArmor","Runesmith:CraftMagma"],"picked":"Runesmith:HeatExchange","floor":21},{"not_picked":["Runesmith:HammerTime","Runesmith:Reinforce"],"picked":"Runesmith:Retool","floor":22},{"not_picked":["Runesmith:Attraction","Runesmith:Firewall"],"picked":"Runesmith:CraftMagma","floor":24},{"not_picked":["Runesmith:EnergizedChisel","Runesmith:ShiftingStrike"],"picked":"Runesmith:HeatedChisel","floor":27},{"not_picked":["Runesmith:RunicBlueprint+1","Runesmith:HammerThrow"],"picked":"Runesmith:Firestorm+1","floor":29}],"player_experience":315216,"relics_obtained":[{"floor":6,"key":"Gremlin Horn"},{"floor":10,"key":"Strawberry"},{"floor":12,"key":"PunchingBag"},{"floor":24,"key":"Juzu Bracelet"},{"floor":26,"key":"BloodDonationMachine"}],"event_choices":[{"damage_healed":0,"gold_gain":0,"player_choice":"Donut","damage_taken":0,"max_hp_gain":5,"max_hp_loss":0,"event_name":"Big Fish","floor":5,"gold_loss":0},{"damage_healed":0,"gold_gain":0,"player_choice":"Stole Relic","damage_taken":0,"relics_obtained":["Pantograph"],"max_hp_gain":0,"max_hp_loss":0,"event_name":"Addict","floor":30,"gold_loss":0,"cards_obtained":["Shame"]}],"is_beta":false,"boss_relics":[{"not_picked":["Painkiller Herb","Fusion Hammer","Ectoplasm"]}],"items_purged_floors":[7],"is_endless":false,"potions_floor_spawned":[1,6,18,19],"killed_by":"Sentry and Sphere","ascension_level":0}}