{"host":"7cfzm0fn42wwm7gf","time":1608131644,"event":{"mods":["Alarm Clock","BaseMod","Colored Powertips","Highlight Path","Minty Spire (QoL Compilation)","Quick Restart","Relic Stats","Waifu the Spire"],"gold_per_floor":[360,360,430,449,526,554,554,554,554,572,68,80,80,97,97,174,224,243,208,258,4,15,15,33,33,33,33,33],"floor_reached":27,"playtime":1078,"items_purged":["Strike_G","Strike_G"],"score":362,"play_id":"4c1cdc3c-4e4a-408e-b99d-7cb9fc4d67cb","local_time":"20201216231404","is_ascension_mode":true,"campfire_choices":[{"floor":7.0,"key":"REST"},{"data":"Bouncing Flask","floor":13.0,"key":"SMITH"},{"floor":15.0,"key":"REST"},{"floor":23.0,"key":"REST"}],"circlet_count":0,"master_deck":["AscendersBane","Strike_G","Strike_G","Defend_G","Defend_G","Defend_G","Defend_G","Defend_G+1","Survivor","Neutralize","Acrobatics","Bouncing Flask+1","PiercingWail","Distraction","Concentrate","Acrobatics","Blur","Adrenaline","PiercingWail","Dagger Spray","Eviscerate+1"],"relics":["Ring of the Snake","SsserpentHead","Boot","Orichalcum","HornCleat","Strange Spoon","Question Card","Tiny House","Regal Pillow","Gremlin Horn","Chemical X","Incense Burner"],"acts_visited":["TheCity"],"potions_floor_usage":[27,27],"damage_taken":[{"damage":0.0,"enemies":"Jaw Worm","floor":1.0,"turns":5.0},{"damage":4.0,"enemies":"Cultist","floor":3.0,"turns":6.0},{"damage":9.0,"enemies":"Small Slimes","floor":4.0,"turns":5.0},{"damage":25.0,"enemies":"Lagavulin","floor":6.0,"turns":7.0},{"damage":12.0,"enemies":"Exordium Wildlife","floor":10.0,"turns":8.0},{"damage":0.0,"enemies":"Lots of Slimes","floor":12.0,"turns":4.0},{"damage":3.0,"enemies":"Blue Slaver","floor":14.0,"turns":3.0},{"damage":2.0,"enemies":"Hexaghost","floor":16.0,"turns":12.0},{"damage":21.0,"enemies":"Chosen","floor":18.0,"turns":7.0},{"damage":0.0,"enemies":"Spheric Guardian","floor":22.0,"turns":3.0},{"damage":21.0,"enemies":"Chosen and Byrds","floor":24.0,"turns":7.0},{"damage":41,"enemies":"Slavers","floor":27,"turns":10}],"seed_played":"-2489760331787006934","potions_obtained":[{"floor":1.0,"key":"SteroidPotion"},{"floor":3.0,"key":"Block Potion"},{"floor":10.0,"key":"BlessingOfTheForge"},{"floor":12.0,"key":"SkillPotion"},{"floor":17.0,"key":"FearPotion"},{"floor":24.0,"key":"EssenceOfSteel"}],"is_trial":false,"path_per_floor":["M","?","M","M","T","E","R","?","T","M","$","M","R","M","R","B",null,"M","?","?","$","M","R","M","$","T","E"],"character_chosen":"THE_SILENT","items_purchased":["Strange Spoon","Question Card","Concentrate","Chemical X"],"campfire_rested":3,"item_purchase_floors":[11,11,11,21],"current_hp_per_floor":[59,59,55,46,46,21,39,39,39,27,27,27,27,24,42,40,60,39,39,39,39,39,65,44,44,44,3,3],"gold":33,"neow_bonus":"TWO_FIFTY_GOLD","is_daily":false,"chose_seed":false,"campfire_upgraded":1,"win_rate":0.0,"timestamp":1608131644,"path_taken":["M","?","?","M","?","E","R","?","T","M","$","M","R","M","R","BOSS","M","?","?","$","M","R","M","$","T","E"],"items_purchased_type":["Relic","Relic","Card","Relic"],"build_version":"2020-12-13","purchased_purges":2,"victory":false,"max_hp_per_floor":[60,60,60,60,60,60,60,60,60,60,60,60,60,60,60,60,65,65,65,65,65,65,65,65,65,65,65,65],"relic_stats":{"SsserpentHead":250,"Strange Spoon":[8],"Regal Pillow":7,"Gremlin Horn":[2,2],"counters":[12,77],"Chemical X":[1],"Orichalcum":[72],"Boot":[55],"Question Card":7,"obtain_stats":[{"SsserpentHead":2,"Strange Spoon":11,"Regal Pillow":19,"HornCleat":9,"Tiny House":17,"Gremlin Horn":20,"Incense Burner":26,"Chemical X":21,"Orichalcum":6,"Boot":5,"Question Card":11,"Ring of the Snake":0},{"SsserpentHead":1,"Strange Spoon":5,"Regal Pillow":9,"HornCleat":4,"Tiny House":8,"Gremlin Horn":9,"Incense Burner":11,"Chemical X":9,"Orichalcum":4,"Boot":3,"Question Card":5,"Ring of the Snake":0},{"SsserpentHead":5,"Strange Spoon":31,"Regal Pillow":57,"HornCleat":23,"Tiny House":50,"Gremlin Horn":57,"Incense Burner":67,"Chemical X":57,"Orichalcum":23,"Boot":16,"Question Card":31,"Ring of the Snake":0}],"Ring of the Snake":[24]},"card_choices":[{"not_picked":["Riddle With Holes","Leg Sweep"],"picked":"Acrobatics","floor":1.0},{"not_picked":["Quick Slash","Underhanded Strike"],"picked":"Bouncing Flask","floor":3.0},{"not_picked":["All Out Attack","Dagger Spray"],"picked":"PiercingWail","floor":4.0},{"not_picked":["All Out Attack","Wraith Form v2"],"picked":"Distraction","floor":6.0},{"not_picked":["Deflect","Slice","Dodge and Roll"],"picked":"SKIP","floor":10.0},{"not_picked":["Dagger Spray","Quick Slash","Dodge and Roll"],"picked":"Acrobatics","floor":12.0},{"not_picked":["Deadly Poison","Sucker Punch","Flying Knee"],"picked":"Blur","floor":14.0},{"not_picked":["Grand Finale","Phantasmal Killer","Doppelganger"],"picked":"Adrenaline","floor":16.0},{"not_picked":["Flying Knee","Cloak And Dagger","Dagger Spray"],"picked":"PiercingWail","floor":17.0},{"not_picked":["Prepared","Backflip","Crippling Poison"],"picked":"Dagger Spray","floor":18.0},{"not_picked":["Blade Dance","Flying Knee","Cloak And Dagger","Sucker Punch"],"picked":"SKIP","floor":22.0},{"not_picked":["Concentrate","Distraction","Predator"],"picked":"Eviscerate+1","floor":24.0}],"player_experience":103911,"relics_obtained":[{"floor":5.0,"key":"Boot"},{"floor":6.0,"key":"Orichalcum"},{"floor":9.0,"key":"HornCleat"},{"floor":26.0,"key":"Incense Burner"}],"event_choices":[{"damage_healed":0.0,"max_hp_gain":0.0,"max_hp_loss":0.0,"gold_gain":0.0,"event_name":"FaceTrader","player_choice":"Trade","floor":2.0,"gold_loss":0.0,"damage_taken":0.0,"relics_obtained":["SsserpentHead"]},{"cards_removed":["Strike_G"],"damage_healed":0.0,"max_hp_gain":0.0,"max_hp_loss":0.0,"gold_gain":0.0,"event_name":"The Cleric","player_choice":"Card Removal","floor":8.0,"gold_loss":50.0,"damage_taken":0.0},{"damage_healed":0.0,"max_hp_gain":0.0,"max_hp_loss":0.0,"gold_gain":0.0,"event_name":"Addict","player_choice":"Obtained Relic","floor":19.0,"gold_loss":85.0,"damage_taken":0.0,"relics_obtained":["Regal Pillow"]},{"damage_healed":0.0,"max_hp_gain":0.0,"max_hp_loss":0.0,"gold_gain":0.0,"event_name":"The Mausoleum","player_choice":"Opened","floor":20.0,"gold_loss":0.0,"damage_taken":0.0,"relics_obtained":["Gremlin Horn"]}],"is_beta":false,"boss_relics":[{"not_picked":["Astrolabe","Runic Dome"],"picked":"Tiny House"}],"items_purged_floors":[11,21],"is_endless":false,"potions_floor_spawned":[1,3,10,12,24],"killed_by":"Slavers","ascension_level":14}}