{"host":"ye7dkdlypz0ka1od","time":1608078702,"event":{"mods":["Act Like it!","Aspiration","BaseMod","Gensokyo","Hallownest","Hermit","Infinite Spire","Minty Spire (QoL Compilation)","Replay The Spire","StSLib","The Bug Knight","The Forsaken"],"gold_per_floor":[118,118,46,65,81,81,100,100,168,182,182,193,193,297,297,395,395,408,425,440,440,440],"floor_reached":21,"playtime":987,"items_purged":[],"score":173,"play_id":"0ac051fe-c91e-46a6-b666-9a91e053e8f6","local_time":"20201215193142","is_ascension_mode":false,"campfire_choices":[{"data":"Cloak And Dagger","floor":6,"key":"SMITH"},{"data":"Skewer","floor":8,"key":"SMITH"},{"data":"Well Laid Plans","floor":11,"key":"SMITH"},{"data":"Backflip","floor":13,"key":"SMITH"},{"data":"Cloak And Dagger","floor":15,"key":"SMITH"}],"circlet_count":0,"master_deck":["Strike_G","Strike_G","Strike_G","Strike_G","Strike_G","Defend_G","Defend_G","Defend_G","Defend_G","Defend_G","Survivor","Neutralize","Well Laid Plans+1","Skewer+1","ReplayTheSpireMod:Shiv Toss","Cloak And Dagger+1","Poisoned Stab","Escape Plan","Backflip+1","Cloak And Dagger+1","Blade Dance","Bullet Time","Cloak And Dagger+1"],"relics":["Ring of the Snake","aspiration:Nostalgia","Cracked Core","Regal Pillow","Darkstone Periapt","aspiration:TomeofQuesting","Black Star"],"acts_visited":["Exordium","TheCity"],"potions_floor_usage":[16,18,21],"damage_taken":[{"damage":1,"enemies":"Jaw Worm","floor":1,"turns":4},{"damage":2,"enemies":"Cultist","floor":4,"turns":4},{"damage":0,"enemies":"Small Slimes","floor":5,"turns":5},{"damage":2,"enemies":"Blue Slaver","floor":7,"turns":4},{"damage":0,"enemies":"Lots of Slimes","floor":10,"turns":4},{"damage":1,"enemies":"3 Louse","floor":12,"turns":4},{"damage":3,"enemies":"Fading Forest","floor":16,"turns":11},{"damage":20,"enemies":"Spheric Guardian","floor":18,"turns":5},{"damage":0,"enemies":"Chosen","floor":19,"turns":4},{"damage":20,"enemies":"Snake Plant","floor":20,"turns":7},{"damage":30,"enemies":"Cultist and Chosen","floor":21,"turns":4}],"seed_played":"-8203684497831607228","potions_obtained":[{"floor":1,"key":"ColorlessPotion"},{"floor":5,"key":"Poison Potion"}],"is_trial":false,"path_per_floor":["M","?","$","M","M","R","M","R","T","M","R","M","R","?","R","B",null,"M","M","M","M"],"character_chosen":"THE_SILENT","items_purchased":["Skewer"],"campfire_rested":0,"item_purchase_floors":[3],"current_hp_per_floor":[69,66,66,64,64,64,62,62,62,62,62,61,61,61,61,58,70,50,50,30,0,0],"gold":440,"neow_bonus":"NOSTALGIA","is_daily":false,"chose_seed":false,"campfire_upgraded":5,"win_rate":0.0,"timestamp":1608078702,"path_taken":["M","?","?","M","M","R","M","R","T","M","R","M","R","?","R","BOSS","M","M","?","M"],"items_purchased_type":["Card"],"build_version":"2020-12-13","purchased_purges":0,"victory":false,"max_hp_per_floor":[70,70,70,70,70,70,70,70,70,70,70,70,70,70,70,70,70,70,70,70,70,70],"card_choices":[{"not_picked":["Blade Dance","Deflect"],"picked":"Well Laid Plans","floor":1},{"not_picked":["Deadly Poison","Deflect"],"picked":"ReplayTheSpireMod:Shiv Toss","floor":4},{"not_picked":["Backflip","Deadly Poison"],"picked":"Cloak And Dagger","floor":5},{"not_picked":["Deadly Poison","ReplayTheSpireMod:Tripwire"],"picked":"Poisoned Stab","floor":7},{"not_picked":["Bouncing Flask","Flying Knee"],"picked":"Escape Plan","floor":10},{"not_picked":["Acrobatics","Deflect"],"picked":"Backflip","floor":12},{"not_picked":["ReplayTheSpireMod:Scrap Shanks","Backstab"],"picked":"Cloak And Dagger","floor":14},{"not_picked":["Unload","Slice"],"picked":"Blade Dance","floor":14},{"not_picked":["Night Terror","Wraith Form v2"],"picked":"Bullet Time","floor":16},{"not_picked":["Draining Mist","ReplayTheSpireMod:Shiv Toss+1"],"picked":"Cloak And Dagger+1","floor":18},{"not_picked":["Flying Knee+1","Bane","Setup"],"picked":"SKIP","floor":19},{"not_picked":["Bane","Replay:Poison Smokescreen","Well Laid Plans"],"picked":"SKIP","floor":20}],"player_experience":1243651,"relics_obtained":[{"floor":9,"key":"Darkstone Periapt"},{"floor":14,"key":"aspiration:TomeofQuesting"}],"event_choices":[{"damage_healed":0,"gold_gain":0,"player_choice":"Success","damage_taken":3,"relics_obtained":["Regal Pillow"],"max_hp_gain":0,"max_hp_loss":0,"event_name":"Scrap Ooze","floor":2,"gold_loss":0}],"is_beta":false,"boss_relics":[{"not_picked":["Astrolabe","Painkiller Herb"],"picked":"Black Star"}],"items_purged_floors":[],"is_endless":false,"potions_floor_spawned":[1,5],"killed_by":"Cultist and Chosen","ascension_level":0}}