{"host":"ovxa65d68iy9l57e","time":1608157422,"event":{"mods":["AchievementEnabler","BaseMod","Colored Map","Minty Spire (QoL Compilation)","Relic Stats"],"gold_per_floor":[116,135,151,151,100,125,125,136,136,168,133,133,164,177,177,281,281,299,299,315,97,196,196,225,8,34,48,62,97,97,113,113,208,208,225,238,19,34,34,34,59,75,122,122,122,122,17,30,30,30,30],"floor_reached":50,"playtime":4915,"items_purged":["Defend_B"],"score":667,"play_id":"442356c3-8717-4f66-93b1-c952fe38ac96","local_time":"20201216232342","is_ascension_mode":true,"campfire_choices":[{"data":"Loop","floor":7,"key":"SMITH"},{"data":"Melter","floor":15,"key":"SMITH"},{"data":"Multi-Cast","floor":23,"key":"SMITH"},{"data":"Sweeping Beam","floor":30,"key":"SMITH"},{"data":"Leap","floor":32,"key":"SMITH"},{"data":"Conserve Battery","floor":40,"key":"SMITH"},{"floor":49,"key":"REST"}],"circlet_count":0,"master_deck":["Strike_B","Strike_B","Strike_B","Strike_B","Defend_B","Defend_B","Defend_B","Zap","Dualcast","Loop+1","Self Repair+1","Leap+1","Conserve Battery","Sweeping Beam+1","Conserve Battery+1","Rebound","Melter+1","Ball Lightning","Multi-Cast+1","FTL","Double Energy+1","Biased Cognition+1","Machine Learning+1","Ball Lightning+1","Thunder Strike","Hello World+1","Meteor Strike","Heatsinks+1","BootSequence+1","Undo+1","Impatience"],"relics":["Cracked Core","Gremlin Horn","Frozen Egg 2","Kunai","Eternal Feather","Torii","Nuclear Battery","Toolbox","HornCleat","HandDrill","Bag of Marbles","Pen Nib","Inserter","Chemical X","Bottled Flame","Bag of Preparation","Singing Bowl"],"acts_visited":["Exordium","TheCity","TheBeyond"],"potions_floor_usage":[10,13,14,18,18,24,33,38,41,48,48,50,50],"damage_taken":[{"damage":1.0,"enemies":"2 Louse","floor":1.0,"turns":3.0},{"damage":1.0,"enemies":"Cultist","floor":2.0,"turns":3.0},{"damage":15.0,"enemies":"Small Slimes","floor":3.0,"turns":4.0},{"damage":38,"enemies":"Gremlin Nob","floor":6,"turns":5},{"damage":10,"enemies":"Looter","floor":8,"turns":5},{"damage":20,"enemies":"Lagavulin","floor":10,"turns":6},{"damage":19,"enemies":"3 Sentries","floor":13,"turns":5},{"damage":2,"enemies":"Blue Slaver","floor":14,"turns":4},{"damage":15,"enemies":"Hexaghost","floor":16,"turns":9},{"damage":2,"enemies":"Shell Parasite","floor":18,"turns":4},{"damage":1,"enemies":"Chosen","floor":20,"turns":4},{"damage":69,"enemies":"Book of Stabbing","floor":24,"turns":6},{"damage":1,"enemies":"Snake Plant","floor":27,"turns":3},{"damage":22,"enemies":"Snecko","floor":28,"turns":5},{"damage":2,"enemies":"Gremlin Leader","floor":29,"turns":4},{"damage":12,"enemies":"3 Cultists","floor":31,"turns":4},{"damage":0,"enemies":"Automaton","floor":33,"turns":8},{"damage":11,"enemies":"Orb Walker","floor":35,"turns":4},{"damage":13,"enemies":"3 Shapes","floor":36,"turns":4},{"damage":6,"enemies":"Writhing Mass","floor":38,"turns":4},{"damage":44,"enemies":"Giant Head","floor":41,"turns":7},{"damage":29,"enemies":"Maw","floor":42,"turns":8},{"damage":0,"enemies":"Transient","floor":48,"turns":5},{"damage":85,"enemies":"Donu and Deca","floor":50,"turns":10}],"seed_played":"5430025992987768498","potions_obtained":[{"floor":1.0,"key":"FearPotion"},{"floor":8,"key":"SpeedPotion"},{"floor":10,"key":"Energy Potion"},{"floor":13,"key":"Regen Potion"},{"floor":16,"key":"EntropicBrew"},{"floor":20,"key":"FairyPotion"},{"floor":27,"key":"EssenceOfDarkness"},{"floor":31,"key":"Weak Potion"},{"floor":42,"key":"Weak Potion"}],"is_trial":false,"path_per_floor":["M","M","M","?","$","E","R","M","T","E","?","?","E","M","R","B",null,"M","?","M","$","?","R","E","$","T","M","M","E","R","M","R","B",null,"M","M","$","M","?","R","E","M","T","?","?","T","$","M","R","B"],"character_chosen":"DEFECT","items_purchased":["Conserve Battery","Toolbox","Biased Cognition+1","Machine Learning+1","HandDrill","Chemical X","EntropicBrew"],"campfire_rested":1,"item_purchase_floors":[5,21,21,25,25,37,47],"current_hp_per_floor":[81,80,72,72,72,44,44,44,44,34,54,42,23,40,49,44,82,82,82,82,82,82,82,23,23,23,22,34,42,57,45,60,60,82,71,58,58,52,52,67,33,14,14,14,14,14,14,26,69,0,0],"gold":30,"neow_bonus":"TEN_PERCENT_HP_BONUS","is_daily":false,"chose_seed":false,"campfire_upgraded":6,"win_rate":0.0,"timestamp":1608157422,"path_taken":["M","M","M","?","?","E","R","M","T","E","?","?","E","M","R","BOSS","M","?","M","$","?","R","E","$","T","M","M","E","R","M","R","BOSS","M","M","$","M","?","R","E","M","T","?","?","?","?","?","R","BOSS"],"items_purchased_type":["Card","Relic","Card","Card","Relic","Relic","Potion"],"build_version":"2020-12-13","purchased_purges":1,"victory":false,"max_hp_per_floor":[82,82,82,82,82,82,82,82,82,82,82,82,82,82,82,82,82,82,82,82,82,82,82,82,82,82,82,82,82,82,82,82,82,82,82,82,82,82,82,82,82,82,82,82,82,82,82,84,84,84,84],"relic_stats":{"Inserter":[21],"Gremlin Horn":[11,11],"Torii":50,"Singing Bowl":2,"counters":[24,123],"Eternal Feather":72,"Pen Nib":[11],"HandDrill":[36],"Bag of Preparation":[4],"Kunai":[29],"Chemical X":[10],"obtain_stats":[{"Inserter":34,"Gremlin Horn":6,"Torii":13,"Singing Bowl":46,"Eternal Feather":12,"Pen Nib":29,"Bag of Preparation":43,"Frozen Egg 2":9,"Nuclear Battery":17,"Bottled Flame":41,"HornCleat":24,"Toolbox":21,"HandDrill":25,"Bag of Marbles":26,"Kunai":10,"Chemical X":37,"Cracked Core":0},{"Inserter":17,"Gremlin Horn":4,"Torii":7,"Singing Bowl":22,"Eternal Feather":6,"Pen Nib":15,"Bag of Preparation":22,"Frozen Egg 2":5,"Nuclear Battery":9,"Bottled Flame":21,"HornCleat":12,"Toolbox":11,"HandDrill":12,"Bag of Marbles":12,"Kunai":6,"Chemical X":19,"Cracked Core":0},{"Inserter":81,"Gremlin Horn":15,"Torii":31,"Singing Bowl":108,"Eternal Feather":26,"Pen Nib":69,"Bag of Preparation":108,"Frozen Egg 2":20,"Nuclear Battery":44,"Bottled Flame":100,"HornCleat":57,"Toolbox":52,"HandDrill":57,"Bag of Marbles":57,"Kunai":26,"Chemical X":89,"Cracked Core":0}]},"card_choices":[{"not_picked":["Streamline","Go for the Eyes"],"picked":"Loop","floor":1.0},{"not_picked":["Compile Driver","Rebound"],"picked":"Self Repair","floor":2.0},{"not_picked":["Beam Cell","Reprogram"],"picked":"Leap","floor":3},{"not_picked":["Static Discharge","Rip and Tear"],"picked":"Sweeping Beam","floor":6},{"not_picked":["Sweeping Beam","Coolheaded"],"picked":"Conserve Battery","floor":8},{"not_picked":["Aggregate","Barrage"],"picked":"Rebound","floor":10},{"not_picked":["Steam","Steam Power"],"picked":"Melter","floor":13},{"not_picked":["Force Field","Go for the Eyes"],"picked":"Ball Lightning","floor":14},{"not_picked":["Electrodynamics+1","Core Surge"],"picked":"Multi-Cast","floor":16},{"not_picked":["Cold Snap","Genetic Algorithm"],"picked":"FTL","floor":18},{"not_picked":["Barrage","Aggregate"],"picked":"Double Energy+1","floor":20},{"not_picked":["Gash","Reprogram","Force Field"],"picked":"SKIP","floor":24},{"not_picked":["Turbo+1","Chill+1"],"picked":"Ball Lightning+1","floor":27},{"not_picked":["Conserve Battery","Leap","Go for the Eyes"],"picked":"SKIP","floor":28},{"not_picked":["Beam Cell+1","Compile Driver+1"],"picked":"Thunder Strike","floor":29},{"not_picked":["Reprogram","Conserve Battery+1"],"picked":"Hello World+1","floor":31},{"not_picked":["Creative AI+1","Amplify"],"picked":"Meteor Strike","floor":33},{"not_picked":["Rip and Tear","Barrage","Beam Cell"],"picked":"SKIP","floor":35},{"not_picked":["Ball Lightning","Compile Driver"],"picked":"Heatsinks+1","floor":36},{"not_picked":["Barrage+1","Streamline","Leap"],"picked":"SKIP","floor":38},{"not_picked":["Auto Shields","Reboot"],"picked":"BootSequence+1","floor":41},{"not_picked":["Scrape+1","Barrage"],"picked":"Undo+1","floor":42},{"not_picked":["Forethought","Metamorphosis"],"picked":"Impatience","floor":45},{"not_picked":["Steam","Coolheaded+1","Glacier+1"],"picked":"Singing Bowl","floor":48}],"player_experience":202093,"relics_obtained":[{"floor":6,"key":"Gremlin Horn"},{"floor":9,"key":"Frozen Egg 2"},{"floor":10,"key":"Kunai"},{"floor":13,"key":"Torii"},{"floor":24,"key":"HornCleat"},{"floor":26,"key":"Bag of Marbles"},{"floor":29,"key":"Pen Nib"},{"floor":41,"key":"Bottled Flame"},{"floor":43,"key":"Bag of Preparation"},{"floor":46,"key":"Singing Bowl"}],"event_choices":[{"damage_healed":0,"gold_gain":0,"player_choice":"Upgraded","damage_taken":0,"max_hp_gain":0,"max_hp_loss":0,"event_name":"Upgrade Shrine","floor":4,"gold_loss":0,"cards_upgraded":["Self Repair"]},{"damage_healed":20,"gold_gain":0,"player_choice":"Healed","damage_taken":0,"max_hp_gain":0,"max_hp_loss":0,"event_name":"The Cleric","floor":11,"gold_loss":35},{"damage_healed":0,"gold_gain":0,"player_choice":"Success","damage_taken":12,"relics_obtained":["Eternal Feather"],"max_hp_gain":0,"max_hp_loss":0,"event_name":"Scrap Ooze","floor":12,"gold_loss":0},{"damage_healed":0,"gold_gain":0,"player_choice":"Ignored","damage_taken":0,"max_hp_gain":0,"max_hp_loss":0,"event_name":"Ghosts","floor":19,"gold_loss":0},{"damage_healed":0,"gold_gain":99,"player_choice":"Stole From Cult","damage_taken":0,"max_hp_gain":0,"max_hp_loss":0,"event_name":"Nest","floor":22,"gold_loss":0},{"damage_healed":0,"gold_gain":0,"player_choice":"Ignored","damage_taken":0,"max_hp_gain":0,"max_hp_loss":0,"event_name":"Tomb of Lord Red Mask","floor":39,"gold_loss":0},{"damage_healed":0,"gold_gain":0,"player_choice":"Ignored","damage_taken":0,"max_hp_gain":0,"max_hp_loss":0,"event_name":"Mysterious Sphere","floor":44,"gold_loss":0},{"damage_healed":0,"gold_gain":0,"player_choice":"Memory 1","damage_taken":0,"max_hp_gain":0,"max_hp_loss":0,"event_name":"SensoryStone","floor":45,"gold_loss":0}],"is_beta":false,"boss_relics":[{"not_picked":["Ectoplasm","Empty Cage"],"picked":"Nuclear Battery"},{"not_picked":["Astrolabe","SlaversCollar"],"picked":"Inserter"}],"items_purged_floors":[37],"is_endless":false,"potions_floor_spawned":[1,8,10,13,16,20,27,31,42,48],"killed_by":"Donu and Deca","ascension_level":3}}