{"host":"iptgt7xajlx4idp5","time":1608093312,"event":{"mods":["BaseMod","Bestiary","Colored Map","Minty Spire (QoL Compilation)","Rare Cards Sparkle","Slay-I"],"gold_per_floor":[116,134,59,69,85,85,96,96,96,111,111,111,11,45,45,144,144,144,144,19,19,19,19,19,19,19,19,19,19,19,19,19,19,19,19,19,19,19,19,19,19,19,19,19,19,19,19,19,19,19,19],"floor_reached":50,"playtime":1995,"items_purged":["Bash","Strike_R","Strike_R"],"score":492,"play_id":"24e4f6e2-b850-4689-96a3-c2466f95e1ec","local_time":"20201215213512","is_ascension_mode":false,"campfire_choices":[{"data":"Rupture","floor":6,"key":"SMITH"},{"data":"Cleave","floor":8,"key":"SMITH"},{"floor":11,"key":"REST"},{"data":"Brutality","floor":15,"key":"SMITH"},{"floor":23,"key":"REST"},{"data":"Demon Form","floor":25,"key":"SMITH"},{"data":"Hemokinesis","floor":27,"key":"SMITH"},{"floor":32,"key":"REST"},{"floor":40,"key":"REST"},{"data":"Battle Trance","floor":44,"key":"SMITH"},{"data":"Shrug It Off","floor":47,"key":"SMITH"},{"floor":49,"key":"REST"}],"circlet_count":0,"master_deck":["Strike_R","Strike_R","Defend_R","Defend_R","Defend_R","Defend_R","Rupture+1","Hemokinesis","Cleave+1","Shrug It Off+1","Brutality+1","Hemokinesis+1","Clash+1","Battle Trance+1","Iron Wave"],"relics":["Burning Blood","Boot","Ancient Tea Set","Ectoplasm","FossilizedHelix","Runic Cube","Bronze Scales","Paper Frog"],"acts_visited":["Exordium","TheCity","TheBeyond"],"potions_floor_usage":[7,14,22,30,30,33,35,42,48,50,50],"damage_taken":[{"damage":20,"enemies":"Cultist","floor":1,"turns":6},{"damage":5,"enemies":"Jaw Worm","floor":2,"turns":5},{"damage":5,"enemies":"2 Louse","floor":4,"turns":4},{"damage":13,"enemies":"Red Slaver","floor":5,"turns":4},{"damage":0,"enemies":"3 Louse","floor":7,"turns":2},{"damage":15,"enemies":"Exordium Thugs","floor":10,"turns":6},{"damage":18,"enemies":"Gremlin Nob","floor":14,"turns":3},{"damage":10,"enemies":"Slime Boss","floor":16,"turns":5},{"damage":17,"enemies":"Chosen","floor":18,"turns":6},{"damage":16,"enemies":"Shell Parasite","floor":22,"turns":4},{"damage":24,"enemies":"Snecko","floor":24,"turns":4},{"damage":39,"enemies":"Snake Plant","floor":28,"turns":5},{"damage":10,"enemies":"Centurion and Healer","floor":30,"turns":5},{"damage":41,"enemies":"Automaton","floor":33,"turns":6},{"damage":9,"enemies":"Orb Walker","floor":35,"turns":3},{"damage":23,"enemies":"3 Shapes","floor":38,"turns":4},{"damage":23,"enemies":"Sphere and 2 Shapes","floor":39,"turns":4},{"damage":23,"enemies":"4 Shapes","floor":42,"turns":3},{"damage":18,"enemies":"Spire Growth","floor":48,"turns":4},{"damage":69,"enemies":"Awakened One","floor":50,"turns":3}],"seed_played":"5580534619217974602","potions_obtained":[{"floor":2,"key":"Explosive Potion"},{"floor":10,"key":"FearPotion"},{"floor":16,"key":"CultistPotion"},{"floor":22,"key":"Energy Potion"},{"floor":24,"key":"SkillPotion"},{"floor":30,"key":"Swift Potion"},{"floor":33,"key":"Block Potion"},{"floor":38,"key":"LiquidBronze"},{"floor":39,"key":"FearPotion"},{"floor":42,"key":"Ancient Potion"},{"floor":48,"key":"AttackPotion"}],"is_trial":false,"path_per_floor":["M","M","$","M","M","R","M","R","T","M","R","?","$","E","R","B",null,"M","?","$","?","M","R","M","R","T","R","M","?","M","$","R","B",null,"M","?","$","M","M","R","?","M","T","R","$","T","R","M","R","B"],"character_chosen":"IRONCLAD","items_purchased":[],"campfire_rested":5,"item_purchase_floors":[],"current_hp_per_floor":[66,67,67,68,61,61,67,67,67,58,80,80,80,68,68,64,80,69,69,69,69,59,80,62,62,62,62,29,23,19,19,43,8,80,77,77,77,60,43,67,67,50,50,50,50,50,50,38,62,0,0],"gold":19,"neow_bonus":"THREE_CARDS","is_daily":false,"chose_seed":false,"campfire_upgraded":7,"win_rate":0.0,"timestamp":1608093312,"path_taken":["M","M","$","M","M","R","M","R","T","M","R","?","$","E","R","BOSS","M","?","$","?","M","R","?","R","T","R","M","?","?","$","R","BOSS","M","?","?","M","M","R","?","M","T","R","$","?","R","M","R","BOSS"],"items_purchased_type":[],"build_version":"2020-12-13","purchased_purges":3,"victory":false,"max_hp_per_floor":[80,80,80,80,80,80,80,80,80,80,80,80,80,80,80,80,80,80,80,80,80,80,80,80,80,80,80,80,80,80,80,80,80,80,80,80,80,80,80,80,80,80,80,80,80,80,80,80,80,80,80],"card_choices":[{"not_picked":["Seeing Red","Warcry"],"picked":"Rupture","floor":0},{"not_picked":["Thunderclap","Perfected Strike"],"picked":"Hemokinesis","floor":1},{"not_picked":["Warcry","Iron Wave"],"picked":"Cleave","floor":2},{"not_picked":["Twin Strike","Pommel Strike"],"picked":"Shrug It Off","floor":4},{"not_picked":["Perfected Strike","Shrug It Off","Warcry"],"picked":"SKIP","floor":5},{"not_picked":["Searing Blow","Twin Strike","Whirlwind"],"picked":"SKIP","floor":7},{"not_picked":["Warcry","Twin Strike"],"picked":"Brutality","floor":10},{"not_picked":["Seeing Red","Perfected Strike","Cleave"],"picked":"SKIP","floor":14},{"not_picked":["Juggernaut","Brutality"],"picked":"Demon Form","floor":16},{"not_picked":["Sword Boomerang","Feel No Pain","Flex"],"picked":"SKIP","floor":18},{"not_picked":["Armaments","Clash","Perfected Strike"],"picked":"SKIP","floor":22},{"not_picked":["Headbutt","Sword Boomerang","Ghostly Armor"],"picked":"SKIP","floor":24},{"not_picked":["Warcry","Wild Strike","Armaments"],"picked":"SKIP","floor":28},{"not_picked":["Dropkick","Fire Breathing","Perfected Strike+1"],"picked":"SKIP","floor":30},{"not_picked":["Second Wind","Reckless Charge"],"picked":"Clash+1","floor":35},{"not_picked":["Havoc+1","Cleave+1","Clash+1"],"picked":"SKIP","floor":38},{"not_picked":["Flex","Wild Strike+1","Thunderclap"],"picked":"SKIP","floor":39},{"not_picked":["Double Tap","Spot Weakness+1"],"picked":"Battle Trance","floor":42},{"not_picked":["Body Slam","Sever Soul"],"picked":"Iron Wave","floor":48}],"player_experience":478406,"relics_obtained":[{"floor":9,"key":"Boot"},{"floor":14,"key":"Ancient Tea Set"},{"floor":26,"key":"FossilizedHelix"},{"floor":43,"key":"Bronze Scales"},{"floor":46,"key":"Paper Frog"}],"event_choices":[{"damage_healed":0,"gold_gain":0,"player_choice":"1 cards matched","damage_taken":0,"max_hp_gain":0,"max_hp_loss":0,"event_name":"Match and Keep!","floor":12,"gold_loss":0,"cards_obtained":["Hemokinesis"]},{"damage_healed":0,"gold_gain":0,"player_choice":"Ignored","damage_taken":0,"max_hp_gain":0,"max_hp_loss":0,"event_name":"Ghosts","floor":19,"gold_loss":0},{"damage_healed":0,"gold_gain":0,"player_choice":"Ignored","damage_taken":0,"max_hp_gain":0,"max_hp_loss":0,"event_name":"Golden Shrine","floor":21,"gold_loss":0},{"damage_healed":0,"gold_gain":0,"player_choice":"","damage_taken":6,"max_hp_gain":0,"max_hp_loss":0,"event_name":"Knowing Skull","floor":29,"potions_obtained":[],"gold_loss":0,"cards_obtained":[]},{"cards_removed":["Demon Form"],"damage_healed":0,"gold_gain":0,"player_choice":"Purged","damage_taken":0,"max_hp_gain":0,"max_hp_loss":0,"event_name":"Purifier","floor":36,"gold_loss":0},{"cards_removed":["Strike_R"],"damage_healed":0,"gold_gain":0,"player_choice":"Removed Attack","damage_taken":0,"max_hp_gain":0,"max_hp_loss":0,"event_name":"Falling","floor":41,"gold_loss":0}],"is_beta":false,"boss_relics":[{"not_picked":["Velvet Choker","SacredBark"],"picked":"Ectoplasm"},{"not_picked":["Fusion Hammer","Empty Cage"],"picked":"Runic Cube"}],"items_purged_floors":[3,13,20],"is_endless":false,"potions_floor_spawned":[2,10,16,22,24,30,33,38,39,42,48],"killed_by":"Awakened One","ascension_level":0}}