{"host":"nn0usk9aafse27ii","time":1608080443,"event":{"mods":["Act Like it!","BaseMod","Colored Map","Highlight Path","Minty Spire (QoL Compilation)","Replay The Spire","Shop Mod","StSLib"],"gold_per_floor":[110,126,126,145,165,165,183,183,183,183,183,40,59,74,74,1,1,103,103,119,119,119,131,131,131],"floor_reached":24,"playtime":1490,"items_purged":[],"score":238,"play_id":"3c5feca3-022c-4011-995c-8658950fa888","local_time":"20201215170043","is_ascension_mode":false,"campfire_choices":[{"data":"Neutralize","floor":6,"key":"SMITH"},{"data":"Caltrops","floor":15,"key":"SMITH"}],"circlet_count":0,"master_deck":["Strike_G","Strike_G","Strike_G","Strike_G","Defend_G","Defend_G","Defend_G","Defend_G","Defend_G","Survivor","Neutralize+1","All Out Attack+1","Slice","Deflect","Outmaneuver","Dodge and Roll+1","Caltrops+1","Blade Dance","Infinite Blades","Replay:Bag of Tricks","Terror","Acrobatics+1"],"relics":["Ring of the Snake","ReplayFunnel","Omamori","Honey Jar"],"acts_visited":["Exordium","TheCity"],"potions_floor_usage":[14,18,18],"damage_taken":[{"damage":7,"enemies":"Jaw Worm","floor":1,"turns":5},{"damage":1,"enemies":"2 Louse","floor":2,"turns":2},{"damage":0,"enemies":"Small Slimes","floor":4,"turns":3},{"damage":0,"enemies":"2 Fungi Beasts","floor":5,"turns":3},{"damage":1,"enemies":"Exordium Thugs","floor":7,"turns":4},{"damage":0,"enemies":"Blue Slaver","floor":13,"turns":5},{"damage":2,"enemies":"Exordium Wildlife","floor":14,"turns":2},{"damage":0,"enemies":"The Guardian","floor":18,"turns":14},{"damage":8,"enemies":"Chosen","floor":20,"turns":5},{"damage":32,"enemies":"2 Thieves","floor":23,"turns":3},{"damage":17,"enemies":"Sentry and Sphere","floor":24,"turns":4}],"seed_played":"-8938555938162279198","potions_obtained":[{"floor":1,"key":"LifebloodPotion"},{"floor":4,"key":"SpeedPotion"},{"floor":7,"key":"Dexterity Potion"},{"floor":13,"key":"SteroidPotion"},{"floor":20,"key":"SpeedPotion"}],"is_trial":false,"path_per_floor":["M","M","?","M","M","R","M","?","T","PTL","PTL","$","M","M","R","$","R_BF","B",null,"M","?","?","M","M"],"character_chosen":"THE_SILENT","items_purchased":["Omamori","Infinite Blades"],"campfire_rested":0,"item_purchase_floors":[12,16],"current_hp_per_floor":[63,62,62,62,62,62,61,61,61,61,61,61,61,59,59,59,70,70,70,62,62,49,17,0,0],"gold":131,"neow_bonus":"RANDOM_COMMON_RELIC","is_daily":false,"chose_seed":false,"campfire_upgraded":2,"win_rate":0.0,"timestamp":1608080443,"path_taken":["M","M","?","M","M","R","M","?","T","PTL","PTL","?","?","M","R","$","R_BF","BOSS","M","?","?","M","M"],"items_purchased_type":["Relic","Card"],"build_version":"2020-12-13","purchased_purges":0,"victory":false,"max_hp_per_floor":[70,70,70,70,70,70,70,70,70,70,70,70,70,70,70,70,70,70,70,70,70,75,75,75,75],"card_choices":[{"not_picked":["Hidden Blade","Well Laid Plans"],"picked":"All Out Attack","floor":1},{"not_picked":["Dagger Throw","Dodge and Roll","Quick Slash"],"picked":"SKIP","floor":2},{"not_picked":["Acrobatics","Deflect"],"picked":"Slice","floor":4},{"not_picked":["PiercingWail","Prepared"],"picked":"Deflect","floor":5},{"not_picked":["Hidden Blade","Concentrate"],"picked":"Outmaneuver","floor":7},{"not_picked":["Footwork","ReplayTheSpireMod:Tripwire"],"picked":"Caltrops","floor":13},{"not_picked":["Glass Knife","Sucker Punch"],"picked":"Blade Dance","floor":14},{"not_picked":["Glass Knife","Poison Darts"],"picked":"Replay:Bag of Tricks","floor":18},{"not_picked":["Prepared","Calculated Gamble","Dagger Spray"],"picked":"Terror","floor":20},{"not_picked":["Reflex","Eviscerate","Underhanded Strike"],"picked":"Acrobatics+1","floor":23}],"player_experience":291011,"relics_obtained":[],"event_choices":[{"damage_healed":0,"gold_gain":0,"cards_transformed":["Strike_G"],"player_choice":"Change","damage_taken":0,"max_hp_gain":0,"max_hp_loss":0,"event_name":"Living Wall","floor":8,"gold_loss":0,"cards_obtained":["Dodge and Roll"]},{"damage_healed":0,"gold_gain":0,"player_choice":"Ignored","damage_taken":0,"max_hp_gain":0,"max_hp_loss":0,"event_name":"Vampires","floor":21,"gold_loss":0},{"damage_healed":0,"gold_gain":0,"player_choice":"Shed Blood","damage_taken":18,"max_hp_gain":5,"max_hp_loss":0,"event_name":"Forgotten Altar","floor":22,"gold_loss":0}],"is_beta":false,"boss_relics":[{"not_picked":["SlaversCollar","ReplayTheSpireMod:DimensionalGlitch"],"picked":"Honey Jar"}],"items_purged_floors":[],"is_endless":false,"potions_floor_spawned":[1,4,7,13,20],"killed_by":"Sentry and Sphere","ascension_level":0}}