{"host":"63yhhrjweyj22b0v","time":1608101371,"event":{"mods":["BaseMod","Minty Spire (QoL Compilation)","Quick Restart"],"gold_per_floor":[117,131,131,144,217,243,243,255,336,348,361,122,122,136,136,239,239,258,270,270,195,294,294,322,322,322,322,335,335,350,350,350],"floor_reached":31,"playtime":673,"items_purged":["Strike_B"],"score":270,"play_id":"4786af71-e10d-4c97-b3fd-42e183e4c355","local_time":"20201216004931","is_ascension_mode":true,"campfire_choices":[{"data":"Zap","floor":7,"key":"SMITH"},{"floor":15,"key":"REST"},{"floor":23,"key":"REST"},{"floor":25,"key":"REST"},{"floor":27,"key":"REST"},{"floor":29,"key":"REST"}],"circlet_count":0,"master_deck":["Strike_B","Strike_B","Defend_B","Defend_B","Defend_B","Defend_B","Zap+1","Dualcast","Streamline","Barrage+1","Cold Snap","Machine Learning","Gash","Chaos","Melter","Defragment","Lockon","Creative AI","Amplify","Lockon","Beam Cell+1","Cold Snap","Hello World","Gash"],"relics":["FrozenCore","NeowsBlessing","Ginger","Symbiotic Virus","Membership Card","NlothsMask","MutagenicStrength","Boot"],"acts_visited":["Exordium","TheCity"],"potions_floor_usage":[31],"damage_taken":[{"damage":0,"enemies":"Cultist","floor":1,"turns":1},{"damage":0,"enemies":"Small Slimes","floor":2,"turns":1},{"damage":0,"enemies":"Jaw Worm","floor":4,"turns":1},{"damage":33,"enemies":"Lagavulin","floor":6,"turns":6},{"damage":9,"enemies":"Lots of Slimes","floor":8,"turns":3},{"damage":5,"enemies":"Blue Slaver","floor":10,"turns":3},{"damage":6,"enemies":"3 Louse","floor":11,"turns":2},{"damage":0,"enemies":"2 Fungi Beasts","floor":14,"turns":2},{"damage":32,"enemies":"Slime Boss","floor":16,"turns":4},{"damage":14,"enemies":"Shell Parasite","floor":18,"turns":7},{"damage":14,"enemies":"Spheric Guardian","floor":19,"turns":4},{"damage":54,"enemies":"Book of Stabbing","floor":24,"turns":6},{"damage":18,"enemies":"3 Cultists","floor":28,"turns":4},{"damage":34,"enemies":"Snake Plant","floor":30,"turns":4},{"damage":16,"enemies":"Centurion and Healer","floor":31,"turns":4}],"seed_played":"-2557953701789472207","potions_obtained":[{"floor":4,"key":"Strength Potion"},{"floor":6,"key":"EssenceOfDarkness"},{"floor":10,"key":"Block Potion"}],"is_trial":false,"path_per_floor":["M","M","?","M","?","E","R","M","T","M","M","$","?","M","R","B",null,"M","M","?","?","?","R","E","R","T","R","M","R","M","M"],"character_chosen":"DEFECT","items_purchased":["Membership Card","Defragment","Lockon"],"campfire_rested":5,"item_purchase_floors":[12,12,12],"current_hp_per_floor":[75,75,75,75,75,42,42,33,33,28,22,22,22,22,44,12,75,61,47,47,47,47,69,15,37,37,59,41,63,29,13,13],"gold":350,"neow_bonus":"THREE_ENEMY_KILL","is_daily":false,"chose_seed":false,"campfire_upgraded":1,"win_rate":0.0,"timestamp":1608101371,"path_taken":["M","?","?","M","?","E","R","M","T","M","M","$","?","M","R","BOSS","M","?","?","?","?","R","E","R","T","R","M","R","?","M"],"items_purchased_type":["Relic","Card","Card"],"build_version":"2020-12-13","purchased_purges":1,"victory":false,"max_hp_per_floor":[75,75,75,75,75,75,75,75,75,75,75,75,75,75,75,75,75,75,75,75,75,75,75,75,75,75,75,75,75,75,75,75],"card_choices":[{"not_picked":["Turbo","Consume"],"picked":"Streamline","floor":1},{"not_picked":["Stack","Steam"],"picked":"Barrage","floor":2},{"not_picked":["Go for the Eyes","BootSequence"],"picked":"Cold Snap","floor":4},{"not_picked":["Steam Power","Stack"],"picked":"Machine Learning","floor":6},{"not_picked":["Beam Cell","Steam"],"picked":"Gash","floor":8},{"not_picked":["Streamline","Heatsinks"],"picked":"Chaos","floor":10},{"not_picked":["Chaos","Streamline"],"picked":"Melter","floor":11},{"not_picked":["Redo","Skim"],"picked":"Creative AI","floor":14},{"not_picked":["Reboot","Meteor Strike"],"picked":"Amplify","floor":16},{"not_picked":["Cold Snap","Reprogram"],"picked":"Lockon","floor":18},{"not_picked":["Skim+1","Chaos+1"],"picked":"Beam Cell+1","floor":19},{"not_picked":["Rebound","Steam Power"],"picked":"Cold Snap","floor":24},{"not_picked":["Chaos","Hologram"],"picked":"Hello World","floor":28},{"not_picked":["Sweeping Beam","Beam Cell"],"picked":"Gash","floor":30}],"player_experience":604297,"relics_obtained":[{"floor":6,"key":"Ginger"},{"floor":9,"key":"Symbiotic Virus"},{"floor":24,"key":"Boot"}],"event_choices":[{"damage_healed":0,"gold_gain":0,"player_choice":"Grow","damage_taken":0,"max_hp_gain":0,"max_hp_loss":0,"event_name":"Living Wall","floor":3,"gold_loss":0,"cards_upgraded":["Barrage"]},{"damage_healed":0,"gold_gain":73,"player_choice":"Gained Gold","damage_taken":0,"max_hp_gain":0,"max_hp_loss":0,"event_name":"Golden Wing","floor":5,"gold_loss":0},{"damage_healed":0,"gold_gain":0,"player_choice":"Trade","damage_taken":0,"relics_obtained":["NlothsMask"],"max_hp_gain":0,"max_hp_loss":0,"event_name":"FaceTrader","floor":13,"gold_loss":0},{"damage_healed":0,"gold_gain":0,"player_choice":"Inject Mutagens","damage_taken":0,"relics_obtained":["MutagenicStrength"],"max_hp_gain":0,"max_hp_loss":0,"event_name":"Drug Dealer","floor":20,"gold_loss":0},{"cards_removed":["Strike_B"],"damage_healed":0,"gold_gain":0,"player_choice":"Gave Gold","damage_taken":0,"max_hp_gain":0,"max_hp_loss":0,"event_name":"Beggar","floor":21,"gold_loss":75},{"damage_healed":0,"gold_gain":99,"player_choice":"Stole From Cult","damage_taken":0,"max_hp_gain":0,"max_hp_loss":0,"event_name":"Nest","floor":22,"gold_loss":0}],"is_beta":false,"boss_relics":[{"not_picked":["Coffee Dripper","Pandora\u0027s Box"],"picked":"FrozenCore"}],"items_purged_floors":[12],"is_endless":false,"potions_floor_spawned":[4,6,10,11,14,18,30],"killed_by":"Centurion and Healer","ascension_level":1}}