{"host":"g1wmg2w41xhsnw8g","time":1608097527,"event":{"mods":["2.2 Compatiblity","Act Like it!","BaseMod","Better Altar","Better Match","Better Note","Better Sensory Stone","Better Skull","Better Third Choice","BetterRewards","Booster Modes","CapriCore","Colored Map","Colored Powertips","Curses Come First","Defuse TimeMaze Blight","Displayed Cursed Tome","Downfall","Friendly Minions","GifTheSpireLib","Googly Eyes","Minty Spire (QoL Compilation)","Red Circlet Mod","Relic Sorter","SCP261 Mod","Shop Mod","Spicy Shops","StSLib","The Poker Player","The Sage","Transform Curses","????"],"gold_per_floor":[114,114,192,206,221,265,265,304,304,304,10,53,53,53,21,150,150,184,214,214,65,92,42,92,60,106,56,65,65,65,98,48,168,168,202,535,561,8,58,97,47,90,90,117,5,40,40,57,7,7],"floor_reached":51,"playtime":2459,"items_purged":["Zap","Clumsy"],"score":1054,"play_id":"9b73bfaf-4f4a-493a-bda2-bb443c19c225","local_time":"20201216004526","daily_mods":["Chimera","Specialized","Heirloom","downfall:Jewelcrafting","Elite Swarm"],"is_ascension_mode":true,"campfire_choices":[{"data":"PokerPlayerMod:DartThrow","floor":10,"key":"SMITH"},{"data":"Slimebound:Equalize","floor":23,"key":"SMITH"},{"data":"Slimebound:LeechLife","floor":27,"key":"SMITH"},{"data":"Slimebound:Teamwork","floor":32,"key":"SMITH"},{"data":"Slimebound:Recycling","floor":41,"key":"SMITH"},{"data":"Slimebound:OneTwoCombo","floor":49,"key":"SMITH"}],"circlet_count":0,"master_deck":["Bash+1","Survivor","Eruption","Strike_R","Strike_G","Strike_B","Defend_R+1","Defend_G+1","Defend_P","Guardian:ExploitGems+1","Guardian:ExploitGems+1","PokerPlayerMod:DartThrow+1","PokerPlayerMod:DartThrow","PokerPlayerMod:DartThrow","PokerPlayerMod:DartThrow","PokerPlayerMod:DartThrow","Slimebound:MegaLick","Slimebound:Equalize+1","PokerPlayerMod:WildCard","Slimebound:SelfFormingGoo","Slimebound:Teamwork+1","Guardian:Gem_Yellow","Slimebound:MassFeed+1","Slimebound:Nibble+1","Slimebound:SplitAcid+1","PokerPlayerMod:HeartStrike+1","Slimebound:LeechLife+1","Slimebound:Repurpose","Slimebound:MegaLick","Slimebound:SplitMire+1","Slimebound:Recycling+1","Slimebound:OneTwoCombo+1"],"relics":["Slimebound:AbsorbEndCombat","Bottled Flame","PreservedInsect","champ:DeflectingBracers","CeramicFish","champ:Barbells","Slimebound:SelfDamagePreventRelic","Juzu Bracelet","CultistMask","Slimebound:GreedOozeRelic","Slimebound:TarBlob","Anchor","Orichalcum","Nunchaku","The Courier","SacredBark","Singing Bowl","Bottled Lightning","Pen Nib","TungstenRod","Oddly Smooth Stone","Sundial","Blue Candle","Lantern","MerchantsRug","Slimebound:MaxSlimesRelic","Bronze Scales"],"acts_visited":["Exordium","TheCity","TheBeyond"],"potions_floor_usage":[12,33,33,38,44],"damage_taken":[{"damage":0.0,"enemies":"Small Slimes","floor":1.0,"turns":2.0},{"damage":0.0,"enemies":"Jaw Worm","floor":4.0,"turns":1.0},{"damage":0.0,"enemies":"Cultist","floor":5.0,"turns":2.0},{"damage":12.0,"enemies":"Lagavulin","floor":6.0,"turns":4.0},{"damage":0.0,"enemies":"Gremlin Nob","floor":8.0,"turns":2.0},{"damage":2,"enemies":"3 Sentries","floor":12,"turns":3},{"damage":32,"enemies":"The Guardian","floor":16,"turns":8},{"damage":10,"enemies":"2 Thieves","floor":18,"turns":3},{"damage":0,"enemies":"Spheric Guardian","floor":19,"turns":3},{"damage":21,"enemies":"Snecko","floor":22,"turns":3},{"damage":29,"enemies":"Gremlin Leader","floor":24,"turns":3},{"damage":6,"enemies":"Book of Stabbing","floor":31,"turns":2},{"damage":56,"enemies":"Automaton","floor":33,"turns":7},{"damage":26,"enemies":"3 Darklings","floor":35,"turns":3},{"damage":16,"enemies":"3 Shapes","floor":37,"turns":3},{"damage":27,"enemies":"Mind Bloom Boss Battle","floor":39,"turns":5},{"damage":26,"enemies":"Reptomancer","floor":40,"turns":4},{"damage":10,"enemies":"Giant Head","floor":42,"turns":5},{"damage":14,"enemies":"Nemesis","floor":44,"turns":3},{"damage":10,"enemies":"Reptomancer","floor":46,"turns":4},{"damage":10,"enemies":"3 Darklings","floor":48,"turns":3},{"damage":46,"enemies":"Time Eater","floor":50,"turns":8}],"seed_played":"-4825874873485958315","potions_obtained":[{"floor":1.0,"key":"DistilledChaos"},{"floor":5.0,"key":"Block Potion"},{"floor":8.0,"key":"Dexterity Potion"},{"floor":16,"key":"FairyPotion"},{"floor":19,"key":"SpeedPotion"},{"floor":31,"key":"SCP261:PenguinPunchPotion"},{"floor":40,"key":"SCP261:ClockworkPotion"},{"floor":42,"key":"PowerPotion"},{"floor":48,"key":"FairyPotion"}],"is_trial":true,"path_per_floor":["M","?","T","M","M","E","R","E","T","R","$","E","?","?","R","B",null,"M","M","?","$","M","R","E","R","T","R","?","?","?","E","R","B",null,"M","?","M","$","?","E","R","E","T","E","$","E","?","M","R","B",null],"character_chosen":"SLIMEBOUND","items_purchased":["champ:Barbells","Slimebound:SelfDamagePreventRelic","Anchor","Singing Bowl","Bottled Lightning","Pen Nib","Fruit Juice","MerchantsRug","Slimebound:MaxSlimesRelic"],"campfire_rested":0,"item_purchase_floors":[11,11,21,38,38,38,38,45,45],"current_hp_per_floor":[60,45,45,45,47,47,47,47,47,47,47,58,58,58,58,30,60,55,57,57,57,47,47,38,38,38,38,38,38,38,51,51,18,73,57,57,49,59,79,79,79,89,89,91,91,93,93,95,95,78],"gold":7,"neow_bonus":"","is_daily":false,"chose_seed":false,"campfire_upgraded":6,"win_rate":0.0,"timestamp":1608097526,"path_taken":["M","?","?","M","?","E","R","E","T","R","$","E","?","?","R","BOSS","M","M","?","$","M","R","E","R","T","R","?","?","?","E","R","BOSS","M","?","M","$","?","E","R","E","T","E","?","E","?","M","R","BOSS"],"items_purchased_type":["Relic","Relic","Relic","Relic","Relic","Relic","Potion","Relic","Relic"],"build_version":"2020-12-13","purchased_purges":2,"victory":true,"max_hp_per_floor":[60,60,60,60,60,60,60,60,60,60,60,60,60,60,60,60,60,63,63,63,63,66,66,66,66,66,66,66,66,66,73,73,73,73,73,73,73,83,85,89,89,89,89,91,91,93,93,95,95,95],"card_choices":[{"not_picked":["Slimebound:GrowthPunch","PokerPlayerMod:Extraction"],"picked":"Slimebound:MegaLick","floor":1.0},{"not_picked":["PokerPlayerMod:ClubsClub","Slimebound:MegaLick"],"picked":"Slimebound:Equalize","floor":4.0},{"not_picked":["Slimebound:Repurpose","Slimebound:Schlurp"],"picked":"Slimebound:SamplingLick","floor":5.0},{"not_picked":["PokerPlayerMod:GamblerForm","Slimebound:SlimeSlap"],"picked":"PokerPlayerMod:WildCard","floor":6.0},{"not_picked":["PokerPlayerMod:ItsShowtime","Slimebound:SlimeSlap"],"picked":"Slimebound:SelfFormingGoo","floor":8.0},{"not_picked":["PokerPlayerMod:WildCard","PokerPlayerMod:VarietyAttack"],"picked":"Slimebound:Teamwork","floor":12},{"not_picked":["PokerPlayerMod:WasteCollection","Slimebound:CheckThePlaybook"],"picked":"Slimebound:MassFeed","floor":16},{"not_picked":["Slimebound:SamplingLick","Slimebound:ItLooksTasty"],"picked":"Slimebound:Nibble+1","floor":18},{"not_picked":["Slimebound:LeechingTouch","Slimebound:TongueLash"],"picked":"Slimebound:SplitAcid","floor":19},{"not_picked":["Slimebound:ViciousTackle","PokerPlayerMod:ChangeRules"],"picked":"PokerPlayerMod:HeartStrike+1","floor":22},{"not_picked":["Slimebound:DouseInSlime","Slimebound:PrepareCrush"],"picked":"Slimebound:LeechLife","floor":24},{"not_picked":["PokerPlayerMod:Promotion","PokerPlayerMod:GamblerForm","PokerPlayerMod:ItsShowtime"],"picked":"SKIP","floor":31},{"not_picked":["PokerPlayerMod:Trickery+1","Slimebound:SplitBruiser"],"picked":"Slimebound:MegaLick","floor":35},{"not_picked":["PokerPlayerMod:DartThrow","Slimebound:Gluttony"],"picked":"Slimebound:SplitMire+1","floor":37},{"not_picked":["Slimebound:SplitLeeching","Slimebound:SamplingLick","PokerPlayerMod:Configure+1"],"picked":"Singing Bowl","floor":39},{"not_picked":["Slimebound:SelfFormingGoo","PokerPlayerMod:SecretDealer"],"picked":"Slimebound:Recycling","floor":40},{"not_picked":["PokerPlayerMod:FakeSymbols","Slimebound:PrepareCrush"],"picked":"Slimebound:OneTwoCombo","floor":42},{"not_picked":["Slimebound:MassRepurpose","PokerPlayerMod:SecretDealer","Slimebound:WasteNot"],"picked":"Singing Bowl","floor":44},{"not_picked":["PokerPlayerMod:StackedDeck","PokerPlayerMod:TheDieIsCast","Slimebound:MinionMaster"],"picked":"Singing Bowl","floor":46},{"not_picked":["Slimebound:Equalize","PokerPlayerMod:Trickery","PokerPlayerMod:Fold+1"],"picked":"Singing Bowl","floor":48}],"player_experience":1416597,"relics_obtained":[{"floor":3.0,"key":"Bottled Flame"},{"floor":6.0,"key":"PreservedInsect"},{"floor":8.0,"key":"champ:DeflectingBracers"},{"floor":9.0,"key":"CeramicFish"},{"floor":12,"key":"Juzu Bracelet"},{"floor":24,"key":"Orichalcum"},{"floor":26,"key":"Nunchaku"},{"floor":31,"key":"Strawberry"},{"floor":39,"key":"TungstenRod"},{"floor":40,"key":"Oddly Smooth Stone"},{"floor":42,"key":"Sundial"},{"floor":43,"key":"Blue Candle"},{"floor":44,"key":"Lantern"},{"floor":46,"key":"Bronze Scales"}],"event_choices":[{"damage_healed":0.0,"max_hp_gain":0.0,"max_hp_loss":0.0,"gold_gain":0.0,"event_name":"Golden Idol","player_choice":"Take Damage","floor":2.0,"gold_loss":0.0,"damage_taken":15.0,"relics_obtained":["Golden Idol"]},{"damage_healed":0,"gold_gain":0,"player_choice":"Trade","damage_taken":0,"relics_obtained":["CultistMask"],"max_hp_gain":0,"max_hp_loss":0,"event_name":"FaceTrader","floor":13,"gold_loss":0},{"cards_removed":["Slimebound:MassFeed"],"damage_healed":0,"gold_gain":0,"player_choice":"Give","damage_taken":0,"max_hp_gain":0,"max_hp_loss":0,"event_name":"betterNote:BetterNote","floor":20,"gold_loss":0,"cards_obtained":["None"]},{"damage_healed":0,"gold_gain":0,"player_choice":"Read","damage_taken":0,"max_hp_gain":0,"max_hp_loss":0,"event_name":"The Library","floor":28,"gold_loss":0,"cards_obtained":["Slimebound:Repurpose"]},{"damage_healed":0,"gold_gain":0,"player_choice":"Gave Potion","damage_taken":0,"relics_obtained":["The Courier"],"max_hp_gain":0,"max_hp_loss":0,"event_name":"WeMeetAgain","floor":29,"gold_loss":0},{"damage_healed":0,"gold_gain":333,"player_choice":"Gave Idol","damage_taken":0,"max_hp_gain":0,"max_hp_loss":0,"event_name":"The Moai Head","floor":36,"relics_lost":["Golden Idol"],"gold_loss":0},{"damage_healed":0,"gold_gain":0,"player_choice":"Fight","damage_taken":0,"max_hp_gain":0,"max_hp_loss":0,"event_name":"MindBloom","floor":39,"gold_loss":0},{"cards_removed":["Slimebound:SamplingLick"],"damage_healed":0,"gold_gain":0,"player_choice":"Removed Skill","damage_taken":0,"max_hp_gain":0,"max_hp_loss":0,"event_name":"Falling","floor":47,"gold_loss":0}],"is_beta":false,"boss_relics":[{"not_picked":["Slimebound:AbsorbEndCombatUpgraded","Fusion Hammer"],"picked":"Slimebound:TarBlob"},{"not_picked":["Velvet Choker","Sozu"],"picked":"SacredBark"}],"items_purged_floors":[21,38],"is_endless":false,"potions_floor_spawned":[1,5,8,16,19,24,31,40,42,48],"ascension_level":1}}