{"host":"bznrw1tuv4hzt226","time":1608095758,"event":{"mods":["BaseMod","Colored Map","Friendly Minions","Highlight Path","Minty Spire (QoL Compilation)","Permanent Neow","Relic Stats","Slay-I","StSLib","SuperFastMode"],"gold_per_floor":[115,115,135,154,169,169,202,202,202,236,253,253,253,272,272,374,374,385,398,36,36,36,36,55,55,55,154,154,154,165,194,194,296,296,307,357,377,389,241,270,270,298,323,545,545,545,561,561,561,561],"floor_reached":51,"playtime":1956,"items_purged":["Strike_R","Strike_R+1"],"score":1261,"play_id":"c39948fb-0ab0-477c-ad54-1c0e8ad060c7","local_time":"20201216141558","is_ascension_mode":true,"campfire_choices":[{"data":"Immolate","floor":6,"key":"SMITH"},{"data":"Bash","floor":8,"key":"SMITH"},{"data":"1","floor":12,"key":"LIFT"},{"data":"2","floor":15,"key":"LIFT"},{"data":"Brutality","floor":23,"key":"SMITH"},{"data":"True Grit","floor":25,"key":"SMITH"},{"data":"Rupture","floor":29,"key":"SMITH"},{"data":"3","floor":32,"key":"LIFT"},{"data":"Limit Break","floor":41,"key":"SMITH"},{"data":"Uppercut","floor":46,"key":"SMITH"},{"data":"Rage","floor":49,"key":"SMITH"}],"circlet_count":0,"master_deck":["Strike_R+1","Defend_R+1","Defend_R+1","Defend_R+1","Defend_R+1","Bash+1","Immolate+1","Twin Strike","Battle Trance","Impervious","Metallicize","Thunderclap","Offering","Pommel Strike","Brutality+1","True Grit+1","Shockwave","Inflame","Violence","Rupture+1","Rage+1","Uppercut+1","Warcry","Shrug It Off","Limit Break+1","Mayhem","True Grit+1","Madness","Madness"],"relics":["Burning Blood","StrikeDummy","Girya","Lizard Tail","Mark of Pain","Membership Card","HornCleat","Red Mask","Busted Crown","Bird Faced Urn","PreservedInsect","Paper Frog","Vajra"],"acts_visited":["Exordium","TheCity","TheBeyond"],"potions_floor_usage":[7,18,24,40,48,50],"damage_taken":[{"damage":0,"enemies":"2 Louse","floor":1,"turns":2},{"damage":0,"enemies":"Small Slimes","floor":3,"turns":2},{"damage":12,"enemies":"Jaw Worm","floor":4,"turns":2},{"damage":4,"enemies":"Red Slaver","floor":5,"turns":6},{"damage":26,"enemies":"Lagavulin","floor":7,"turns":6},{"damage":7,"enemies":"3 Sentries","floor":10,"turns":4},{"damage":4,"enemies":"3 Louse","floor":11,"turns":3},{"damage":8,"enemies":"Exordium Wildlife","floor":14,"turns":2},{"damage":6,"enemies":"Slime Boss","floor":16,"turns":3},{"damage":2,"enemies":"2 Thieves","floor":18,"turns":2},{"damage":3,"enemies":"Spheric Guardian","floor":19,"turns":3},{"damage":1,"enemies":"Snecko","floor":24,"turns":2},{"damage":8,"enemies":"Cultist and Chosen","floor":30,"turns":3},{"damage":1,"enemies":"Masked Bandits","floor":31,"turns":2},{"damage":36,"enemies":"Automaton","floor":33,"turns":7},{"damage":2,"enemies":"Orb Walker","floor":35,"turns":3},{"damage":8,"enemies":"2 Orb Walkers","floor":36,"turns":3},{"damage":11,"enemies":"3 Darklings","floor":37,"turns":2},{"damage":0,"enemies":"Jaw Worm Horde","floor":38,"turns":1},{"damage":9,"enemies":"Reptomancer","floor":40,"turns":4},{"damage":9,"enemies":"Giant Head","floor":42,"turns":4},{"damage":8,"enemies":"Sphere and 2 Shapes","floor":47,"turns":3},{"damage":1,"enemies":"Reptomancer","floor":48,"turns":2},{"damage":55,"enemies":"Awakened One","floor":50,"turns":7}],"seed_played":"-4641405597125277136","potions_obtained":[{"floor":3,"key":"SpeedPotion"},{"floor":5,"key":"PowerPotion"},{"floor":14,"key":"Weak Potion"},{"floor":16,"key":"Block Potion"},{"floor":18,"key":"FearPotion"},{"floor":19,"key":"Block Potion"},{"floor":30,"key":"SmokeBomb"},{"floor":40,"key":"Energy Potion"}],"is_trial":false,"path_per_floor":["M","?","M","M","M","R","E","R","T","E","M","R","?","M","R","B",null,"M","M","$","?","?","R","M","R","T","?","?","R","M","?","R","B",null,"M","?","M","M","$","E","R","E","T","?","?","R","M","E","R","B",null],"character_chosen":"IRONCLAD","items_purchased":["Membership Card","True Grit","Shockwave","Inflame","Violence","Mayhem"],"campfire_rested":0,"item_purchase_floors":[20,20,20,20,20,39],"current_hp_per_floor":[78,83,85,79,81,81,61,61,61,60,62,62,62,60,60,60,79,83,85,85,85,85,85,85,85,85,85,85,85,83,85,85,55,78,82,80,79,85,85,85,85,84,84,84,73,73,77,85,85,44],"gold":561,"neow_bonus":"TRANSFORM_CARD","is_daily":false,"chose_seed":false,"campfire_upgraded":8,"win_rate":0.0,"timestamp":1608095758,"path_taken":["M","?","M","M","M","R","E","R","T","E","M","R","?","M","R","BOSS","M","M","$","?","?","R","M","R","T","?","?","R","M","?","R","BOSS","M","?","M","M","$","E","R","E","T","?","?","R","M","E","R","BOSS"],"items_purchased_type":["Relic","Card","Card","Card","Card","Card"],"build_version":"2020-12-13","purchased_purges":2,"victory":true,"max_hp_per_floor":[80,85,85,85,85,85,85,85,85,85,85,85,85,85,85,85,85,85,85,85,85,85,85,85,85,85,85,85,85,85,85,85,85,85,85,85,85,85,85,85,85,85,85,85,85,85,85,85,85,85],"relic_stats":{"Lizard Tail":0,"Busted Crown":14,"counters":[24,78],"Bird Faced Urn":[32],"PreservedInsect":191,"obtain_stats":[{"Girya":9,"Vajra":43,"PreservedInsect":40,"Burning Blood":0,"Lizard Tail":10,"HornCleat":26,"Busted Crown":34,"Bird Faced Urn":36,"Mark of Pain":17,"Red Mask":31,"Membership Card":20,"StrikeDummy":7,"Paper Frog":42},{"Girya":5,"Vajra":21,"PreservedInsect":20,"Burning Blood":0,"Lizard Tail":6,"HornCleat":12,"Busted Crown":15,"Bird Faced Urn":17,"Mark of Pain":9,"Red Mask":14,"Membership Card":11,"StrikeDummy":5,"Paper Frog":21},{"Girya":18,"Vajra":66,"PreservedInsect":62,"Burning Blood":0,"Lizard Tail":22,"HornCleat":37,"Busted Crown":49,"Bird Faced Urn":55,"Mark of Pain":30,"Red Mask":42,"Membership Card":35,"StrikeDummy":18,"Paper Frog":66}],"Burning Blood":125},"card_choices":[{"not_picked":["Perfected Strike","Sever Soul"],"picked":"Twin Strike","floor":1},{"not_picked":["True Grit","Clothesline"],"picked":"Battle Trance","floor":3},{"not_picked":["Flex","Iron Wave"],"picked":"Impervious","floor":4},{"not_picked":["Headbutt","Bloodletting"],"picked":"Metallicize","floor":5},{"not_picked":["Dual Wield","Fiend Fire"],"picked":"Thunderclap","floor":7},{"not_picked":["Feel No Pain","Armaments"],"picked":"Offering","floor":10},{"not_picked":["Fire Breathing","Heavy Blade"],"picked":"Pommel Strike","floor":11},{"not_picked":["Whirlwind","Iron Wave","Anger"],"picked":"SKIP","floor":14},{"not_picked":["Corruption","Barricade"],"picked":"Brutality","floor":16},{"not_picked":["Perfected Strike","Metallicize"],"picked":"Flex","floor":18},{"not_picked":["Ghostly Armor","Headbutt+1","Thunderclap+1"],"picked":"SKIP","floor":19},{"not_picked":["Rampage","Headbutt"],"picked":"Rage","floor":24},{"not_picked":["Sword Boomerang","Whirlwind+1"],"picked":"Shrug It Off","floor":30},{"not_picked":["Reaper","Bludgeon"],"picked":"Limit Break","floor":33},{"not_picked":["Cleave"],"picked":"SKIP","floor":35},{"not_picked":["Thunderclap+1"],"picked":"SKIP","floor":37},{"not_picked":["Body Slam"],"picked":"SKIP","floor":38},{"not_picked":[],"picked":"True Grit+1","floor":40},{"not_picked":["Flex+1"],"picked":"SKIP","floor":42},{"not_picked":["Blood for Blood"],"picked":"SKIP","floor":47}],"player_experience":531693,"relics_obtained":[{"floor":7,"key":"StrikeDummy"},{"floor":9,"key":"Girya"},{"floor":10,"key":"Lizard Tail"},{"floor":26,"key":"HornCleat"},{"floor":31,"key":"Red Mask"},{"floor":36,"key":"Bird Faced Urn"},{"floor":40,"key":"PreservedInsect"},{"floor":42,"key":"Paper Frog"},{"floor":43,"key":"Vajra"}],"event_choices":[{"damage_healed":0,"gold_gain":0,"player_choice":"Donut","damage_taken":0,"max_hp_gain":5,"max_hp_loss":0,"event_name":"Big Fish","floor":2,"gold_loss":0},{"damage_healed":0,"gold_gain":0,"player_choice":"Ignored","damage_taken":0,"max_hp_gain":0,"max_hp_loss":0,"event_name":"Liars Game","floor":13,"gold_loss":0},{"damage_healed":0,"gold_gain":0,"player_choice":"Read","damage_taken":0,"max_hp_gain":0,"max_hp_loss":0,"event_name":"The Library","floor":21,"gold_loss":0,"cards_obtained":["Rupture"]},{"damage_healed":0,"gold_gain":0,"player_choice":"Simplicity","damage_taken":0,"max_hp_gain":0,"max_hp_loss":0,"event_name":"Back to Basics","floor":22,"gold_loss":0,"cards_upgraded":["Strike_R","Strike_R","Strike_R","Defend_R","Defend_R","Defend_R","Defend_R"]},{"damage_healed":0,"gold_gain":99,"player_choice":"Stole From Cult","damage_taken":0,"max_hp_gain":0,"max_hp_loss":0,"event_name":"Nest","floor":27,"gold_loss":0},{"damage_healed":0,"gold_gain":0,"cards_transformed":["Flex","Strike_R"],"player_choice":"Became Test Subject","damage_taken":0,"max_hp_gain":0,"max_hp_loss":0,"event_name":"Drug Dealer","floor":28,"gold_loss":0,"cards_obtained":["Uppercut","Warcry"]},{"damage_healed":0,"gold_gain":0,"player_choice":"Fought Bandits","damage_taken":0,"max_hp_gain":0,"max_hp_loss":0,"event_name":"Masked Bandits","floor":31,"gold_loss":0},{"damage_healed":0,"gold_gain":0,"player_choice":"Fight","damage_taken":0,"max_hp_gain":0,"max_hp_loss":0,"event_name":"Mysterious Sphere","floor":36,"gold_loss":0},{"damage_healed":0,"gold_gain":222,"player_choice":"Wore Mask","damage_taken":0,"max_hp_gain":0,"max_hp_loss":0,"event_name":"Tomb of Lord Red Mask","floor":44,"gold_loss":0},{"damage_healed":0,"gold_gain":0,"player_choice":"Embrace Madness","damage_taken":11,"max_hp_gain":0,"max_hp_loss":0,"event_name":"Winding Halls","floor":45,"gold_loss":0,"cards_obtained":["Madness","Madness"]}],"is_beta":false,"boss_relics":[{"not_picked":["Empty Cage","Astrolabe"],"picked":"Mark of Pain"},{"not_picked":["Runic Cube","Fusion Hammer"],"picked":"Busted Crown"}],"items_purged_floors":[20,39],"is_endless":false,"potions_floor_spawned":[3,5,14,16,18,19,30,31,35,40,42],"ascension_level":9}}