{"host":"esx1hwjnbftf3eqj","time":1608133593,"event":{"mods":["BaseMod","Colored Map","Minty Spire (QoL Compilation)","StSLib","Wandering Minibosses"],"gold_per_floor":[113,125,135,150,75,75,108,183,264,283,299,299,334,334,334,437,437,451,263,228,228,228],"floor_reached":21,"playtime":61633,"items_purged":["Defend_B","Strike_B"],"score":210,"play_id":"0a492709-6641-4a5a-ba37-97b145d684ca","local_time":"20201216074633","is_ascension_mode":true,"campfire_choices":[{"data":"Dualcast","floor":6,"key":"SMITH"},{"data":"Zap","floor":12,"key":"SMITH"},{"data":"Machine Learning","floor":15,"key":"SMITH"}],"circlet_count":0,"master_deck":["Strike_B","Strike_B+1","Strike_B","Defend_B","Defend_B","Defend_B","Zap+1","Dualcast+1","Glacier","Sweeping Beam","White Noise","Steam","Glacier+1","Auto Shields","Leap","Machine Learning+1","Multi-Cast","Ball Lightning","Self Repair","Ball Lightning"],"relics":["FrozenCore","Ancient Tea Set","Lizard Tail","Bottled Flame","MealTicket"],"acts_visited":["Exordium","TheCity"],"potions_floor_usage":[16,18],"damage_taken":[{"damage":1,"enemies":"Cultist","floor":1,"turns":3},{"damage":0,"enemies":"2 Louse","floor":2,"turns":2},{"damage":7,"enemies":"Jaw Worm","floor":3,"turns":3},{"damage":3,"enemies":"Red Slaver","floor":4,"turns":4},{"damage":6,"enemies":"3 Sentries","floor":7,"turns":5},{"damage":1,"enemies":"2 Fungi Beasts","floor":10,"turns":4},{"damage":0,"enemies":"Blue Slaver","floor":11,"turns":4},{"damage":3,"enemies":"Lagavulin","floor":13,"turns":10},{"damage":31,"enemies":"Slime Boss","floor":16,"turns":14},{"damage":28,"enemies":"3 Byrds","floor":18,"turns":9},{"damage":29,"enemies":"2 Thieves","floor":20,"turns":7},{"damage":46,"enemies":"Centurion and Healer","floor":21,"turns":14}],"seed_played":"-5736630509300985933","potions_obtained":[{"floor":2,"key":"Energy Potion"},{"floor":10,"key":"Dexterity Potion"},{"floor":11,"key":"Energy Potion"},{"floor":18,"key":"EssenceOfSteel"}],"is_trial":false,"path_per_floor":["M","M","M","M","$","R","E","?","T","M","M","R","E","?","R","B",null,"M","$","M","M"],"character_chosen":"DEFECT","items_purchased":["Ball Lightning","Self Repair"],"campfire_rested":0,"item_purchase_floors":[19,19],"current_hp_per_floor":[74,74,67,64,64,64,58,47,47,46,46,46,43,28,28,37,75,47,62,40,0,0],"gold":228,"neow_bonus":"RANDOM_COMMON_RELIC","is_daily":false,"chose_seed":false,"campfire_upgraded":3,"win_rate":0.0,"timestamp":1608133593,"path_taken":["M","M","M","?","$","R","E","?","T","M","M","R","E","?","R","BOSS","M","$","M","M"],"items_purchased_type":["Card","Card"],"build_version":"2020-12-13","purchased_purges":2,"victory":false,"max_hp_per_floor":[75,75,75,75,75,75,75,75,75,75,75,75,75,75,75,75,75,75,75,75,75,75],"card_choices":[{"not_picked":["Coolheaded","Hologram"],"picked":"Glacier","floor":1},{"not_picked":["Beam Cell","Gash"],"picked":"Sweeping Beam","floor":2},{"not_picked":["Chaos","Aggregate"],"picked":"White Noise","floor":3},{"not_picked":["Compile Driver","Coolheaded"],"picked":"Steam","floor":4},{"not_picked":["Coolheaded","Defragment"],"picked":"Glacier","floor":7},{"not_picked":["Consume","Steam"],"picked":"Auto Shields","floor":10},{"not_picked":["Rebound","Auto Shields"],"picked":"Leap","floor":11},{"not_picked":["Chaos","All For One"],"picked":"Machine Learning","floor":13},{"not_picked":["Thunder Strike","Hyperbeam"],"picked":"Multi-Cast","floor":16},{"not_picked":["Reprogram","Auto Shields","Streamline"],"picked":"SKIP","floor":18},{"not_picked":["Coolheaded","Conserve Battery+1"],"picked":"Ball Lightning","floor":20}],"player_experience":324278,"relics_obtained":[{"floor":7,"key":"Lizard Tail"},{"floor":9,"key":"Bottled Flame"},{"floor":13,"key":"MealTicket"}],"event_choices":[{"damage_healed":0,"gold_gain":75,"player_choice":"Gather Gold","damage_taken":11,"max_hp_gain":0,"max_hp_loss":0,"event_name":"World of Goop","floor":8,"gold_loss":0},{"damage_healed":0,"gold_gain":0,"player_choice":"Entered Light","damage_taken":15,"max_hp_gain":0,"max_hp_loss":0,"event_name":"Shining Light","floor":14,"gold_loss":0,"cards_upgraded":["Strike_B","Glacier"]}],"is_beta":false,"boss_relics":[{"not_picked":["Black Star","Inserter"],"picked":"FrozenCore"}],"items_purged_floors":[5,19],"is_endless":false,"potions_floor_spawned":[2,10,11,13,18],"killed_by":"Centurion and Healer","ascension_level":2}}