{"host":"eydwxg59205c3vtl","time":1608142025,"event":{"mods":["2.2 Compatiblity","BaseMod","Colored Map","Colored Powertips","Hubris","Minty Spire (QoL Compilation)","StSLib","The Necromancer"],"gold_per_floor":[364,375,375,57,15,15,30,62,62,73,88,99,118,152,152,231,231,246,171,171,43,67,79,61,142,154,166,195,257,301,313,325,415,427,453,488,515,539,569,581,593,593],"floor_reached":41,"playtime":1341,"items_purged":["Regret","Writhe"],"score":871,"play_id":"f754a3ec-b016-4ed1-b59d-8314ac1f0c59","local_time":"20201216130705","is_ascension_mode":true,"campfire_choices":[{"floor":6.0,"key":"REST"},{"floor":15.0,"key":"REST"},{"data":"Rampage","floor":23.0,"key":"SMITH"},{"data":"Carnage","floor":27.0,"key":"SMITH"},{"data":"Bash","floor":32.0,"key":"SMITH"},{"floor":40,"key":"REST"}],"circlet_count":0,"master_deck":["AscendersBane","Bash+1","Cleave","Shrug It Off+1","Apotheosis+1","Rampage+1","Havoc+1","Shrug It Off+1","Carnage+1","Twin Strike","Reaper+1","Havoc+1","Impervious+1","Rage+1","Havoc+1","Dropkick","hubris:StunningStrike","Body Slam","Bludgeon","Limit Break+1","Headbutt","Thunderclap","Sword Boomerang","hubris:ReadiedAction+1","Combust","Inflame+1","Parasite"],"relics":["Burning Blood","Toxic Egg 2","Tiny Chest","Letter Opener","hubris:Potato","Runic Pyramid","Matryoshka","MawBank","hubris:TenFootPole","Bag of Marbles","hubris:CrystalStatue","Whetstone","Blue Candle","Darkstone Periapt","Pandora\u0027s Box","Boot"],"acts_visited":["Exordium","TheCity","TheBeyond"],"potions_floor_usage":[33,41],"damage_taken":[{"damage":7.0,"enemies":"Cultist","floor":1.0,"turns":4.0},{"damage":14.0,"enemies":"Jaw Worm","floor":2.0,"turns":4.0},{"damage":0.0,"enemies":"Small Slimes","floor":7.0,"turns":3.0},{"damage":32.0,"enemies":"Gremlin Nob","floor":8.0,"turns":4.0},{"damage":5.0,"enemies":"3 Louse","floor":10.0,"turns":4.0},{"damage":2.0,"enemies":"Blue Slaver","floor":11.0,"turns":3.0},{"damage":9.0,"enemies":"Exordium Wildlife","floor":12.0,"turns":3.0},{"damage":14.0,"enemies":"Looter","floor":13.0,"turns":3.0},{"damage":10.0,"enemies":"Lagavulin","floor":14.0,"turns":5.0},{"damage":6.0,"enemies":"The Guardian","floor":16.0,"turns":9.0},{"damage":0.0,"enemies":"Spheric Guardian","floor":18.0,"turns":4.0},{"damage":8.0,"enemies":"2 Thieves","floor":24.0,"turns":4.0},{"damage":0.0,"enemies":"Snake Plant","floor":28.0,"turns":4.0},{"damage":27.0,"enemies":"Book of Stabbing","floor":30.0,"turns":5.0},{"damage":75,"enemies":"Automaton","floor":33,"turns":12},{"damage":0,"enemies":"3 Shapes","floor":35,"turns":4},{"damage":21,"enemies":"3 Darklings","floor":37,"turns":5},{"damage":56,"enemies":"Jaw Worm Horde","floor":38,"turns":4},{"damage":12,"enemies":"Writhing Mass","floor":39,"turns":5},{"damage":84,"enemies":"Nemesis","floor":41,"turns":6}],"seed_played":"8856303260748007861","potions_obtained":[{"floor":10.0,"key":"BlessingOfTheForge"},{"floor":11.0,"key":"SteroidPotion"},{"floor":12.0,"key":"HeartOfIron"},{"floor":24.0,"key":"SkillPotion"},{"floor":28.0,"key":"FairyPotion"},{"floor":39,"key":"Weak Potion"}],"is_trial":false,"path_per_floor":["M","M","?","$","$","R","M","E","T","M","M","M","M","E","R","B",null,"M","?","?","$","T","R","M","T","T","R","M","?","E","?","R","B",null,"M","T","M","M","M","R","E"],"character_chosen":"IRONCLAD","items_purchased":["Shrug It Off+1","Apotheosis+1","Rampage","Havoc+1"],"campfire_rested":3,"item_purchase_floors":[4,4,5,21],"current_hp_per_floor":[49,41,41,41,41,63,69,43,43,44,48,45,37,33,55,55,70,75,75,75,75,75,75,73,73,73,73,75,75,54,54,54,24,62,75,75,66,21,32,56,0,0],"gold":593,"neow_bonus":"TWO_FIFTY_GOLD","is_daily":false,"chose_seed":false,"campfire_upgraded":3,"win_rate":0.0,"timestamp":1608142025,"path_taken":["M","?","?","?","$","R","M","E","T","M","M","M","M","E","R","BOSS","M","?","?","$","?","R","M","?","T","R","?","?","E","?","R","BOSS","M","?","M","?","M","R","E"],"items_purchased_type":["Card","Card","Card","Card"],"build_version":"2020-12-13","purchased_purges":2,"victory":false,"max_hp_per_floor":[75,75,75,75,75,75,75,75,75,75,75,75,75,75,75,75,75,75,75,75,75,75,75,75,75,75,75,75,75,75,75,75,75,75,75,75,75,75,81,81,81,81],"card_choices":[{"not_picked":["Twin Strike","Entrench"],"picked":"Cleave","floor":1.0},{"not_picked":["Second Wind","hubris:SharpeningStone","Combust"],"picked":"SKIP","floor":2.0},{"not_picked":["Sever Soul","Flex+1","Power Through+1"],"picked":"SKIP","floor":7.0},{"not_picked":["Entrench+1","Thunderclap"],"picked":"Havoc+1","floor":8.0},{"not_picked":["Perfected Strike","Sword Boomerang"],"picked":"Shrug It Off+1","floor":10.0},{"not_picked":["Rupture","Clash"],"picked":"Carnage","floor":11.0},{"not_picked":["Second Wind+1","Clothesline"],"picked":"Twin Strike","floor":12.0},{"not_picked":["Dropkick","hubris:ReadiedAction+1"],"picked":"Reaper","floor":13.0},{"not_picked":["Intimidate+1","Sword Boomerang"],"picked":"Havoc+1","floor":14.0},{"not_picked":["Bludgeon","Juggernaut"],"picked":"Impervious+1","floor":16.0},{"not_picked":["Iron Wave","Clothesline"],"picked":"Rage+1","floor":18.0},{"not_picked":["Twin Strike","Shockwave+1","Ghostly Armor+1"],"picked":"SKIP","floor":24.0},{"not_picked":["Pommel Strike","Warcry+1","Evolve"],"picked":"SKIP","floor":28.0},{"not_picked":["Rupture","Armaments+1"],"picked":"Dropkick","floor":30.0},{"not_picked":["Exhume+1","Reaper"],"picked":"hubris:StunningStrike","floor":33},{"not_picked":["Uppercut","Headbutt"],"picked":"Inflame+1","floor":35},{"not_picked":["hubris:SharpeningStone+1","Anger+1","Burning Pact+1"],"picked":"SKIP","floor":37},{"not_picked":["Thunderclap","Wild Strike+1","Twin Strike"],"picked":"SKIP","floor":38},{"not_picked":["Twin Strike","Power Through+1","Clothesline"],"picked":"SKIP","floor":39}],"player_experience":535770,"relics_obtained":[{"floor":8.0,"key":"Tiny Chest"},{"floor":9.0,"key":"Letter Opener"},{"floor":14.0,"key":"hubris:Potato"},{"floor":22.0,"key":"MawBank"},{"floor":22.0,"key":"hubris:TenFootPole"},{"floor":25.0,"key":"Bag of Marbles"},{"floor":25.0,"key":"hubris:CrystalStatue"},{"floor":26.0,"key":"Whetstone"},{"floor":30.0,"key":"Blue Candle"},{"floor":31.0,"key":"Darkstone Periapt"},{"floor":36,"key":"Boot"}],"event_choices":[{"damage_healed":0.0,"max_hp_gain":0.0,"max_hp_loss":0.0,"gold_gain":0.0,"event_name":"Big Fish","player_choice":"Box","floor":3.0,"gold_loss":0.0,"damage_taken":0.0,"relics_obtained":["Toxic Egg 2"],"cards_obtained":["Regret"]},{"cards_removed":["Strike_R"],"damage_healed":0.0,"max_hp_gain":0.0,"max_hp_loss":0.0,"gold_gain":0.0,"event_name":"Beggar","player_choice":"Gave Gold","floor":19.0,"gold_loss":75.0,"damage_taken":0.0},{"damage_healed":0.0,"max_hp_gain":0.0,"max_hp_loss":0.0,"gold_gain":0.0,"event_name":"The Mausoleum","player_choice":"Opened","floor":20.0,"gold_loss":0.0,"damage_taken":0.0,"relics_obtained":["Matryoshka"],"cards_obtained":["Writhe"]},{"damage_healed":0.0,"max_hp_gain":0.0,"max_hp_loss":0.0,"gold_gain":50.0,"event_name":"Nest","player_choice":"Stole From Cult","floor":29.0,"gold_loss":0.0,"damage_taken":0.0},{"damage_healed":0.0,"max_hp_gain":0.0,"max_hp_loss":0.0,"gold_gain":0.0,"event_name":"Wheel of Change","player_choice":"Relic","floor":31.0,"gold_loss":0.0,"damage_taken":0.0}],"is_beta":false,"boss_relics":[{"not_picked":["Philosopher\u0027s Stone","Runic Cube"],"picked":"Runic Pyramid"},{"not_picked":["Velvet Choker","SlaversCollar"],"picked":"Pandora\u0027s Box"}],"items_purged_floors":[4,21],"is_endless":false,"potions_floor_spawned":[10,11,12,24,28,39],"killed_by":"Nemesis","ascension_level":20}}