{"host":"cyh4fejqtcjbfr7k","time":1608095263,"event":{"mods":["2.2 Compatiblity","AchievementEnabler","BaseMod","Colored Map","Colored Powertips","DeckTracker","Downfall","Googly Eyes","Hubris","Infinite Spire","Minty Spire (QoL Compilation)","Replay The Spire","Shop Mod","StSLib","SuperFastMode","The Cursed","Unceasing Turn Reminder"],"gold_per_floor":[119,119,137,148,148,180,180,194,194,205,134,134,134,134,134,239,239,249,260,260,260],"floor_reached":20,"playtime":560,"items_purged":[],"score":200,"play_id":"213cae87-06d9-4491-8376-702f6be3c4b9","local_time":"20201215220743","is_ascension_mode":true,"campfire_choices":[{"floor":7,"key":"REST"},{"floor":12,"key":"REST"},{"floor":15,"key":"REST"}],"circlet_count":0,"master_deck":["Strike_R","Strike_R","Strike_R","Strike_R","Strike_R","Defend_R","Defend_R","Defend_R","Defend_R","Bash","infinitespire:OneForAll+1","Bash","Carnage","Anger","Metallicize+1","Double Tap","Fire Breathing+1","Uppercut"],"relics":["Burning Blood","NeowsBlessing","hubris:ToyBattleship","Frozen Egg 2","hubris:Towel"],"acts_visited":["Exordium","TheCity"],"potions_floor_usage":[16,18,20],"damage_taken":[{"damage":0,"enemies":"Cultist","floor":1,"turns":1},{"damage":0,"enemies":"2 Louse","floor":3,"turns":1},{"damage":0,"enemies":"Small Slimes","floor":4,"turns":1},{"damage":75,"enemies":"Lagavulin","floor":6,"turns":7},{"damage":17,"enemies":"Red Slaver","floor":8,"turns":5},{"damage":16,"enemies":"Blue Slaver","floor":10,"turns":3},{"damage":17,"enemies":"Fading Forest","floor":16,"turns":11},{"damage":25,"enemies":"Chosen","floor":18,"turns":5},{"damage":47,"enemies":"Shell Parasite","floor":19,"turns":8},{"damage":21,"enemies":"Snake Plant","floor":20,"turns":3}],"seed_played":"-4904952728608774710","potions_obtained":[{"floor":1,"key":"hexamod:EctoCoolerPotion"},{"floor":3,"key":"ColorlessPotion"},{"floor":6,"key":"Reflective Coating"},{"floor":8,"key":"Explosive Potion"},{"floor":18,"key":"Swift Potion"}],"is_trial":false,"path_per_floor":["M","?","M","M","?","E","R","M","T","M","$","R","?","?","R","B",null,"M","M","M"],"character_chosen":"IRONCLAD","items_purchased":["Metallicize+1"],"campfire_rested":3,"item_purchase_floors":[11],"current_hp_per_floor":[80,80,80,80,80,11,35,24,24,14,14,38,38,38,62,59,80,61,20,0,0],"gold":260,"neow_bonus":"THREE_ENEMY_KILL","is_daily":false,"chose_seed":false,"campfire_upgraded":0,"win_rate":0.0,"timestamp":1608095263,"path_taken":["M","?","M","M","?","E","R","M","T","?","$","R","?","?","R","BOSS","M","?","M"],"items_purchased_type":["Card"],"build_version":"2020-12-13","purchased_purges":0,"victory":false,"max_hp_per_floor":[80,80,80,80,80,80,80,80,80,80,80,80,80,80,80,80,80,80,80,80,80],"card_choices":[{"not_picked":["Clothesline","Clash"],"picked":"infinitespire:OneForAll","floor":1},{"not_picked":["Sever Soul","Headbutt","Life Link"],"picked":"SKIP","floor":3},{"not_picked":["ReplayTheSpireMod:Limb From Limb","Clothesline","Fire Breathing"],"picked":"SKIP","floor":4},{"not_picked":["Heavy Blade","Body Slam"],"picked":"Carnage","floor":6},{"not_picked":["Armaments","Sever Soul"],"picked":"Anger","floor":8},{"not_picked":["Rupture+1","Warcry","Sentinel"],"picked":"SKIP","floor":10},{"not_picked":["Immolate","Juggernaut+1"],"picked":"Double Tap","floor":16},{"not_picked":["Sentinel","Perfected Strike"],"picked":"Fire Breathing+1","floor":18},{"not_picked":["Wild Strike","Life Link+1"],"picked":"Uppercut","floor":19}],"player_experience":579500,"relics_obtained":[{"floor":6,"key":"hubris:ToyBattleship"},{"floor":9,"key":"Frozen Egg 2"}],"event_choices":[{"damage_healed":0,"gold_gain":0,"player_choice":"Grow","damage_taken":0,"max_hp_gain":0,"max_hp_loss":0,"event_name":"Living Wall","floor":2,"gold_loss":0,"cards_upgraded":["infinitespire:OneForAll"]},{"damage_healed":0,"gold_gain":0,"player_choice":"1 cards matched","damage_taken":0,"max_hp_gain":0,"max_hp_loss":0,"event_name":"Match and Keep!","floor":5,"gold_loss":0,"cards_obtained":["Bash"]},{"damage_healed":0,"gold_gain":0,"player_choice":"Ignored","damage_taken":0,"max_hp_gain":0,"max_hp_loss":0,"event_name":"WeMeetAgain","floor":14,"gold_loss":0}],"is_beta":false,"boss_relics":[{"not_picked":["Electric Blood","Abe\u0027s Treasure","Honey Jar"]}],"items_purged_floors":[],"is_endless":false,"potions_floor_spawned":[1,3,6,8,18],"killed_by":"Snake Plant","ascension_level":3}}