{"host":"rjmu5g8hpiele53d","time":1608154293,"event":{"mods":["2.2 Compatiblity","BaseMod","Downfall","GifTheSpireLib","Minty Spire (QoL Compilation)","StSLib"],"gold_per_floor":[99,114,114,114,141,152,203,203,353,353,353,363,382,382,395,495,495,495,34,34,49,64,84,111,125,50,78,96,96,96,96,111,206,256,256,256,275,325,48,80,80,5,5,5,64,76,90,103,117,117],"floor_reached":51,"playtime":3546,"items_purged":["Slimebound:Icky","sneckomod:Strike"],"score":797,"play_id":"4eb37d0b-d898-4122-8bcf-d2d3107d5ff2","local_time":"20201216213133","is_ascension_mode":false,"campfire_choices":[{"data":"sneckomod:Unknown3Cost","floor":1,"key":"SMITH"},{"data":"sneckomod:SnekBite","floor":4,"key":"SMITH"},{"floor":8,"key":"REST"},{"data":"sneckomod:QuickBite","floor":10,"key":"SMITH"},{"floor":18,"key":"RECALL"},{"data":"sneckomod:SoulDraw","floor":20,"key":"SMITH"},{"data":"sneckomod:MasterEye","floor":26,"key":"SMITH"},{"data":"sneckomod:UnlimitedRolls","floor":35,"key":"SMITH"},{"data":"sneckomod:SnekBeam","floor":42,"key":"SMITH"},{"floor":44,"key":"REST"}],"circlet_count":0,"master_deck":["sneckomod:Strike","sneckomod:Strike","sneckomod:Defend","sneckomod:Defend","sneckomod:Defend","sneckomod:TailWhip+1","sneckomod:SnekBite+1","sneckomod:Unknown+1","sneckomod:Unknown","sneckomod:Unknown3Cost+1","sneckomod:CheapStock","sneckomod:QuickBite+1","sneckomod:IronFang","sneckomod:SoulDraw+1","sneckomod:RainOfDice","sneckomod:SoulRoll+1","sneckomod:UnknownRareSkill","sneckomod:UnknownUncommonSkill","Finesse","sneckomod:UnknownWeak+1","sneckomod:MasterEye+1","sneckomod:DiceBoulder","sneckomod:Restock","RitualDagger+1","sneckomod:UnlimitedRolls+1","sneckomod:UnknownBlock","sneckomod:SoulDraw","sneckomod:SoulCleanse","Mayhem","Flash of Steel","sneckomod:SnekBeam+1","sneckomod:UnknownRarePower","Sadistic Nature","sneckomod:UnknownUncommonPower+1","sneckomod:UnknownRareSkill"],"relics":["sneckomod:SneckoSoul","Pen Nib","Incense Burner","Bag of Preparation","Sozu","TungstenRod","Akabeko","downfall:HeartBlessingRed","Regal Pillow","sneckomod:BabySnecko","MutagenicStrength","Tiny House","FossilizedHelix","Sundial","downfall:HeartBlessingBlue"],"acts_visited":["Exordium","TheCity","TheBeyond"],"potions_floor_usage":[16,33,33],"damage_taken":[{"damage":7,"enemies":"Small Slimes","floor":2,"turns":3},{"damage":30,"enemies":"Lagavulin","floor":5,"turns":5},{"damage":10,"enemies":"2 Louse","floor":6,"turns":3},{"damage":0,"enemies":"Jaw Worm","floor":12,"turns":1},{"damage":0,"enemies":"Lots of Slimes","floor":13,"turns":2},{"damage":3,"enemies":"2 Fungi Beasts","floor":15,"turns":3},{"damage":13,"enemies":"downfall:Watcher","floor":16,"turns":8},{"damage":8,"enemies":"downfall:FleeingMerchant","floor":19,"turns":4},{"damage":3,"enemies":"3 Byrds","floor":21,"turns":5},{"damage":6,"enemies":"Centurion and Healer","floor":22,"turns":5},{"damage":0,"enemies":"Cultist and Chosen","floor":23,"turns":2},{"damage":13,"enemies":"3 Cultists","floor":25,"turns":5},{"damage":9,"enemies":"Gremlin Leader","floor":27,"turns":4},{"damage":21,"enemies":"Snake Plant","floor":28,"turns":4},{"damage":4,"enemies":"Cultist and Chosen","floor":32,"turns":4},{"damage":30,"enemies":"downfall:Ironclad","floor":33,"turns":5},{"damage":14,"enemies":"3 Darklings","floor":37,"turns":3},{"damage":0,"enemies":"Mind Bloom Boss Battle","floor":38,"turns":3},{"damage":2,"enemies":"downfall:FleeingMerchant","floor":39,"turns":4},{"damage":0,"enemies":"Nemesis","floor":40,"turns":6},{"damage":0,"enemies":"downfall:FleeingMerchant","floor":45,"turns":1},{"damage":5,"enemies":"Orb Walker","floor":46,"turns":3},{"damage":14,"enemies":"Sphere and 2 Shapes","floor":47,"turns":6},{"damage":23,"enemies":"Jaw Worm Horde","floor":48,"turns":5},{"damage":0,"enemies":"Writhing Mass","floor":49,"turns":4},{"damage":18,"enemies":"downfall:Defect","floor":50,"turns":8}],"seed_played":"1957846169696089159","potions_obtained":[{"floor":6,"key":"hexamod:EctoCoolerPotion"},{"floor":12,"key":"BlessingOfTheForge"},{"floor":15,"key":"sneckomod:OffclassReductionPotion"}],"is_trial":false,"path_per_floor":["R","M","?","R","E","M","T","R","?","R","?","M","M","?","M","B",null,"R","$","R","M","M","M","T","M","R","E","M","?","?","?","M","B",null,"R","?","M","?","$","E","T","R","?","R","$","M","M","M","M","B",null],"character_chosen":"THE_SNECKO","items_purchased":["TungstenRod","Finesse","Mayhem","Flash of Steel","Sadistic Nature"],"campfire_rested":2,"item_purchase_floors":[19,19,39,39,45],"current_hp_per_floor":[91,84,81,81,55,45,45,72,72,72,72,72,72,72,69,57,92,92,85,85,82,77,77,77,79,79,70,49,49,49,49,45,15,100,100,93,83,83,81,81,81,91,91,110,111,107,97,75,77,59],"gold":117,"neow_bonus":"ONE_RANDOM_RARE_CARD","is_daily":false,"chose_seed":false,"campfire_upgraded":7,"win_rate":0.0,"timestamp":1608154293,"path_taken":["R","M","?","R","E","M","T","R","?","R","?","M","M","?","M","BOSS","R","$","R","M","M","M","T","M","R","E","M","?","?","?","M","BOSS","R","?","?","?","$","E","T","R","?","R","$","?","M","?","M","BOSS"],"items_purchased_type":["Relic","Card","Card","Card","Card"],"build_version":"2020-12-13","purchased_purges":2,"victory":true,"max_hp_per_floor":[91,91,91,91,91,91,91,91,91,91,91,91,91,91,91,92,92,92,93,93,93,94,94,94,94,94,94,94,94,94,94,94,94,100,100,100,100,100,100,100,100,110,110,110,111,112,112,113,113,113],"card_choices":[{"not_picked":["sneckomod:Nope","sneckomod:QuickMove"],"picked":"sneckomod:CheapStock","floor":2},{"not_picked":["sneckomod:WideSting","sneckomod:Nope"],"picked":"sneckomod:QuickBite","floor":5},{"not_picked":["sneckomod:UnknownEthereal","sneckomod:UnknownUncommonAttack"],"picked":"sneckomod:IronFang","floor":6},{"not_picked":["sneckomod:UnknownCommonSkill","sneckomod:UnknownStrike"],"picked":"sneckomod:SoulDraw","floor":12},{"not_picked":["sneckomod:UnknownClassHEXA_GHOST_PURPLE","sneckomod:UnknownCommonAttack"],"picked":"sneckomod:RainOfDice","floor":13},{"not_picked":["sneckomod:Restock","sneckomod:UnknownCommonSkill"],"picked":"sneckomod:SoulRoll","floor":15},{"not_picked":["sneckomod:UnknownRareAttack","sneckomod:Restock"],"picked":"sneckomod:UnknownRareSkill","floor":16},{"not_picked":["sneckomod:UnknownBlock","sneckomod:UnknownUncommonAttack+1"],"picked":"sneckomod:UnknownUncommonSkill","floor":19},{"not_picked":["sneckomod:UnknownBlock","sneckomod:UnknownClassSLIMEBOUND","sneckomod:QuickBite"],"picked":"SKIP","floor":21},{"not_picked":["sneckomod:QuickBite","sneckomod:PureSnecko"],"picked":"sneckomod:UnknownWeak+1","floor":22},{"not_picked":["sneckomod:UnknownCommonAttack","sneckomod:Unknown1Cost","sneckomod:DefensiveFlair"],"picked":"SKIP","floor":23},{"not_picked":["sneckomod:QuickMove","sneckomod:SoulRoll"],"picked":"sneckomod:MasterEye","floor":25},{"not_picked":["sneckomod:UnknownClassHEXA_GHOST_PURPLE","sneckomod:SerpentIdol"],"picked":"sneckomod:DiceBoulder","floor":27},{"not_picked":["sneckomod:WideSting","sneckomod:IronFang"],"picked":"sneckomod:Restock","floor":28},{"not_picked":["sneckomod:DiceBlock","sneckomod:DiceCrush","sneckomod:Nope"],"picked":"SKIP","floor":32},{"not_picked":["sneckomod:Mudshield","sneckomod:DangerNoodle"],"picked":"sneckomod:UnlimitedRolls","floor":33},{"not_picked":["sneckomod:Nope","sneckomod:UnknownCommonAttack"],"picked":"sneckomod:UnknownBlock","floor":34},{"not_picked":["sneckomod:ImprovisedGuard","sneckomod:UnknownStrike+1","sneckomod:MorePower"],"picked":"SKIP","floor":37},{"not_picked":["sneckomod:DiceCrush+1","sneckomod:UnknownCommonSkill+1"],"picked":"sneckomod:SoulDraw","floor":38},{"not_picked":["sneckomod:Unknown3Cost","sneckomod:UnknownBlock+1"],"picked":"sneckomod:SoulCleanse","floor":39},{"not_picked":["sneckomod:UnknownBlock","sneckomod:UnknownExhaust"],"picked":"sneckomod:SnekBeam","floor":40},{"not_picked":["sneckomod:SoulDraw","sneckomod:UnknownUncommonPower"],"picked":"sneckomod:UnknownRarePower","floor":45},{"not_picked":["sneckomod:UnknownCommonSkill+1","sneckomod:UnknownClassSLIMEBOUND+1"],"picked":"sneckomod:UnknownUncommonPower+1","floor":46},{"not_picked":["sneckomod:DefensiveFlair+1","sneckomod:WideSting","sneckomod:UnknownCommonSkill"],"picked":"SKIP","floor":47},{"not_picked":["sneckomod:CheapStock","sneckomod:UnknownStrike"],"picked":"sneckomod:UnknownRareSkill","floor":48},{"not_picked":["sneckomod:Unknown0Cost","sneckomod:SnekBeam","sneckomod:UnknownWeak"],"picked":"SKIP","floor":49}],"player_experience":1554030,"relics_obtained":[{"floor":5,"key":"Incense Burner"},{"floor":7,"key":"Bag of Preparation"},{"floor":24,"key":"Akabeko"},{"floor":27,"key":"Regal Pillow"},{"floor":38,"key":"FossilizedHelix"},{"floor":40,"key":"Sundial"}],"event_choices":[{"damage_healed":0,"gold_gain":0,"player_choice":"Success","damage_taken":3,"relics_obtained":["Pen Nib"],"max_hp_gain":0,"max_hp_loss":0,"event_name":"Scrap Ooze","floor":3,"gold_loss":0},{"damage_healed":0,"gold_gain":0,"player_choice":"Grow","damage_taken":0,"max_hp_gain":0,"max_hp_loss":0,"event_name":"Living Wall","floor":11,"gold_loss":0,"cards_upgraded":["sneckomod:Unknown"]},{"damage_healed":0,"gold_gain":0,"player_choice":"Inject Mutagens","damage_taken":0,"relics_obtained":["MutagenicStrength"],"max_hp_gain":0,"max_hp_loss":0,"event_name":"Drug Dealer","floor":31,"gold_loss":0}],"is_beta":false,"boss_relics":[{"not_picked":["Ectoplasm","Cursed Key"],"picked":"Sozu"},{"not_picked":["Runic Dome","Black Star"],"picked":"Tiny House"}],"items_purged_floors":[19,45],"is_endless":false,"potions_floor_spawned":[6,12,15,23,25,33,38,46,47],"ascension_level":0}}