{"host":"xpedwhml4to70g3q","time":1608119829,"event":{"mods":["Act Like it!","BaseMod","Curses Come First","Hallownest","Minty Spire (QoL Compilation)","Spicy Shops","StSLib","The Bug Knight"],"gold_per_floor":[109,121,138,149,26,26,26,26,26,41,41,76,76,89,89,89,89],"floor_reached":16,"playtime":585,"items_purged":[],"score":102,"play_id":"40cbd0e4-cf2f-4fc7-8ac9-00e58610f400","local_time":"20201216195709","is_ascension_mode":false,"campfire_choices":[{"floor":6.0,"key":"REST"},{"data":"HollowMod:VengefulVoid","floor":11,"key":"SMITH"},{"floor":13,"key":"REST"},{"floor":15,"key":"REST"}],"circlet_count":1,"master_deck":["HollowMod:NailStrikeStart","HollowMod:NailStrikeStart","HollowMod:NailStrikeStart","HollowMod:NailStrikeStart","HollowMod:QuickDashStart","HollowMod:QuickDashStart","HollowMod:QuickDashStart","HollowMod:QuickDashStart","HollowMod:FocusHealStart","HollowMod:PogoStrike","HollowMod:VengefulVoid","HollowMod:VengefulVoid","HollowMod:WraithStrike","HollowMod:VengefulVoid+1","HollowMod:HuntersJournal","HollowMod:NewJinnsSoul"],"relics":["HollowMod:VesselMask","NeowsBlessing","Circlet","Mercury Hourglass"],"acts_visited":["Exordium"],"potions_floor_usage":[16,16,16],"damage_taken":[{"damage":0.0,"enemies":"Small Slimes","floor":1.0,"turns":1.0},{"damage":0.0,"enemies":"Cultist","floor":2.0,"turns":1.0},{"damage":0.0,"enemies":"Jaw Worm","floor":3.0,"turns":1.0},{"damage":19.0,"enemies":"Large Slime","floor":4.0,"turns":7.0},{"damage":8.0,"enemies":"2 Fungi Beasts","floor":10.0,"turns":4.0},{"damage":40,"enemies":"Lagavulin","floor":12,"turns":4},{"damage":10,"enemies":"Lots of Slimes","floor":14,"turns":2},{"damage":74,"enemies":"Hexaghost","floor":16,"turns":10}],"seed_played":"-8475918302635066293","potions_obtained":[{"floor":1.0,"key":"Energy Potion"},{"floor":2.0,"key":"FearPotion"},{"floor":10.0,"key":"Strength Potion"},{"floor":14,"key":"Fire Potion"}],"is_trial":false,"path_per_floor":["M","M","M","M","?","R","?","$","T","M","R","E","R","M","R","B"],"character_chosen":"THE_BUGKNIGHT","items_purchased":[],"campfire_rested":3,"item_purchase_floors":[],"current_hp_per_floor":[75,75,75,62,62,75,75,75,75,67,67,27,49,39,61,0,0],"gold":89,"neow_bonus":"THREE_ENEMY_KILL","is_daily":false,"chose_seed":false,"campfire_upgraded":1,"win_rate":0.0,"timestamp":1608119829,"path_taken":["M","M","M","M","?","R","?","$","T","M","R","E","R","M","R","BOSS"],"items_purchased_type":[],"build_version":"2020-12-13","purchased_purges":0,"victory":false,"max_hp_per_floor":[75,75,75,75,75,75,75,75,75,75,75,75,75,75,75,75,75],"card_choices":[{"not_picked":["HollowMod:AbyssShriek","HollowMod:ShadowDash"],"picked":"HollowMod:VengefulVoid","floor":1.0},{"not_picked":["HollowMod:BaldurShell","HollowMod:LifebloodCocoon"],"picked":"HollowMod:VengefulVoid","floor":2.0},{"not_picked":["HollowMod:GrimmsGift","HollowMod:CoiledNail","HollowMod:MonarchWings"],"picked":"SKIP","floor":3.0},{"not_picked":["HollowMod:SharpenedShadows","HollowMod:PureNailStrike"],"picked":"HollowMod:WraithStrike","floor":4.0},{"not_picked":["HollowMod:Grubsong","HollowMod:BlackTendrils"],"picked":"HollowMod:VengefulVoid","floor":10.0},{"not_picked":["HollowMod:GrimmsGift","HollowMod:QuirrelsAssistance"],"picked":"HollowMod:HuntersJournal","floor":12},{"not_picked":["HollowMod:MothsMistake","HollowMod:SoulSplash"],"picked":"HollowMod:NewJinnsSoul","floor":14}],"player_experience":96486,"relics_obtained":[{"floor":12,"key":"Mercury Hourglass"}],"event_choices":[{"damage_healed":0.0,"max_hp_gain":0.0,"max_hp_loss":0.0,"gold_gain":0.0,"event_name":"Match and Keep!","player_choice":"0 cards matched","floor":7.0,"gold_loss":0.0,"damage_taken":0.0,"cards_obtained":[]}],"is_beta":false,"boss_relics":[],"items_purged_floors":[],"is_endless":false,"potions_floor_spawned":[1,2,10,14],"killed_by":"Hexaghost","ascension_level":0}}