{"host":"zxezw9t7myeayiva","time":1608154931,"event":{"mods":["2.2 Compatiblity","Act Like it!","BaseMod","Colored Map","Downfall","Hallownest","Hermit","Infinite Spire","Lobotomy","Marisa????????","Minty Spire (QoL Compilation)","Replay The Spire","Somnambulant","StSLib","The Animator","The Cursed","The Disciple","The Hierophant","The Jungle","The Servant 0.9.4"],"gold_per_floor":[118,193,193,208,208,208,224,240,240,267,22,50,50,70,70,172,172,182,304,304,317,217,242,242,256,310,310,321,321,53,81,81,187,187,205,236,141,200,200,200,200,214,214],"floor_reached":42,"playtime":3667,"items_purged":["Pain","Strike_P","Strike_P"],"score":542,"play_id":"5800c721-c5a0-48c1-89c1-0766519cd26a","local_time":"20201216154211","is_ascension_mode":false,"campfire_choices":[{"data":"Ragnarok","floor":6,"key":"SMITH"}],"circlet_count":0,"master_deck":["Strike_P","Strike_P","Defend_P","Defend_P","Defend_P+1","Defend_P","Eruption","Vigilance","Ragnarok+1","Perseverance","Replay:Hum","Prostrate","Fasting2","Vault","BattleHymn+1","Ragnarok","MentalFortress","Replay:BluntJabs+1","MasterReality","FearNoEvil+1","LikeWater+1","FlurryOfBlows+1","LessonLearned","Vengeance+1","Pray","TheCursedMod:Dregs","DeusExMachina+1","Replay:SS_forest_6","Writhe"],"relics":["HolyWater","WarpedTongs","infinitespire:CheckeredPen","Matryoshka","BargainBundle","Blood Vial","Ancient Tea Set","Lantern","Black Star","Potion Belt","Chameleon Ring","Replay:Ringing Soul","Mango","Replay:Mystery Machine","ReplayTheSpireMod:CursedCoin","Replay:Wax Seal","infinitespire:BottledMercury","WingedGreaves","infinitespire:Midas Blood","Replay:Kaleidoscope"],"acts_visited":["Exordium","TheCity","TheBeyond"],"potions_floor_usage":[12,16,16,23,25,25,25,31,31,33,33,33,33,38,42,42,42],"damage_taken":[{"damage":0,"enemies":"Small Slimes","floor":1,"turns":2},{"damage":0,"enemies":"Cultist","floor":4,"turns":2},{"damage":14,"enemies":"Jaw Worm","floor":7,"turns":2},{"damage":1,"enemies":"Exordium Wildlife","floor":8,"turns":3},{"damage":10,"enemies":"3 Sentries","floor":10,"turns":6},{"damage":18,"enemies":"Lagavulin","floor":12,"turns":6},{"damage":0,"enemies":"2 Fungi Beasts","floor":14,"turns":2},{"damage":63,"enemies":"Fading Forest","floor":16,"turns":12},{"damage":15,"enemies":"3 Byrds","floor":18,"turns":6},{"damage":25,"enemies":"2 Thieves","floor":21,"turns":5},{"damage":0,"enemies":"Gremlin Leader","floor":23,"turns":4},{"damage":17,"enemies":"Shelled Parasite and Fungi","floor":25,"turns":6},{"damage":10,"enemies":"Cultist and Chosen","floor":28,"turns":3},{"damage":25,"enemies":"Slavers","floor":31,"turns":3},{"damage":50,"enemies":"Collector","floor":33,"turns":3},{"damage":21,"enemies":"3 Darklings","floor":35,"turns":6},{"damage":59,"enemies":"3 Shapes","floor":36,"turns":4},{"damage":16,"enemies":"2 Orb Walkers","floor":38,"turns":3},{"damage":26,"enemies":"infinitespire:Three Voidlings","floor":42,"turns":2},{"damage":69,"enemies":"Nightmare_Alpha","floor":42,"turns":2}],"seed_played":"6080497898431709701","potions_obtained":[{"floor":1,"key":"Reflective Coating"},{"floor":7,"key":"Elixir"},{"floor":12,"key":"Block Potion"},{"floor":18,"key":"Energy Potion"},{"floor":19,"key":"Swift Potion"},{"floor":23,"key":"Adrenaline Potion"},{"floor":24,"key":"Regen Potion"},{"floor":24,"key":"Adrenaline Potion"},{"floor":27,"key":"FairyPotion"},{"floor":27,"key":"FearPotion"},{"floor":29,"key":"LifebloodPotion"},{"floor":29,"key":"CultistPotion"},{"floor":31,"key":"StancePotion"},{"floor":32,"key":"Venom Potion"},{"floor":32,"key":"EssenceOfSteel"},{"floor":38,"key":"SteroidPotion"},{"floor":40,"key":"SkillPotion"},{"floor":40,"key":"Guardian:BlockOnCardUsePotion"},{"floor":41,"key":"Venom Potion"},{"floor":41,"key":"SmokeBomb"}],"is_trial":false,"path_per_floor":["M","?","?","M","?","R","M","M","T","E","$","E","T","M","R_BF","B",null,"M","?","?","M","$","E","R","M","T","R","M","R","$","E","R","B",null,"M","M","$","?","?","R","R","?"],"character_chosen":"WATCHER","items_purchased":["BargainBundle","FairyPotion","LiquidMemories","Vault","BattleHymn","Ragnarok","ReplayTheSpireMod:CursedCoin","Replay:Wax Seal","infinitespire:BottledMercury","Replay:SS_forest_6"],"campfire_rested":0,"item_purchase_floors":[11,11,11,11,11,11,30,30,30,37],"current_hp_per_floor":[72,61,61,61,61,61,47,46,46,36,36,18,18,20,41,39,72,57,39,32,9,9,28,28,41,41,41,36,36,39,16,16,47,101,80,23,26,20,49,49,49,0,0],"gold":214,"neow_bonus":"THREE_RARE_CARDS","is_daily":false,"chose_seed":false,"campfire_upgraded":1,"win_rate":0.0,"timestamp":1608154931,"path_taken":["M","?","?","M","?","R","?","M","T","E","$","E","?","M","R_BF","BOSS","M","?","?","?","$","E","R","M","T","R","M","R","$","E","R","BOSS","M","?","$","?","?","R","R","?"],"items_purchased_type":["Relic","Potion","Potion","Card","Card","Card","Relic","Relic","Relic","Card"],"build_version":"2020-12-13","purchased_purges":3,"victory":false,"max_hp_per_floor":[72,72,72,72,72,72,72,72,72,72,72,72,72,72,72,72,72,72,72,72,72,72,89,89,92,92,92,95,95,98,98,98,101,101,101,101,104,104,107,107,107,107,107],"card_choices":[{"not_picked":["Brilliance","DeusExMachina"],"picked":"Ragnarok","floor":0},{"not_picked":["Replay:AtTheReady","EmptyBody"],"picked":"Perseverance","floor":1},{"not_picked":["Halt","Replay:AtTheReady"],"picked":"Replay:Hum","floor":4},{"not_picked":["Replay:DivineShield","EmptyBody"],"picked":"Prostrate","floor":7},{"not_picked":["BowlingBash","SashWhip","Consecrate"],"picked":"SKIP","floor":8},{"not_picked":["BowlingBash","SashWhip","Consecrate"],"picked":"SKIP","floor":8},{"not_picked":["ClearTheMind","EmptyFist"],"picked":"Fasting2","floor":10},{"not_picked":["InnerPeace","SignatureMove"],"picked":"MentalFortress","floor":12},{"not_picked":["PathToVictory","FlurryOfBlows"],"picked":"Replay:BluntJabs","floor":14},{"not_picked":["Judgement","Establishment"],"picked":"MasterReality","floor":16},{"not_picked":["Evaluate","EmptyFist+1"],"picked":"FearNoEvil+1","floor":18},{"not_picked":["FlyingSleeves","Replay:BluntJabs"],"picked":"LikeWater+1","floor":19},{"not_picked":["Protect","ClearTheMind"],"picked":"FlurryOfBlows+1","floor":19},{"not_picked":["Halt","CutThroughFate","PathToVictory"],"picked":"SKIP","floor":21},{"not_picked":["Replay:AtTheReady","CrushJoints"],"picked":"LessonLearned","floor":23},{"not_picked":["Consecrate","CutThroughFate"],"picked":"Vengeance+1","floor":25},{"not_picked":["EmptyFist+1","Replay:BluntJabs"],"picked":"Pray","floor":28},{"not_picked":["Protect","FlurryOfBlows","ClearTheMind"],"picked":"SKIP","floor":31},{"not_picked":["Ragnarok","LessonLearned"],"picked":"DeusExMachina","floor":33},{"not_picked":["SandsOfTime","Conclude","Replay:BluntJabs"],"picked":"SKIP","floor":35},{"not_picked":["ClearTheMind+1","Consecrate","Meditate"],"picked":"SKIP","floor":36}],"player_experience":303017,"relics_obtained":[{"floor":9,"key":"infinitespire:CheckeredPen"},{"floor":10,"key":"Matryoshka"},{"floor":12,"key":"Blood Vial"},{"floor":13,"key":"Ancient Tea Set"},{"floor":13,"key":"Lantern"},{"floor":19,"key":"Potion Belt"},{"floor":19,"key":"Chameleon Ring"},{"floor":23,"key":"Replay:Ringing Soul"},{"floor":23,"key":"Mango"},{"floor":26,"key":"Replay:Mystery Machine"},{"floor":31,"key":"WingedGreaves"},{"floor":31,"key":"infinitespire:Midas Blood"},{"floor":38,"key":"Replay:Kaleidoscope"}],"event_choices":[{"damage_healed":0,"gold_gain":75,"player_choice":"Gather Gold","damage_taken":11,"max_hp_gain":0,"max_hp_loss":0,"event_name":"World of Goop","floor":2,"gold_loss":0},{"cards_removed":["ReplayTheSpireMod:Restless Dread"],"damage_healed":0,"gold_gain":0,"player_choice":"Forget","damage_taken":0,"max_hp_gain":0,"max_hp_loss":0,"event_name":"Living Wall","floor":3,"gold_loss":0},{"damage_healed":0,"gold_gain":0,"player_choice":"Rummage","damage_taken":0,"relics_obtained":["WarpedTongs"],"max_hp_gain":0,"max_hp_loss":0,"event_name":"Accursed Blacksmith","floor":5,"gold_loss":0,"cards_obtained":["Pain"]},{"damage_healed":0,"gold_gain":0,"player_choice":"Damaged","damage_taken":7,"max_hp_gain":0,"max_hp_loss":0,"event_name":"Wheel of Change","floor":20,"gold_loss":0},{"damage_healed":0,"gold_gain":0,"player_choice":"Fight","damage_taken":0,"max_hp_gain":0,"max_hp_loss":0,"event_name":"Mysterious Sphere","floor":38,"gold_loss":0},{"damage_healed":26,"gold_gain":0,"player_choice":"Writhe","damage_taken":0,"max_hp_gain":0,"max_hp_loss":0,"event_name":"Winding Halls","floor":39,"gold_loss":0,"cards_obtained":["Writhe"]}],"is_beta":false,"boss_relics":[{"not_picked":["Sozu","Honey Jar"],"picked":"Black Star"},{"not_picked":["Replay:Ancient Bell","Velvet Choker"],"picked":"HolyWater"}],"items_purged_floors":[11,22,30],"is_endless":false,"potions_floor_spawned":[1,7,12,18,23,31,38],"killed_by":"Nightmare_Alpha","ascension_level":0}}