{"host":"2e3z4r48quhw80cc","time":1608090642,"event":{"mods":["BaseMod","Minty Spire (QoL Compilation)","Quick Restart","StSLib","SuperFastMode"],"gold_per_floor":[111,111,125,125,200,200,128,128,152,152,152,196,210,233,233,359,359,375,418,436,460,550,550,550],"floor_reached":23,"playtime":539,"items_purged":[],"score":311,"play_id":"a64e1b79-a4fc-4307-9346-e48000b3cd9a","local_time":"20201216125042","is_ascension_mode":true,"campfire_choices":[{"floor":6.0,"key":"REST"},{"data":"Zap","floor":8.0,"key":"SMITH"},{"data":"Self Repair","floor":10.0,"key":"SMITH"},{"floor":15.0,"key":"REST"}],"circlet_count":0,"master_deck":["Strike_B+1","Strike_B","Strike_B+1","Defend_B","Defend_B","Defend_B","Defend_B","Zap+1","Dualcast","Ball Lightning","Self Repair+1","Tempest","BootSequence","White Noise","Core Surge","Leap+1","Conserve Battery","Doom and Gloom"],"relics":["Cracked Core","Emotion Chip","Golden Idol","PreservedInsect","Art of War","SacredBark","Red Mask"],"acts_visited":["Exordium","TheCity"],"potions_floor_usage":[23,23],"damage_taken":[{"damage":0.0,"enemies":"2 Louse","floor":1.0,"turns":2.0},{"damage":7.0,"enemies":"Jaw Worm","floor":3.0,"turns":2.0},{"damage":15.0,"enemies":"Gremlin Nob","floor":12.0,"turns":3.0},{"damage":0.0,"enemies":"Small Slimes","floor":13.0,"turns":2.0},{"damage":2.0,"enemies":"Exordium Wildlife","floor":14.0,"turns":2.0},{"damage":0.0,"enemies":"Slime Boss","floor":16.0,"turns":8.0},{"damage":17.0,"enemies":"Spheric Guardian","floor":18.0,"turns":4.0},{"damage":36.0,"enemies":"Masked Bandits","floor":19.0,"turns":4.0},{"damage":6.0,"enemies":"2 Thieves","floor":20.0,"turns":2.0},{"damage":21.0,"enemies":"Chosen and Byrds","floor":21.0,"turns":6.0},{"damage":7,"enemies":"Book of Stabbing","floor":23,"turns":3}],"seed_played":"2436424875701331271","potions_obtained":[{"floor":3.0,"key":"Block Potion"},{"floor":12.0,"key":"ColorlessPotion"},{"floor":19.0,"key":"PowerPotion"}],"is_trial":false,"path_per_floor":["M","?","M","?","?","R","$","R","T","R","?","E","M","M","R","B",null,"M","?","M","M","?","E"],"character_chosen":"DEFECT","items_purchased":["Self Repair"],"campfire_rested":2,"item_purchase_floors":[7],"current_hp_per_floor":[50,32,25,25,14,36,36,36,36,36,21,16,26,24,46,56,70,63,37,31,20,2,0,0],"gold":550,"neow_bonus":"ONE_RARE_RELIC","is_daily":false,"chose_seed":false,"campfire_upgraded":2,"win_rate":0.0,"timestamp":1608090642,"path_taken":["M","?","M","?","?","R","$","R","T","R","?","E","?","M","R","BOSS","M","?","M","M","?","E"],"items_purchased_type":["Card"],"build_version":"2020-12-13","purchased_purges":0,"victory":false,"max_hp_per_floor":[75,75,75,75,75,75,75,75,75,75,75,75,75,75,75,75,75,75,75,75,75,75,75,75],"card_choices":[{"not_picked":["Hologram","BootSequence"],"picked":"Ball Lightning","floor":1.0},{"not_picked":["Sweeping Beam","Turbo","Scrape"],"picked":"SKIP","floor":3.0},{"not_picked":["Steam","Sweeping Beam"],"picked":"Tempest","floor":12.0},{"not_picked":["Ball Lightning","Stack"],"picked":"BootSequence","floor":13.0},{"not_picked":["Gash","Sweeping Beam"],"picked":"White Noise","floor":14.0},{"not_picked":["Hyperbeam","Rainbow"],"picked":"Core Surge","floor":16.0},{"not_picked":["Turbo","Compile Driver","Steam"],"picked":"SKIP","floor":18.0},{"not_picked":["Hologram+1","Melter"],"picked":"Leap+1","floor":19.0},{"not_picked":["Gash","Coolheaded"],"picked":"Conserve Battery","floor":20.0},{"not_picked":["Consume","Reprogram"],"picked":"Doom and Gloom","floor":21.0}],"player_experience":53016,"relics_obtained":[{"floor":9.0,"key":"PreservedInsect"},{"floor":12.0,"key":"Art of War"},{"floor":19.0,"key":"Red Mask"}],"event_choices":[{"damage_healed":0.0,"max_hp_gain":0.0,"max_hp_loss":0.0,"gold_gain":0.0,"event_name":"Golden Idol","player_choice":"Take Damage","floor":2.0,"gold_loss":0.0,"damage_taken":18.0,"relics_obtained":["Golden Idol"]},{"cards_removed":["Strike_B"],"damage_healed":0.0,"max_hp_gain":0.0,"max_hp_loss":0.0,"gold_gain":0.0,"event_name":"Living Wall","player_choice":"Forget","floor":4.0,"gold_loss":0.0,"damage_taken":0.0},{"damage_healed":0.0,"max_hp_gain":0.0,"max_hp_loss":0.0,"gold_gain":75.0,"event_name":"World of Goop","player_choice":"Gather Gold","floor":5.0,"gold_loss":0.0,"damage_taken":11.0},{"damage_healed":0.0,"max_hp_gain":0.0,"max_hp_loss":0.0,"gold_gain":0.0,"event_name":"Shining Light","player_choice":"Entered Light","floor":11.0,"gold_loss":0.0,"damage_taken":15.0,"cards_upgraded":["Strike_B","Strike_B"]},{"damage_healed":0.0,"max_hp_gain":0.0,"max_hp_loss":0.0,"gold_gain":0.0,"event_name":"Masked Bandits","player_choice":"Fought Bandits","floor":19.0,"gold_loss":0.0,"damage_taken":0.0},{"damage_healed":0.0,"max_hp_gain":0.0,"max_hp_loss":0.0,"gold_gain":90.0,"event_name":"Knowing Skull","player_choice":"POTION GOLD ","floor":22.0,"potions_obtained":["LiquidMemories"],"gold_loss":0.0,"damage_taken":18.0,"cards_obtained":[]}],"is_beta":false,"boss_relics":[{"not_picked":["Philosopher\u0027s Stone","Runic Dome"],"picked":"SacredBark"}],"items_purged_floors":[],"is_endless":false,"potions_floor_spawned":[3,12,19],"killed_by":"Book of Stabbing","ascension_level":6}}