{"host":"uwsu8k27nqs1askx","time":1608116450,"event":{"mods":["2.2 Compatiblity","Act Like it!","BaseMod","Conspire","DeckTracker","Dota2Spire","Downfall","Friendly Minions","GifTheSpireLib","Minty Spire (QoL Compilation)","Replay The Spire","StSLib","The Blue Laboratory"],"gold_per_floor":[99,45,45,45,45,45,45,65,50,64,81,91,106,123,142,240,240,240,240,165,165,177,177,177,195,195,234,251,277,277,277,302,409,409,409,426,446,84,112,128,128,128,168,93,78,78,94,106,125,125],"floor_reached":51,"playtime":3905,"items_purged":[],"score":743,"play_id":"84e89de5-672e-49b8-94e0-34942ca13622","local_time":"20201216120050","is_ascension_mode":false,"campfire_choices":[{"floor":4,"key":"RECALL"},{"data":"hexamod:EmpoweringStance","floor":18,"key":"SMITH"},{"data":"hexamod:Float","floor":20,"key":"SMITH"},{"floor":23,"key":"REST"},{"data":"hexamod:VolcanoVisage","floor":26,"key":"SMITH"},{"data":"hexamod:WildfireWeapon","floor":35,"key":"SMITH"},{"floor":42,"key":"REST"},{"data":"hexamod:FastForward","floor":44,"key":"SMITH"}],"circlet_count":0,"master_deck":["hexamod:Strike+1","hexamod:Strike+1","hexamod:Defend+1","hexamod:Defend+1","hexamod:Defend+1","hexamod:Defend+1","hexamod:Sear","hexamod:Float+1","hexamod:HauntingEcho","hexamod:HeatMetal+1","hexamod:BacktrackSmack","hexamod:EmpoweredFlame","hexamod:FirstSeal","hexamod:SwordOfDarkness+1","hexamod:SwordOfDarkness+1","hexamod:EmpoweringStance+1","hexamod:HauntingEcho+1","hexamod:DynamicBlow+1","hexamod:AdvancingGuard","hexamod:DynamicBlow+1","hexamod:VolcanoVisage+1","RitualDagger+1","hexamod:SecondSeal","hexamod:CatchUp+1","hexamod:HauntingEcho+1","hexamod:FourthSeal","hexamod:Again+1","hexamod:WildfireWeapon+1","hexamod:PhantomFireball+1","hexamod:PhantomFireball+1","hexamod:DynamicBlow+1","hexamod:FastForward+1","hexamod:AdvancingGuard","hexamod:GhostOfSpirePresent+1","hexamod:FastForward","hexamod:SixthSeal","hexamod:Hexaguard","hexamod:EmpoweringStance+1","hexamod:SwordOfDarkness+1","hexamod:SkipABeat+1","hexamod:HauntingEcho+1"],"relics":["hexamod:SpiritBrand","downfall:HeartsMalice","Molten Egg 2","SlaversCollar","downfall:HeartBlessingRed","Lizard Tail","downfall:RedIOU","Honey Jar","Meat on the Bone","Dota2Spire:OrchidMalevolence","Dota2Spire:Dagon","downfall:HeartBlessingGreen"],"acts_visited":["Exordium","TheCity","TheBeyond"],"potions_floor_usage":[16,16,25,25,33,33,39,40,47,47,48],"damage_taken":[{"damage":0,"enemies":"downfall:FleeingMerchant","floor":2,"turns":1},{"damage":0,"enemies":"2 Louse","floor":3,"turns":1},{"damage":0,"enemies":"Cultist","floor":6,"turns":1},{"damage":0,"enemies":"Small Slimes","floor":8,"turns":2},{"damage":5,"enemies":"downfall:FleeingMerchant","floor":9,"turns":4},{"damage":11,"enemies":"2 Fungi Beasts","floor":10,"turns":3},{"damage":0,"enemies":"Lots of Slimes","floor":11,"turns":4},{"damage":2,"enemies":"2 Fungi Beasts","floor":12,"turns":3},{"damage":15,"enemies":"Red Slaver","floor":13,"turns":4},{"damage":1,"enemies":"Blue Slaver","floor":14,"turns":2},{"damage":0,"enemies":"3 Louse","floor":15,"turns":4},{"damage":27,"enemies":"downfall:Ironclad","floor":16,"turns":7},{"damage":9,"enemies":"3 Byrds","floor":22,"turns":5},{"damage":13,"enemies":"Snake Plant","floor":25,"turns":4},{"damage":1,"enemies":"conspire:Head Lice","floor":27,"turns":6},{"damage":13,"enemies":"Shelled Parasite and Fungi","floor":28,"turns":6},{"damage":1,"enemies":"Cultist and Chosen","floor":29,"turns":6},{"damage":10,"enemies":"Centurion and Healer","floor":32,"turns":6},{"damage":22,"enemies":"downfall:Silent","floor":33,"turns":7},{"damage":11,"enemies":"Orb Walker","floor":36,"turns":3},{"damage":1,"enemies":"3 Shapes","floor":37,"turns":5},{"damage":0,"enemies":"downfall:FleeingMerchant","floor":38,"turns":4},{"damage":4,"enemies":"Jaw Worm Horde","floor":39,"turns":4},{"damage":30,"enemies":"Maw","floor":40,"turns":7},{"damage":39,"enemies":"Nemesis","floor":43,"turns":7},{"damage":0,"enemies":"downfall:FleeingMerchant","floor":45,"turns":4},{"damage":25,"enemies":"3 Darklings","floor":47,"turns":5},{"damage":27,"enemies":"Transient","floor":48,"turns":5},{"damage":22,"enemies":"Spire Growth","floor":49,"turns":4},{"damage":0,"enemies":"downfall:Watcher","floor":50,"turns":6}],"seed_played":"2492010188604857485","potions_obtained":[{"floor":1,"key":"EssenceOfSteel"},{"floor":1,"key":"blueLaboratory:Moonshine"},{"floor":10,"key":"Fire Potion"},{"floor":16,"key":"Flashbang"},{"floor":25,"key":"Fruit Juice"},{"floor":27,"key":"Adrenaline Potion"},{"floor":29,"key":"blueLaboratory:RecallPotion"},{"floor":33,"key":"LiquidMemories"},{"floor":36,"key":"blueLaboratory:BottledHope"},{"floor":37,"key":"Strength Potion"},{"floor":37,"key":"Fire Potion"},{"floor":38,"key":"Flashbang"},{"floor":40,"key":"SteroidPotion"},{"floor":47,"key":"blueLaboratory:FrostheartPotion"},{"floor":48,"key":"SneckoOil"},{"floor":48,"key":"Slimebound:ThreeZeroPotion"}],"is_trial":false,"path_per_floor":["R","$","M","R","?","M","T","M","$","M","M","M","M","M","M","B",null,"R","?","R","?","M","R","T","M","R","E","M","M","?","?","M","B",null,"R","M","M","$","M","M","T","R","E","R","$","?","M","M","M","B",null],"character_chosen":"THE_SPIRIT","items_purchased":["hexamod:HeatMetal+1","hexamod:FastForward","hexamod:AdvancingGuard","Meat on the Bone"],"campfire_rested":2,"item_purchase_floors":[2,38,38,38],"current_hp_per_floor":[70,70,70,70,70,70,70,70,70,66,70,68,60,59,66,46,70,70,70,70,64,55,70,70,69,69,75,69,75,75,75,72,57,75,75,64,63,63,59,41,41,63,43,43,50,50,37,22,49,56],"gold":125,"neow_bonus":"THREE_ENEMY_KILL","is_daily":false,"chose_seed":false,"campfire_upgraded":5,"win_rate":0.0,"timestamp":1608116450,"path_taken":["R","$","M","R","?","M","T","M","$","M","?","M","M","M","M","BOSS","R","?","R","?","M","R","T","M","R","E","M","M","?","?","M","BOSS","R","M","M","$","M","M","T","R","E","R","?","?","M","M","M","BOSS"],"items_purchased_type":["Card","Card","Card","Relic"],"build_version":"2020-12-13","purchased_purges":0,"victory":true,"max_hp_per_floor":[70,70,70,70,70,70,70,70,70,70,70,70,70,70,70,70,70,70,70,70,70,70,70,70,75,75,75,75,75,75,75,75,75,75,75,75,75,75,75,75,75,75,75,75,75,75,75,75,75,75],"card_choices":[{"not_picked":["hexamod:NightmareStrike","hexamod:Rewind"],"picked":"hexamod:HauntingEcho","floor":2},{"not_picked":["hexamod:Haunt","hexamod:Incineration"],"picked":"hexamod:BacktrackSmack","floor":3},{"not_picked":["hexamod:RetreatToShadows","hexamod:ChargedBarrage"],"picked":"hexamod:EmpoweredFlame","floor":6},{"not_picked":["hexamod:Rewind","hexamod:GhostOfSpireFuture"],"picked":"hexamod:FirstSeal","floor":8},{"not_picked":["hexamod:GhostLash+1","hexamod:UnleashSpirits+1"],"picked":"hexamod:SwordOfDarkness+1","floor":9},{"not_picked":["hexamod:RainOfEmbers+1","hexamod:NightmareGuise"],"picked":"hexamod:SwordOfDarkness+1","floor":10},{"not_picked":["hexamod:Rewind","hexamod:InspiringFlames"],"picked":"hexamod:EmpoweringStance","floor":11},{"not_picked":["hexamod:InspiringFlames","hexamod:Hexaguard"],"picked":"hexamod:HauntingEcho+1","floor":12},{"not_picked":["hexamod:ThirdSeal","hexamod:EtherealExpedition"],"picked":"hexamod:DynamicBlow+1","floor":13},{"not_picked":["hexamod:RainOfEmbers+1","hexamod:FourthSeal"],"picked":"hexamod:AdvancingGuard","floor":14},{"not_picked":["hexamod:BurningTouch","hexamod:FastForward"],"picked":"hexamod:DynamicBlow+1","floor":15},{"not_picked":["hexamod:FifthSeal","hexamod:SearingWound"],"picked":"hexamod:VolcanoVisage","floor":16},{"not_picked":["hexamod:BacktrackSmack+1","hexamod:ExtraCrispy+1"],"picked":"hexamod:SecondSeal","floor":22},{"not_picked":["hexamod:HeatMetal+1","hexamod:AdvancingGuard"],"picked":"hexamod:CatchUp+1","floor":25},{"not_picked":["hexamod:HeatMetal+1","hexamod:Haunt+1"],"picked":"hexamod:HauntingEcho+1","floor":27},{"not_picked":["hexamod:InspiringFlames","hexamod:Haunt+1","hexamod:GhostLash+1"],"picked":"SKIP","floor":28},{"not_picked":["hexamod:Hexaguard","hexamod:HeatCrush+1"],"picked":"hexamod:FourthSeal","floor":29},{"not_picked":["hexamod:GhostOfSpirePast","hexamod:InspiringFlames+1"],"picked":"hexamod:Again+1","floor":32},{"not_picked":["hexamod:TurnItUp","hexamod:HexaLevel"],"picked":"hexamod:WildfireWeapon","floor":33},{"not_picked":["hexamod:ThermalTransfer+1","hexamod:CatchUp","hexamod:ShieldOfDarkness"],"picked":"hexamod:PhantomFireball+1","floor":36},{"not_picked":["hexamod:FourthSeal","hexamod:RetreatToShadows+1","hexamod:HauntingEcho+1"],"picked":"hexamod:PhantomFireball+1","floor":37},{"not_picked":["hexamod:GhostOfSpirePresent","hexamod:RainOfEmbers+1","hexamod:PhantomCloak"],"picked":"hexamod:DynamicBlow+1","floor":38},{"not_picked":["hexamod:Incineration+1","hexamod:GhostLash+1","hexamod:GhostShield+1"],"picked":"hexamod:GhostOfSpirePresent+1","floor":39},{"not_picked":["hexamod:SecondSeal","hexamod:BacktrackSmack+1","hexamod:CatchUp+1"],"picked":"hexamod:FastForward","floor":40},{"not_picked":["hexamod:AdvancingGuard","hexamod:HeatMetal+1","hexamod:Hexaguard"],"picked":"hexamod:SixthSeal","floor":43},{"not_picked":["hexamod:Firestarter+1","hexamod:RainOfEmbers+1","hexamod:SecondSeal"],"picked":"hexamod:Hexaguard","floor":45},{"not_picked":["hexamod:BurningTouch","hexamod:EmpoweredFlame+1","hexamod:Rewind+1"],"picked":"hexamod:SwordOfDarkness+1","floor":47},{"not_picked":["hexamod:FastForward+1","hexamod:GhostLash+1","hexamod:Firestarter+1"],"picked":"hexamod:SkipABeat+1","floor":48},{"not_picked":["hexamod:FastForward","hexamod:BurningTouch","hexamod:RecurringNightmare"],"picked":"hexamod:HauntingEcho+1","floor":49}],"player_experience":66094,"relics_obtained":[{"floor":7,"key":"Molten Egg 2"},{"floor":24,"key":"Lizard Tail"},{"floor":27,"key":"hexamod:MatchstickCase"},{"floor":41,"key":"Dota2Spire:OrchidMalevolence"},{"floor":43,"key":"Dota2Spire:Dagon"}],"event_choices":[{"cards_removed":["hexamod:Strike"],"damage_healed":0,"gold_gain":0,"player_choice":"Offered Basic","damage_taken":0,"max_hp_gain":0,"max_hp_loss":0,"event_name":"Bonfire Elementals","floor":5,"gold_loss":0},{"damage_healed":0,"gold_gain":0,"player_choice":"Simplicity","damage_taken":0,"max_hp_gain":0,"max_hp_loss":0,"event_name":"Back to Basics","floor":19,"gold_loss":0,"cards_upgraded":["hexamod:Strike","hexamod:Strike","hexamod:Strike","hexamod:Defend","hexamod:Defend","hexamod:Defend","hexamod:Defend"]},{"cards_removed":["hexamod:Strike"],"damage_healed":0,"gold_gain":0,"player_choice":"Purged","damage_taken":0,"max_hp_gain":0,"max_hp_loss":0,"event_name":"Purifier","floor":31,"gold_loss":0},{"damage_healed":0,"gold_gain":0,"player_choice":"Copied","damage_taken":0,"max_hp_gain":0,"max_hp_loss":0,"event_name":"Duplicator","floor":46,"gold_loss":0,"cards_obtained":["hexamod:EmpoweringStance"]}],"is_beta":false,"boss_relics":[{"not_picked":["ReplayTheSpireMod:DimensionalGlitch","Replay:Wanted Poster"],"picked":"SlaversCollar"},{"not_picked":["Replay:Grab Bag","Sozu"],"picked":"Honey Jar"}],"items_purged_floors":[],"is_endless":false,"potions_floor_spawned":[10,11,12,13,16,25,27,29,33,36,37,47,48],"ascension_level":0}}