{"host":"ibfpjm2kz059o009","time":1608154445,"event":{"mods":["AchievementEnabler","BaseMod","Block Reminder","Colored Powertips","DeckTracker","Googly Eyes","Key Reminder","Minty Spire (QoL Compilation)","Shop Mod","Unceasing Turn Reminder"],"gold_per_floor":[114,114,129,129,144,174,174,189,214,229,244,244,259,18,18,118,118,133,148,148,163,178,178,208,208,233,233,233,0,15,30,30,130,130,145,170,170,170,185,35,50,80,80,80,80],"floor_reached":44,"playtime":2382,"items_purged":[],"score":562,"play_id":"421a67f8-bcaf-4af2-9285-d5466e56507f","local_time":"20201216163405","daily_mods":["SealedDeck","ControlledChaos","Terminal"],"is_ascension_mode":false,"campfire_choices":[{"data":"Hello World","floor":7.0,"key":"SMITH"},{"data":"Loop","floor":15.0,"key":"SMITH"},{"floor":23.0,"key":"REST"},{"floor":25.0,"key":"REST"},{"data":"Panache","floor":32.0,"key":"SMITH"}],"circlet_count":0,"master_deck":["Conserve Battery","Stack","Darkness","Aggregate+1","Leap","Ball Lightning","Go for the Eyes","Gash","Hello World+1","Ball Lightning","Fusion+1","Static Discharge","Compile Driver","Auto Shields","Beam Cell","Loop+1","Scrape","Hyperbeam","White Noise+1","Heatsinks+1","Reinforced Body+1","Rebound","Leap","Aggregate+1","Double Energy","Skim","Self Repair","Panache+1","Dramatic Entrance","Self Repair","Havoc+1","FollowUp+1","Impervious","CutThroughFate+1","Infernal Blade+1","Madness","Madness","FlyingSleeves","Study+1","Dramatic Entrance"],"relics":["Cracked Core","Frozen Eye","Symbiotic Virus","Art of War","Membership Card","Astrolabe","Kunai","Potion Belt","PrismaticShard","Fusion Hammer","Peace Pipe","Ice Cream","Omamori","InkBottle"],"acts_visited":["Exordium","TheCity","TheBeyond"],"potions_floor_usage":[44],"damage_taken":[{"damage":0.0,"enemies":"Jaw Worm","floor":1.0,"turns":3.0},{"damage":0.0,"enemies":"Cultist","floor":3.0,"turns":3.0},{"damage":0.0,"enemies":"2 Louse","floor":5.0,"turns":3.0},{"damage":0.0,"enemies":"Gremlin Nob","floor":6.0,"turns":3.0},{"damage":0.0,"enemies":"Gremlin Gang","floor":8.0,"turns":4.0},{"damage":0.0,"enemies":"2 Fungi Beasts","floor":10.0,"turns":2.0},{"damage":0.0,"enemies":"3 Louse","floor":11.0,"turns":2.0},{"damage":0.0,"enemies":"Blue Slaver","floor":13.0,"turns":3.0},{"damage":14.0,"enemies":"Slime Boss","floor":16.0,"turns":4.0},{"damage":0.0,"enemies":"Chosen","floor":18.0,"turns":3.0},{"damage":6.0,"enemies":"Shell Parasite","floor":19.0,"turns":2.0},{"damage":19.0,"enemies":"3 Cultists","floor":21.0,"turns":4.0},{"damage":0.0,"enemies":"Snake Plant","floor":22.0,"turns":4.0},{"damage":28.0,"enemies":"Slavers","floor":24.0,"turns":5.0},{"damage":4.0,"enemies":"Chosen and Byrds","floor":30.0,"turns":3.0},{"damage":5.0,"enemies":"3 Cultists","floor":31.0,"turns":3.0},{"damage":10.0,"enemies":"Champ","floor":33.0,"turns":7.0},{"damage":2.0,"enemies":"Orb Walker","floor":35.0,"turns":4.0},{"damage":30.0,"enemies":"2 Orb Walkers","floor":36.0,"turns":3.0},{"damage":9.0,"enemies":"3 Shapes","floor":39.0,"turns":4.0},{"damage":8.0,"enemies":"Maw","floor":41.0,"turns":6.0},{"damage":25.0,"enemies":"Giant Head","floor":42.0,"turns":6.0},{"damage":18,"enemies":"4 Shapes","floor":44,"turns":1}],"seed_played":"4580661739168851385","potions_obtained":[{"floor":3.0,"key":"PowerPotion"},{"floor":10.0,"key":"Weak Potion"},{"floor":16.0,"key":"FocusPotion"},{"floor":18.0,"key":"SteroidPotion"},{"floor":19.0,"key":"SteroidPotion"},{"floor":31.0,"key":"FocusPotion"},{"floor":33.0,"key":"Explosive Potion"},{"floor":35.0,"key":"FocusPotion"}],"is_trial":false,"path_per_floor":["M","?","M","?","M","E","R","M","T","M","M","?","M","$","R","B",null,"M","M","?","M","M","R","E","R","T","?","?","$","M","M","R","B",null,"M","?","?","?","M","$","M","E","T","M"],"character_chosen":"DEFECT","items_purchased":["Membership Card","Loop","Rip and Tear","Scrape","Panache","PrismaticShard","Dramatic Entrance","Self Repair","Ice Cream"],"campfire_rested":2,"item_purchase_floors":[14,14,14,14,29,29,29,29,40],"current_hp_per_floor":[73,72,71,70,69,68,67,66,65,64,63,50,50,50,50,36,57,56,50,50,31,31,46,18,33,33,33,33,33,43,43,42,41,40,38,22,17,31,30,29,28,17,17,0,0],"gold":80,"neow_bonus":"","is_daily":true,"chose_seed":false,"campfire_upgraded":3,"win_rate":0.0,"timestamp":1608154445,"path_taken":["M","?","?","?","M","E","R","M","T","M","?","?","M","$","R","BOSS","M","M","?","M","M","R","E","R","T","?","?","$","M","M","R","BOSS","M","?","?","?","?","?","M","E","T","M"],"items_purchased_type":["Relic","Card","Card","Card","Card","Relic","Card","Card","Relic"],"build_version":"2020-12-13","purchased_purges":0,"victory":false,"max_hp_per_floor":[73,72,71,70,69,68,67,66,65,64,63,62,61,60,59,58,57,56,55,54,53,52,51,50,49,48,47,46,45,44,43,42,41,40,39,38,37,31,30,29,28,27,26,26,26],"card_choices":[{"not_picked":["Consume","Cold Snap"],"picked":"Hello World","floor":1.0},{"not_picked":["Leap","Conserve Battery"],"picked":"Ball Lightning","floor":3.0},{"not_picked":["Hologram","Steam"],"picked":"Fusion","floor":5.0},{"not_picked":["Go for the Eyes","Redo"],"picked":"Static Discharge","floor":6.0},{"not_picked":["Chaos","Undo"],"picked":"Compile Driver","floor":8.0},{"not_picked":["Force Field","Darkness"],"picked":"Auto Shields","floor":10.0},{"not_picked":["Auto Shields","FTL"],"picked":"Beam Cell","floor":11.0},{"not_picked":["Streamline","Consume"],"picked":"Beam Cell","floor":13.0},{"not_picked":["Reboot","Rainbow"],"picked":"Hyperbeam","floor":16.0},{"not_picked":["Hologram","Beam Cell"],"picked":"Rebound","floor":18.0},{"not_picked":["Steam+1","Thunder Strike"],"picked":"Leap","floor":19.0},{"not_picked":["Force Field+1","Capacitor"],"picked":"Aggregate+1","floor":21.0},{"not_picked":["Beam Cell+1","White Noise"],"picked":"Double Energy","floor":22.0},{"not_picked":["Barrage","Buffer"],"picked":"Skim","floor":24.0},{"not_picked":["ThirdEye","FlurryOfBlows"],"picked":"Havoc+1","floor":30.0},{"not_picked":["Headbutt+1","FlurryOfBlows"],"picked":"FollowUp+1","floor":31.0},{"not_picked":["Corruption","Meteor Strike"],"picked":"Impervious","floor":33.0},{"not_picked":["Quick Slash+1","Rebound"],"picked":"CutThroughFate+1","floor":35.0},{"not_picked":["Flying Knee+1","CutThroughFate+1"],"picked":"Infernal Blade+1","floor":36.0},{"not_picked":["Dodge and Roll+1","PathToVictory"],"picked":"FlyingSleeves","floor":39.0},{"not_picked":["Outmaneuver","Pray+1"],"picked":"Study+1","floor":41.0},{"not_picked":["Barrage+1","Impervious"],"picked":"Dramatic Entrance","floor":42.0}],"player_experience":579257,"relics_obtained":[{"floor":6.0,"key":"Symbiotic Virus"},{"floor":9.0,"key":"Art of War"},{"floor":24.0,"key":"Kunai"},{"floor":26.0,"key":"Potion Belt"},{"floor":36.0,"key":"Peace Pipe"},{"floor":42.0,"key":"Omamori"},{"floor":43.0,"key":"InkBottle"}],"event_choices":[{"cards_removed":["Ball Lightning"],"damage_healed":0.0,"max_hp_gain":0.0,"max_hp_loss":0.0,"gold_gain":0.0,"event_name":"Wheel of Change","player_choice":"Card Removal","floor":2.0,"gold_loss":0.0,"damage_taken":0.0},{"damage_healed":0.0,"max_hp_gain":0.0,"max_hp_loss":0.0,"gold_gain":0.0,"event_name":"Purifier","player_choice":"Ignored","floor":4.0,"gold_loss":0.0,"damage_taken":0.0},{"damage_healed":0.0,"max_hp_gain":0.0,"max_hp_loss":0.0,"gold_gain":0.0,"event_name":"Shining Light","player_choice":"Entered Light","floor":12.0,"gold_loss":0.0,"damage_taken":13.0,"cards_upgraded":["Fusion","Aggregate"]},{"damage_healed":0.0,"max_hp_gain":0.0,"max_hp_loss":0.0,"gold_gain":0.0,"event_name":"Back to Basics","player_choice":"Simplicity","floor":20.0,"gold_loss":0.0,"damage_taken":0.0,"cards_upgraded":[]},{"damage_healed":0.0,"max_hp_gain":0.0,"max_hp_loss":0.0,"gold_gain":0.0,"event_name":"The Library","player_choice":"Read","floor":27.0,"gold_loss":0.0,"damage_taken":0.0,"cards_obtained":["Self Repair"]},{"damage_healed":0.0,"max_hp_gain":0.0,"max_hp_loss":0.0,"gold_gain":0.0,"event_name":"Vampires","player_choice":"Ignored","floor":28.0,"gold_loss":0.0,"damage_taken":0.0},{"damage_healed":0.0,"max_hp_gain":0.0,"max_hp_loss":0.0,"gold_gain":0.0,"event_name":"Mysterious Sphere","player_choice":"Fight","floor":36.0,"gold_loss":0.0,"damage_taken":0.0},{"damage_healed":0.0,"max_hp_gain":0.0,"max_hp_loss":0.0,"gold_gain":0.0,"event_name":"Winding Halls","player_choice":"Embrace Madness","floor":37.0,"gold_loss":0.0,"damage_taken":5.0,"cards_obtained":["Madness","Madness"]},{"damage_healed":32.0,"max_hp_gain":0.0,"max_hp_loss":5.0,"gold_gain":0.0,"event_name":"The Moai Head","player_choice":"Heal","floor":38.0,"gold_loss":0.0,"damage_taken":0.0}],"is_beta":false,"boss_relics":[{"not_picked":["SacredBark","Philosopher\u0027s Stone"],"picked":"Astrolabe"},{"not_picked":["Empty Cage","FrozenCore"],"picked":"Fusion Hammer"}],"items_purged_floors":[],"is_endless":false,"potions_floor_spawned":[3,10,16,18,19,31,33,35],"killed_by":"4 Shapes","ascension_level":0}}