{"host":"a7kkotolxcg5vljr","time":1608159006,"event":{"mods":["2.2 Compatiblity","AchievementEnabler","Act Like it!","BaseMod","Better Altar","Better Skull","Better Third Choice","Colored Map","Colored Powertips","Downfall","Hermit","Highlight Path","Marisa????????","Minty Spire (QoL Compilation)","Quick Restart","Rare Cards Sparkle","Replay The Spire","Spicy Shops","StSLib","The Cursed","The Disciple","The Servant 0.9.4"],"gold_per_floor":[116,177,190,205,82,82,82,105,132,307,17,17,50,66,66,169,169,188,188,128,78,78,107,27,27,95,105,32,32,45,55,55,160,160,170,184,459,469,439,439,451,467,467,477,491,140,190,204,204,204,204],"floor_reached":50,"playtime":2048,"items_purged":["Doubt","Parasite"],"score":616,"play_id":"fe21f75d-8265-4e6f-ab18-377985a5be9f","local_time":"20201216175006","is_ascension_mode":false,"campfire_choices":[{"floor":6,"key":"RECALL"},{"floor":15,"key":"REST"},{"floor":25,"key":"REST"},{"floor":32,"key":"REST"},{"floor":40,"key":"REST"},{"floor":49,"key":"REST"}],"circlet_count":0,"master_deck":["Survivor","Neutralize","Bane","Poisoned Stab","Bane","Flying Knee","ReplayTheSpireMod:Brewmster","Noxious Fumes","Apotheosis+1","Acrobatics","Doubt","Quick Slash","Hidden Blade","Replay:Poison Smokescreen","Corpse Explosion","Sneak Up","Envenom","Prepared","Caltrops","Prepared","Heel Hook","Concentrate","Noxious Fumes","Outmaneuver","All Out Attack","Poisoned Stab+1","Caltrops","Poisoned Stab+1","Deadly Poison","Prepared","Phantasmal Killer","Backflip+1","Burst","Poisoned Stab+1","Dagger Throw","Regret","Footwork+1","Bane+1","Draining Mist+1","Deadly Poison","Pot Of Greed","Pot Of Greed","Pot Of Greed","Pot Of Greed","ReplayTheSpireMod:Tripwire"],"relics":["Fusion Hammer","Replay:Bottled Snecko","Replay:Wax Seal","Odd Mushroom","Basket Of Snakes","Replay:Mystery Machine","Pandora\u0027s Box","Bottled Tornado","Question Card","Sling","Replay:WaspNest","SacredBark","Mummified Hand","Membership Card","Grinning Jar","Shuriken","Counterbalance"],"acts_visited":["Exordium","TheCity","TheBeyond"],"potions_floor_usage":[4,8,8,8,11,11,11,11,11,11,13,13,13,13,13,13,13,13,13,16,16,16,18,18,23,23,23,23,23,23,24,24,24,24,24,27,27,27,27,30,30,30,30,31,31,31,31,33,33,33,33,33,33,33,33,33,33,33,33,35,35,35,35,36,36,36,36,36,36,38,38,38,38,41,41,41,41,41,41,41,42,42,42,42,42,44,44,45,45,45,45,45,45,45,47,47,47,47,48,48,48,50,50,50,50,50,50,50,50,50,50,50],"damage_taken":[{"damage":0,"enemies":"Small Slimes","floor":1,"turns":5},{"damage":0,"enemies":"Cultist","floor":3,"turns":3},{"damage":0,"enemies":"2 Louse","floor":4,"turns":1},{"damage":24,"enemies":"The Mushroom Lair","floor":8,"turns":6},{"damage":7,"enemies":"Blue Slaver","floor":11,"turns":4},{"damage":8,"enemies":"3 Sentries","floor":13,"turns":6},{"damage":0,"enemies":"Exordium Thugs","floor":14,"turns":5},{"damage":18,"enemies":"The Guardian","floor":16,"turns":7},{"damage":16,"enemies":"Chosen","floor":18,"turns":3},{"damage":24,"enemies":"Book of Stabbing","floor":23,"turns":4},{"damage":10,"enemies":"Spheric Guardian","floor":24,"turns":3},{"damage":12,"enemies":"3 Cultists","floor":27,"turns":3},{"damage":10,"enemies":"Sentry and Sphere","floor":30,"turns":3},{"damage":0,"enemies":"Centurion and Healer","floor":31,"turns":3},{"damage":1,"enemies":"Champ","floor":33,"turns":7},{"damage":7,"enemies":"Orb Walker","floor":35,"turns":3},{"damage":10,"enemies":"3 Shapes","floor":36,"turns":4},{"damage":0,"enemies":"Jaw Worm Horde","floor":38,"turns":3},{"damage":5,"enemies":"Maw","floor":41,"turns":4},{"damage":1,"enemies":"4 Shapes","floor":42,"turns":3},{"damage":12,"enemies":"Writhing Mass","floor":44,"turns":2},{"damage":10,"enemies":"Sphere and 2 Shapes","floor":45,"turns":4},{"damage":0,"enemies":"Mind Bloom Boss Battle","floor":47,"turns":3},{"damage":37,"enemies":"3 Darklings","floor":48,"turns":3},{"damage":34,"enemies":"Donu and Deca","floor":50,"turns":4}],"seed_played":"-8418180693473224611","potions_obtained":[{"floor":2,"key":"DistilledChaos"},{"floor":3,"key":"Explosive Potion"},{"floor":4,"key":"LifebloodPotion"},{"floor":8,"key":"sneckomod:MuddlingPotion"},{"floor":14,"key":"SneckoOil"},{"floor":18,"key":"LiquidBronze"},{"floor":23,"key":"Cursed Concoction"},{"floor":36,"key":"Swift Potion"},{"floor":39,"key":"FearPotion"},{"floor":39,"key":"Doom Potion"},{"floor":41,"key":"GhostInAJar"},{"floor":48,"key":"Fire Potion"}],"is_trial":false,"path_per_floor":["M","?","M","M","$","R","?","?","T","?","M","T","E","M","R","B",null,"M","?","?","$","?","E","M","R","T","M","$","T","M","M","R","B",null,"M","M","?","M","?","R","M","M","T","M","M","$","?","M","R","B"],"character_chosen":"THE_SILENT","items_purchased":["Replay:Wax Seal","ReplayTheSpireMod:Brewmster","Noxious Fumes","Elixir","Caltrops","Sling","Membership Card","Grinning Jar","Shuriken"],"campfire_rested":5,"item_purchase_floors":[5,5,5,5,21,28,46,46,46],"current_hp_per_floor":[70,42,42,42,42,42,42,18,18,18,16,16,8,8,29,11,70,54,54,54,54,54,30,20,41,41,29,29,29,19,19,40,39,70,63,53,53,53,53,70,65,64,64,52,42,42,42,5,25,0,0],"gold":204,"neow_bonus":"BOSS_RELIC","is_daily":false,"chose_seed":false,"campfire_upgraded":0,"win_rate":0.0,"timestamp":1608159006,"path_taken":["M","?","?","M","?","R","?","?","T","?","?","?","E","M","R","BOSS","M","?","?","$","?","E","M","R","T","M","?","?","M","?","R","BOSS","M","M","?","?","?","R","?","?","T","M","M","?","?","M","R","BOSS"],"items_purchased_type":["Relic","Card","Card","Potion","Card","Relic","Relic","Relic","Relic"],"build_version":"2020-12-13","purchased_purges":2,"victory":false,"max_hp_per_floor":[70,70,70,70,70,70,70,70,70,70,70,70,70,70,70,70,70,70,70,70,70,70,70,70,70,70,70,70,70,70,70,70,70,70,70,70,70,70,70,70,70,70,70,70,70,67,67,67,67,67,67],"card_choices":[{"not_picked":["ReplayTheSpireMod:Speed Training","Prepared"],"picked":"Bane","floor":1},{"not_picked":["Dagger Throw","Flying Knee"],"picked":"Poisoned Stab","floor":2},{"not_picked":["Blur","Dodge and Roll"],"picked":"Bane","floor":3},{"not_picked":["Blade Dance","Hidden Blade"],"picked":"Flying Knee","floor":4},{"not_picked":["Dodge and Roll","Footwork"],"picked":"Acrobatics","floor":8},{"not_picked":["Dodge and Roll","Dash"],"picked":"Quick Slash","floor":11},{"not_picked":["Expertise","Skewer"],"picked":"Hidden Blade","floor":13},{"not_picked":["ReplayTheSpireMod:Necrosis","Blade Dance"],"picked":"Replay:Poison Smokescreen","floor":14},{"not_picked":["Wraith Form v2","Atom Bomb"],"picked":"Corpse Explosion","floor":16},{"not_picked":["Heel Hook","Eviscerate"],"picked":"Poisoned Stab+1","floor":18},{"not_picked":["Fluid Movement+1","Concentrate+1"],"picked":"Poisoned Stab+1","floor":23},{"not_picked":["Hidden Blade","Slice"],"picked":"Deadly Poison","floor":24},{"not_picked":["PiercingWail","Dash","Fluid Movement"],"picked":"Prepared","floor":27},{"not_picked":["Cloak And Dagger","Quick Slash","Calculated Gamble"],"picked":"Phantasmal Killer","floor":30},{"not_picked":["Dodge and Roll","Flying Knee","Flechettes"],"picked":"Backflip+1","floor":31},{"not_picked":["Storm of Steel","Grand Finale","Night Terror"],"picked":"Burst","floor":33},{"not_picked":["Flying Knee+1","Well Laid Plans","ReplayTheSpireMod:The Works+1"],"picked":"Poisoned Stab+1","floor":35},{"not_picked":["Endless Agony+1","Blade Dance","Prepared"],"picked":"Dagger Throw","floor":36},{"not_picked":["Accuracy","Heel Hook","Flying Knee"],"picked":"Footwork+1","floor":38},{"not_picked":["Dodge and Roll","Leg Sweep","Outmaneuver+1"],"picked":"Bane+1","floor":41},{"not_picked":["Poisoned Stab","ReplayTheSpireMod:Necrosis","Sneak Up"],"picked":"Draining Mist+1","floor":42},{"not_picked":["Hidden Blade","Backstab","PiercingWail+1"],"picked":"Deadly Poison","floor":44},{"not_picked":["Heel Hook","Choke+1","Well Laid Plans","Slice"],"picked":"SKIP","floor":45},{"not_picked":["Prepared+1","Dagger Spray+1","Hidden Blade"],"picked":"ReplayTheSpireMod:Tripwire","floor":47},{"not_picked":["Underhanded Strike+1","Sucker Punch","Unload","Quick Slash+1"],"picked":"SKIP","floor":48}],"player_experience":338404,"relics_obtained":[{"floor":2,"key":"Replay:Bottled Snecko"},{"floor":8,"key":"Odd Mushroom"},{"floor":12,"key":"Basket Of Snakes"},{"floor":13,"key":"Replay:Mystery Machine"},{"floor":23,"key":"Bottled Tornado"},{"floor":26,"key":"Question Card"},{"floor":29,"key":"Replay:WaspNest"},{"floor":43,"key":"Mummified Hand"},{"floor":47,"key":"Counterbalance"}],"event_choices":[{"damage_healed":42,"gold_gain":0,"player_choice":"Embrace","damage_taken":0,"max_hp_gain":0,"max_hp_loss":70,"event_name":"betterThird:BetterShining","floor":7,"gold_loss":0},{"damage_healed":0,"gold_gain":0,"player_choice":"Fought Mushrooms","damage_taken":0,"max_hp_gain":0,"max_hp_loss":0,"event_name":"Mushrooms","floor":8,"gold_loss":0},{"damage_healed":0,"gold_gain":175,"player_choice":"AGREE","damage_taken":132,"max_hp_gain":0,"max_hp_loss":0,"event_name":"betterThird:BetterSerpent","floor":10,"gold_loss":0},{"damage_healed":0,"gold_gain":0,"player_choice":"Ignored","damage_taken":0,"max_hp_gain":0,"max_hp_loss":0,"event_name":"Beggar","floor":19,"gold_loss":0},{"damage_healed":0,"gold_gain":0,"player_choice":"Ignored","damage_taken":0,"max_hp_gain":0,"max_hp_loss":0,"event_name":"Ghosts","floor":22,"gold_loss":0},{"damage_healed":0,"gold_gain":275,"player_choice":"Desecrate","damage_taken":0,"max_hp_gain":0,"max_hp_loss":0,"event_name":"Golden Shrine","floor":37,"gold_loss":0,"cards_obtained":["Regret"]},{"damage_healed":0,"gold_gain":0,"player_choice":"Bought 2 Potions","damage_taken":0,"max_hp_gain":0,"max_hp_loss":0,"event_name":"The Woman in Blue","floor":39,"gold_loss":0},{"damage_healed":0,"gold_gain":0,"player_choice":"Fight","damage_taken":0,"max_hp_gain":0,"max_hp_loss":0,"event_name":"MindBloom","floor":47,"gold_loss":0}],"is_beta":false,"boss_relics":[{"not_picked":["Busted Crown","Painkiller Herb"],"picked":"Pandora\u0027s Box"},{"not_picked":["ChewingGum","Honey Jar"],"picked":"SacredBark"}],"items_purged_floors":[46,46],"is_endless":false,"potions_floor_spawned":[3,4,8,14,18,23,36,41,48],"killed_by":"Donu and Deca","ascension_level":0}}