{"host":"m3n3m50k29zraad4","time":1608103957,"event":{"mods":["2.2 Compatiblity","Act Like it!","Aspiration","Bard","BaseMod","Better Note","Better Third Choice","Block Reminder","ChefMod","Clawfect","Conspire","Downfall","Duelist Mod","GifTheSpireLib","Glutton Mod","GungeonMod","Halation","Hermit","HololiveMod","Hubris","Infinite Spire","Jedi Mod","JesterMod","Jorbs\u0027s Wanderer Trilogy","Luminous","Mad Scientist","Minty Spire (QoL Compilation)","Potionbrewer","Quick Restart","Random Character Button","Relic Sorter","Relic Stats","Replay The Spire","Robot Space Explorer","Shop Mod","Spicy Shops","Spikes Relics","StSLib","Strawberry Spire","Stuff the Spire","SuperFastMode","The Blackbeard","The Bladedancer","The Bug Knight","The Clintock","The Construct","The Cursed","The Disciple","The Dragon Tamer","The Elementalist","The Forsaken","The Gatherer","The Hayseed","The Hierophant","The Kombatant","The Mystic","The Necromancer","The Poker Player","The Problem Sleuth","The Runesmith","The Senshi","The Servant 0.9.4","The Spell Scribe","The Wild Card","The Witch"],"gold_per_floor":[141,141,154,154,37,37,52,78,123,123,133,158,158,180,180,284,284,305,305,336,358,377,415,415,415,415,438,438,456,456,476,476,576,576,594,594,610,610,623,643,689,689,689,742,742,742,744,779,779,794],"floor_reached":51,"playtime":3202,"items_purged":["theDuelist:BeaverWarrior","theForsaken:PlagueCurse","TheSimpletonMod:Nettles"],"score":727,"play_id":"dc8bb918-9644-4ff5-a092-18b30800bb00","local_time":"20201216023237","is_ascension_mode":false,"campfire_choices":[{"data":"theDuelist:LightningBlade+1","floor":6,"key":"SMITH"},{"data":"theDuelist:KamionTimelord","floor":10,"key":"SMITH"},{"data":"theDuelist:BloodSparks","floor":13,"key":"SMITH"},{"data":"theDuelist:LightningBlade+2","floor":15,"key":"SMITH"},{"data":"theDuelist:GravityLash","floor":24,"key":"SMITH"},{"data":"theDuelist:LightningBlade+3","floor":28,"key":"SMITH"},{"data":"theDuelist:GravityLash","floor":30,"key":"SMITH"},{"floor":45,"key":"REST"},{"floor":49,"key":"REST"}],"circlet_count":0,"master_deck":["theDuelist:GravityLash+1","theDuelist:BlackPendant+1","theDuelist:LightningBlade+4","theDuelist:BigKoala","theDuelist:GravityLash+1","theDuelist:BloodSparks+1","infinitespire:Gouge+1","theDuelist:KamionTimelord+1","theDuelist:BeaverWarrior","theDuelist:ScrapFactory","theDuelist:ReinforcementsArmy+1","theDuelist:GiantSoldier","theDuelist:FrontierWiseman","theDuelist:GiantSoldier","theDuelist:KamionTimelord+1","theDuelist:Sparks","theDuelist:CastleWalls"],"relics":["theDuelist:MillenniumPuzzle","theDuelist:CardPoolRelic","theDuelist:CardPoolBasicRelic","theDuelist:BoosterPackPoolRelic","theDuelist:CardPoolAddRelic","theDuelist:CardPoolMinusRelic","theDuelist:CardPoolSaveRelic","theDuelist:CardPoolOptionsRelic","halation:EternalFortune","Oddly Smooth Stone","SpikesRelics:DaevaFist","halation:IllGainedPizza","strawberrySpire:JuiceKeg","Thread and Needle","construct:BoolHorns","StuffTheSpire:HeavyRock","Cursed Key","hubris:MysteriousPyramids","Replay:WaspNest","Blood Vial","elementalistmod:YellowCirclet","Torii"],"acts_visited":["Exordium","TheCity","TheBeyond"],"potions_floor_usage":[8,48,48,50],"damage_taken":[{"damage":5,"enemies":"Jaw Worm","floor":1,"turns":6},{"damage":0,"enemies":"2 Louse","floor":3,"turns":3},{"damage":0,"enemies":"Cultist","floor":7,"turns":3},{"damage":2,"enemies":"Lagavulin","floor":8,"turns":5},{"damage":0,"enemies":"Red Slaver","floor":11,"turns":2},{"damage":24,"enemies":"3 Louse","floor":14,"turns":3},{"damage":4,"enemies":"Fading Forest","floor":16,"turns":11},{"damage":0,"enemies":"2 Thieves","floor":18,"turns":2},{"damage":6,"enemies":"3 Byrds","floor":20,"turns":3},{"damage":8,"enemies":"Sentry and Sphere","floor":21,"turns":4},{"damage":0,"enemies":"Centurion and Healer","floor":22,"turns":3},{"damage":4,"enemies":"Nightmare","floor":23,"turns":7},{"damage":0,"enemies":"Snake Plant","floor":27,"turns":2},{"damage":0,"enemies":"Snecko","floor":29,"turns":4},{"damage":0,"enemies":"Cultist and Chosen","floor":31,"turns":2},{"damage":8,"enemies":"conspire:MysteriousRune","floor":33,"turns":6},{"damage":9,"enemies":"3 Shapes","floor":35,"turns":3},{"damage":27,"enemies":"Orb Walker","floor":37,"turns":4},{"damage":16,"enemies":"Spire Growth","floor":39,"turns":3},{"damage":13,"enemies":"Jaw Worm Horde","floor":40,"turns":3},{"damage":37,"enemies":"Nightmare","floor":41,"turns":10},{"damage":0,"enemies":"HollowMod:StalkingDevout","floor":48,"turns":5},{"damage":50,"enemies":"Replay:Hell Engine","floor":50,"turns":8}],"seed_played":"3045549582239386927","potions_obtained":[{"floor":3,"key":"infinitespire:BlackPotion"},{"floor":8,"key":"theDuelist:StunPotion"},{"floor":14,"key":"Ancient Potion"},{"floor":16,"key":"Venom Potion"},{"floor":48,"key":"AttackPotion"}],"is_trial":false,"path_per_floor":["M","?","M","?","$","R","M","E","T","R","M","T","R","M","R","B",null,"M","?","M","M","M","NM","R","?","T","M","R","M","R","M","R","B",null,"M","?","M","AVR","M","M","NM","?","T","T","R","?","$","E","R","B",null],"character_chosen":"THE_DUELIST","items_purchased":["theDuelist:LightningBlade+1"],"campfire_rested":2,"item_purchase_floors":[5],"current_hp_per_floor":[87,80,84,87,87,87,91,89,89,89,89,89,89,69,69,77,107,107,107,101,97,97,93,93,93,93,96,96,96,96,96,114,109,117,115,115,88,88,72,59,22,22,22,22,59,59,47,52,90,42],"gold":794,"neow_bonus":"TEN_PERCENT_HP_BONUS","is_daily":false,"chose_seed":false,"campfire_upgraded":7,"win_rate":0.0,"timestamp":1608103957,"path_taken":["M","?","M","?","?","R","M","E","T","R","M","?","R","?","R","BOSS","M","?","?","M","M","NM","R","?","T","?","R","M","R","M","R","BOSS","M","?","M","AVR","M","?","NM","?","T","?","R","?","?","E","R","BOSS"],"items_purchased_type":["Card"],"build_version":"2020-12-13","purchased_purges":3,"victory":true,"max_hp_per_floor":[92,92,96,99,99,99,103,103,103,103,103,103,103,107,107,107,107,107,107,107,111,111,111,111,111,111,114,114,114,114,114,114,117,117,124,124,124,124,124,124,124,124,124,124,124,124,124,127,127,127],"relic_stats":{"Blood Vial":4,"Torii":4,"counters":[23,102],"Cursed Key":2,"obtain_stats":[{"construct:BoolHorns":26,"Torii":48,"Oddly Smooth Stone":8,"halation:IllGainedPizza":12,"Thread and Needle":23,"DemoMod:GlassGuonStoneRelic":7,"Replay:WaspNest":43,"theDuelist:MillenniumPuzzle":0,"theDuelist:CardPoolSaveRelic":0,"hubris:MysteriousPyramids":41,"Cursed Key":38,"Blood Vial":44,"theDuelist:BoosterPackPoolRelic":0,"theDuelist:CardPoolMinusRelic":0,"theDuelist:CardPoolBasicRelic":0,"StuffTheSpire:HeavyRock":38,"halation:EternalFortune":4,"elementalistmod:YellowCirclet":46,"theDuelist:CardPoolAddRelic":0,"theDuelist:CardPoolOptionsRelic":0,"SpikesRelics:DaevaFist":9,"strawberrySpire:JuiceKeg":17,"theDuelist:CardPoolRelic":0},{"construct:BoolHorns":12,"Torii":22,"Oddly Smooth Stone":4,"halation:IllGainedPizza":5,"Thread and Needle":12,"DemoMod:GlassGuonStoneRelic":3,"Replay:WaspNest":21,"theDuelist:MillenniumPuzzle":0,"theDuelist:CardPoolSaveRelic":0,"hubris:MysteriousPyramids":21,"Cursed Key":18,"Blood Vial":21,"theDuelist:BoosterPackPoolRelic":0,"theDuelist:CardPoolMinusRelic":0,"theDuelist:CardPoolBasicRelic":0,"StuffTheSpire:HeavyRock":18,"halation:EternalFortune":2,"elementalistmod:YellowCirclet":21,"theDuelist:CardPoolAddRelic":0,"theDuelist:CardPoolOptionsRelic":0,"SpikesRelics:DaevaFist":4,"strawberrySpire:JuiceKeg":7,"theDuelist:CardPoolRelic":0},{"construct:BoolHorns":52,"Torii":94,"Oddly Smooth Stone":17,"halation:IllGainedPizza":19,"Thread and Needle":52,"DemoMod:GlassGuonStoneRelic":12,"Replay:WaspNest":89,"theDuelist:MillenniumPuzzle":0,"theDuelist:CardPoolSaveRelic":0,"hubris:MysteriousPyramids":89,"Cursed Key":73,"Blood Vial":89,"theDuelist:BoosterPackPoolRelic":0,"theDuelist:CardPoolMinusRelic":0,"theDuelist:CardPoolBasicRelic":0,"StuffTheSpire:HeavyRock":73,"halation:EternalFortune":9,"elementalistmod:YellowCirclet":89,"theDuelist:CardPoolAddRelic":0,"theDuelist:CardPoolOptionsRelic":0,"SpikesRelics:DaevaFist":17,"strawberrySpire:JuiceKeg":33,"theDuelist:CardPoolRelic":0}]},"card_choices":[{"not_picked":["theDuelist:RainbowNeos","theDuelist:HappyLover","theDuelist:RainbowKuriboh","theDuelist:RainbowOverdragon"],"picked":"theDuelist:KamionTimelord","floor":1},{"not_picked":["theDuelist:UnderworldCannon","theDuelist:Invigoration","theDuelist:Eva","theDuelist:AssaultArmor"],"picked":"theDuelist:BigKoala","floor":3},{"not_picked":["theDuelist:MeteorDestruction","theDuelist:CoreBlaster","theDuelist:FusionWeapon","theDuelist:FuryFire","theDuelist:CrossAttack"],"picked":"SKIP","floor":7},{"not_picked":["theDuelist:AssaultArmor","theDuelist:DeltaAttacker","theDuelist:InfernoFireBlast","theDuelist:DarkFactory"],"picked":"theDuelist:FrontierWiseman","floor":8},{"not_picked":["theDuelist:SpellShatteringArrow","theDuelist:Hinotama","theDuelist:CombinationAttack","theDuelist:RainbowNeos","theDuelist:BerserkerCrush"],"picked":"SKIP","floor":11},{"not_picked":["theDuelist:BigFire","theDuelist:EgoBoost","theDuelist:WormApocalypse","theDuelist:MeteorDestruction","theDuelist:Tuningware"],"picked":"SKIP","floor":14},{"not_picked":["theDuelist:Wildfire","theDuelist:InstantFusion","theDuelist:GridRod","theDuelist:FeatherShot"],"picked":"theDuelist:GravityLash","floor":16},{"not_picked":["theDuelist:RainbowNeos+1","theDuelist:Eva","theDuelist:RainbowKuriboh","theDuelist:RainbowOverdragon"],"picked":"theDuelist:KamionTimelord+1","floor":18},{"not_picked":["theDuelist:SilentDoom+1","theDuelist:Sangan","theDuelist:CircleFireKings+1","theDuelist:PowerWall","theDuelist:FusionWeapon"],"picked":"SKIP","floor":20},{"not_picked":["theDuelist:DoubleTool","theDuelist:PowerKaishin","theDuelist:Eva","theDuelist:Hinotama","theDuelist:MeteorDestruction+1"],"picked":"SKIP","floor":21},{"not_picked":["theDuelist:WhiteHowling","theDuelist:ImperialOrder","theDuelist:GravityAxe","theDuelist:MiraculousDescent"],"picked":"SKIP","floor":22},{"not_picked":["ReplayTheSpireMod:Haul","ReplayTheSpireMod:Book of Names"],"picked":"infinitespire:Gouge","floor":23},{"not_picked":["theDuelist:FuryFire","theDuelist:Hinotama","theDuelist:DropOff","theDuelist:RainbowGravity"],"picked":"theDuelist:ReinforcementsArmy+1","floor":23},{"not_picked":["theDuelist:GridRod","theDuelist:Mathematician+1"],"picked":"theDuelist:GravityLash","floor":27},{"not_picked":["theDuelist:BattleguardKing","theDuelist:Fissure","theDuelist:MudGolem","theDuelist:GraniteLoyalist","theDuelist:LightningRodLord"],"picked":"SKIP","floor":29},{"not_picked":["theDuelist:RainbowNeos","theDuelist:KamionTimelord","theDuelist:HappyLover","theDuelist:Eva","theDuelist:YellowBelliedOni"],"picked":"SKIP","floor":31},{"not_picked":["theDuelist:MythicalBeast+1","theDuelist:PotDuality","theDuelist:WhiteMagicalHat","theDuelist:SolarWindJammer+1"],"picked":"theDuelist:BlackPendant+1","floor":35},{"not_picked":["theDuelist:EvilswarmHeliotrope+1","theDuelist:GraniteLoyalist+1","theDuelist:LightningDarts+1","theDuelist:ForbiddenLance","theDuelist:Hinotama+1"],"picked":"SKIP","floor":37},{"not_picked":["theDuelist:AttackTheMoon+1","theDuelist:FuryFire+1","theDuelist:GauntletWarrior+1","theDuelist:LightningVortex","theDuelist:BigFire+1"],"picked":"SKIP","floor":39},{"not_picked":["theDuelist:YamiForm","theDuelist:SwordsRevealing","theDuelist:GridRod","theDuelist:GravityLash","theDuelist:Mathematician+1"],"picked":"SKIP","floor":40},{"not_picked":["theDuelist:CrossAttack","theDuelist:BigFire","theDuelist:BlackPendant","theDuelist:AfterGenocide+1","theDuelist:BreakDraw"],"picked":"SKIP","floor":41},{"not_picked":["theDuelist:Mathematician","theDuelist:Wildfire","theDuelist:FeatherShot+1"],"picked":"SKIP","floor":48}],"player_experience":422284,"relics_obtained":[{"floor":8,"key":"Oddly Smooth Stone"},{"floor":9,"key":"SpikesRelics:DaevaFist"},{"floor":12,"key":"halation:IllGainedPizza"},{"floor":23,"key":"Thread and Needle"},{"floor":26,"key":"construct:BoolHorns"},{"floor":27,"key":"halation:EternalFortune"},{"floor":33,"key":"halation:EternalFortune"},{"floor":35,"key":"halation:EternalFortune"},{"floor":41,"key":"hubris:MysteriousPyramids"},{"floor":43,"key":"Replay:WaspNest"},{"floor":44,"key":"Blood Vial"},{"floor":48,"key":"halation:EternalFortune"},{"floor":48,"key":"Torii"}],"event_choices":[{"cards_removed":["theDuelist:FinalFlame"],"damage_healed":0,"gold_gain":0,"player_choice":"Card Removal","damage_taken":7,"max_hp_gain":0,"max_hp_loss":0,"event_name":"Golden Wing","floor":2,"gold_loss":0},{"damage_healed":0,"gold_gain":0,"player_choice":"Bought 0 Potions","damage_taken":0,"max_hp_gain":0,"max_hp_loss":0,"event_name":"The Woman in Blue","floor":19,"gold_loss":0},{"damage_healed":0,"gold_gain":0,"player_choice":"Ignored","damage_taken":0,"max_hp_gain":0,"max_hp_loss":0,"event_name":"betterNote:BetterNote","floor":25,"gold_loss":0,"cards_obtained":["potionbrewer:Accelerant"]},{"cards_removed":["theDuelist:CastleWalls"],"damage_healed":0,"gold_gain":0,"player_choice":"Offered Basic","damage_taken":0,"max_hp_gain":0,"max_hp_loss":0,"event_name":"Bonfire Elementals","floor":36,"gold_loss":0},{"total_magic_score":84,"gold_gain":0,"duelist":true,"damage_taken":0,"relics_obtained":[],"points":1,"max_hp_gain":0,"max_hp_loss":0,"spent_points":{"magic":1,"greed":0,"war":0,"power":0,"hunger":0},"event_name":"Nameless Tomb","floor":42,"gold_loss":0,"cards_obtained":[]}],"is_beta":false,"boss_relics":[{"not_picked":["Snecko Eye","halation:CatFaceCupcake"],"picked":"strawberrySpire:JuiceKeg"},{"not_picked":[]}],"items_purged_floors":[38,47,47],"is_endless":false,"potions_floor_spawned":[3,8,14,16,20,21,29,31,39,40,48],"ascension_level":0}}