{"host":"z9zlow7pt2vzlu59","time":1608093907,"event":{"mods":["AchievementEnabler","BaseMod","Colored Powertips","Minty Spire (QoL Compilation)","Permanent Neow"],"gold_per_floor":[119,44,44,63,77,106,119,119,119,19,30,57,57,57,57,57,57],"floor_reached":16,"playtime":509,"items_purged":["Strike_R","Defend_R"],"score":110,"play_id":"41aae7b3-7e93-48f2-bcba-081b8ab1e830","local_time":"20201215204507","is_ascension_mode":false,"campfire_choices":[{"floor":8,"key":"REST"},{"floor":15,"key":"REST"}],"circlet_count":0,"master_deck":["Strike_R","Strike_R","Defend_R","Defend_R","Bash","Shrug It Off","Body Slam"],"relics":["Burning Blood","Peace Pipe","Charon\u0027s Ashes","WingedGreaves","Golden Idol"],"acts_visited":["Exordium"],"potions_floor_usage":[12,16],"damage_taken":[{"damage":4,"enemies":"Jaw Worm","floor":1,"turns":7},{"damage":0,"enemies":"2 Louse","floor":4,"turns":4},{"damage":0,"enemies":"Small Slimes","floor":5,"turns":3},{"damage":51,"enemies":"3 Sentries","floor":6,"turns":15},{"damage":8,"enemies":"Blue Slaver","floor":7,"turns":6},{"damage":10,"enemies":"2 Fungi Beasts","floor":11,"turns":4},{"damage":20,"enemies":"Gremlin Nob","floor":12,"turns":4},{"damage":40,"enemies":"Hexaghost","floor":16,"turns":9}],"seed_played":"1075147323394682603","potions_obtained":[{"floor":6,"key":"SteroidPotion"},{"floor":11,"key":"Explosive Potion"},{"floor":12,"key":"DuplicationPotion"}],"is_trial":false,"path_per_floor":["M","$","?","M","M","E","M","R","T","$","M","E","?","$","R","B"],"character_chosen":"IRONCLAD","items_purchased":[],"campfire_rested":2,"item_purchase_floors":[],"current_hp_per_floor":[58,58,51,57,63,18,16,40,40,40,36,22,22,22,44,4,4],"gold":57,"neow_bonus":"REMOVE_TWO","is_daily":false,"chose_seed":false,"campfire_upgraded":0,"win_rate":0.0,"timestamp":1608093907,"path_taken":["M","$","?","M","M","E","M","R","T","$","M","E","?","$","R","BOSS"],"items_purchased_type":[],"build_version":"2020-12-13","purchased_purges":2,"victory":false,"max_hp_per_floor":[80,80,80,80,80,80,80,80,80,80,80,80,74,74,74,74,74],"card_choices":[{"not_picked":["True Grit","Flex","Clothesline"],"picked":"SKIP","floor":1},{"not_picked":["Anger","Fire Breathing","Twin Strike"],"picked":"SKIP","floor":4},{"not_picked":["Thunderclap","Reckless Charge","Sword Boomerang"],"picked":"SKIP","floor":5},{"not_picked":["Sword Boomerang","Battle Trance","Thunderclap"],"picked":"SKIP","floor":6},{"not_picked":["Pummel","Sentinel","Wild Strike"],"picked":"SKIP","floor":7},{"not_picked":["Immolate","True Grit"],"picked":"Shrug It Off","floor":11},{"not_picked":["Perfected Strike","Dark Embrace"],"picked":"Body Slam","floor":12}],"player_experience":125120,"relics_obtained":[{"floor":6,"key":"Peace Pipe"},{"floor":9,"key":"Charon\u0027s Ashes"},{"floor":12,"key":"WingedGreaves"}],"event_choices":[{"cards_removed":["Defend_R"],"damage_healed":0,"gold_gain":0,"player_choice":"Card Removal","damage_taken":7,"max_hp_gain":0,"max_hp_loss":0,"event_name":"Golden Wing","floor":3,"gold_loss":0},{"damage_healed":0,"gold_gain":0,"player_choice":"Lose Max HP","damage_taken":0,"relics_obtained":["Golden Idol"],"max_hp_gain":0,"max_hp_loss":6,"event_name":"Golden Idol","floor":13,"gold_loss":0}],"is_beta":false,"boss_relics":[],"items_purged_floors":[2,10],"is_endless":false,"potions_floor_spawned":[6,11,12],"killed_by":"Hexaghost","ascension_level":0}}