{"host":"b94931fzay7ri6da","time":1608094604,"event":{"mods":["AchievementEnabler","BaseMod","Colored Map","Colored Powertips","Downfall","Minty Spire (QoL Compilation)","Quick Restart","StSLib","SuperFastMode"],"gold_per_floor":[112,112,287,32,32,65,65,78,78,24,24,39,52,66,66,163,163,179,179,43,43,43,55,55,55,55],"floor_reached":25,"playtime":1195,"items_purged":["Doubt","Regret"],"score":249,"play_id":"0d06a02c-cb96-4a53-be49-a7ed2981f491","local_time":"20201216045644","is_ascension_mode":false,"campfire_choices":[{"data":"FlurryOfBlows","floor":11,"key":"SMITH"},{"floor":15,"key":"REST"},{"data":"BattleHymn","floor":24,"key":"SMITH"}],"circlet_count":0,"master_deck":["Defend_P","Defend_P","Defend_P","Defend_P","Eruption","Vigilance+1","Consecrate","Dark Shackles","Adaptation","JustLucky","Crescendo","FlurryOfBlows","FlurryOfBlows+1","WindmillStrike","BattleHymn+1","FollowUp","DeusExMachina","Protect","Slimebound:Tackle+1","Slimebound:Tackle+1","Slimebound:Tackle+1","ReachHeaven","Collect+1"],"relics":["PureWater","CaptainsWheel","Vajra","HornCleat","Velvet Choker","Nilry\u0027s Codex"],"acts_visited":["Exordium","TheCity"],"potions_floor_usage":[],"damage_taken":[{"damage":6,"enemies":"Jaw Worm","floor":1,"turns":4},{"damage":32,"enemies":"Lagavulin","floor":6,"turns":4},{"damage":0,"enemies":"Small Slimes","floor":8,"turns":3},{"damage":0,"enemies":"2 Louse","floor":12,"turns":2},{"damage":0,"enemies":"Looter","floor":13,"turns":2},{"damage":11,"enemies":"Gremlin Gang","floor":14,"turns":2},{"damage":3,"enemies":"Slime Boss","floor":16,"turns":5},{"damage":0,"enemies":"Spheric Guardian","floor":18,"turns":2},{"damage":13,"enemies":"Shell Parasite","floor":23,"turns":2},{"damage":40,"enemies":"Centurion and Healer","floor":25,"turns":3}],"seed_played":"-8311475452298248469","potions_obtained":[{"floor":6,"key":"SkillPotion"},{"floor":12,"key":"Dexterity Potion"},{"floor":14,"key":"Guardian:BlockOnCardUsePotion"}],"is_trial":false,"path_per_floor":["M","?","?","$","?","E","?","M","T","$","R","M","M","M","R","B",null,"M","?","$","?","$","M","R","M"],"character_chosen":"WATCHER","items_purchased":["Dark Shackles","Adaptation","JustLucky","FlurryOfBlows","ReachHeaven"],"campfire_rested":1,"item_purchase_floors":[4,4,4,10,20],"current_hp_per_floor":[73,73,73,73,73,41,41,41,41,41,41,41,41,30,53,50,79,79,79,79,63,63,50,50,10,10],"gold":55,"neow_bonus":"TEN_PERCENT_HP_BONUS","is_daily":false,"chose_seed":false,"campfire_upgraded":2,"win_rate":0.0,"timestamp":1608094604,"path_taken":["M","?","?","$","?","E","?","M","T","?","R","M","?","M","R","BOSS","M","?","$","?","?","M","R","M"],"items_purchased_type":["Card","Card","Card","Card","Card"],"build_version":"2020-12-13","purchased_purges":2,"victory":false,"max_hp_per_floor":[79,79,79,79,79,79,79,79,79,79,79,79,79,79,79,79,79,79,79,79,79,79,79,79,79,79],"card_choices":[{"not_picked":["Protect","ClearTheMind"],"picked":"Consecrate","floor":1},{"not_picked":["Nirvana","Consecrate"],"picked":"Crescendo","floor":6},{"not_picked":["TalkToTheHand","Consecrate"],"picked":"FlurryOfBlows","floor":8},{"not_picked":["EmptyBody","FlyingSleeves"],"picked":"WindmillStrike","floor":12},{"not_picked":["FlyingSleeves","FollowUp"],"picked":"BattleHymn","floor":13},{"not_picked":["Consecrate","BowlingBash"],"picked":"FollowUp","floor":14},{"not_picked":["Establishment","Ragnarok"],"picked":"DeusExMachina","floor":16},{"not_picked":["ThirdEye","Collect+1"],"picked":"Protect","floor":18},{"not_picked":["Pray","SignatureMove"],"picked":"Collect+1","floor":23}],"player_experience":292927,"relics_obtained":[{"floor":6,"key":"CaptainsWheel"},{"floor":9,"key":"HornCleat"},{"floor":21,"key":"Nilry\u0027s Codex"}],"event_choices":[{"damage_healed":0,"gold_gain":0,"player_choice":"Grow","damage_taken":0,"max_hp_gain":0,"max_hp_loss":0,"event_name":"Living Wall","floor":2,"gold_loss":0,"cards_upgraded":["Vigilance"]},{"damage_healed":0,"gold_gain":175,"player_choice":"AGREE","damage_taken":0,"max_hp_gain":0,"max_hp_loss":0,"event_name":"Liars Game","floor":3,"gold_loss":0,"cards_obtained":["Doubt"]},{"damage_healed":0,"gold_gain":0,"player_choice":"Ignored","damage_taken":0,"max_hp_gain":0,"max_hp_loss":0,"event_name":"Golden Wing","floor":5,"gold_loss":0},{"damage_healed":0,"gold_gain":0,"player_choice":"Box","damage_taken":0,"relics_obtained":["Vajra"],"max_hp_gain":0,"max_hp_loss":0,"event_name":"Big Fish","floor":7,"gold_loss":0,"cards_obtained":["Regret"]},{"damage_healed":0,"gold_gain":0,"player_choice":"Obtained Book","damage_taken":16,"max_hp_gain":0,"max_hp_loss":0,"event_name":"Cursed Tome","floor":21,"gold_loss":0}],"is_beta":false,"boss_relics":[{"not_picked":["Pandora\u0027s Box","Busted Crown"],"picked":"Velvet Choker"}],"items_purged_floors":[4,20],"is_endless":false,"potions_floor_spawned":[6,12,14,18,23],"killed_by":"Centurion and Healer","ascension_level":0}}