{"host":"6gwm7y0tp7acoxay","time":1608104081,"event":{"mods":["BaseMod","Colored Map","Keyboard Shortcuts","Minty Spire (QoL Compilation)","Quick Restart","StSLib","SuperFastMode","everything is the same but u backflip on backflip"],"gold_per_floor":[110,185,22,22,22,57,89,89,89],"floor_reached":8,"playtime":195,"items_purged":[],"score":174,"play_id":"7dbbc3ed-fb3f-4b96-9318-180faea86c3f","local_time":"20201216163441","daily_mods":["SealedDeck","Heirloom","Flight"],"is_ascension_mode":true,"campfire_choices":[],"circlet_count":0,"master_deck":["AscendersBane","Sweeping Beam","Cold Snap","Rip and Tear+1","Beam Cell","White Noise","Redo","Chaos+1","Beam Cell","Go for the Eyes","Glacier","Coolheaded","Panacea"],"relics":["Cracked Core","Calipers","Boot","Singing Bowl"],"acts_visited":["Exordium"],"potions_floor_usage":[],"damage_taken":[{"damage":1,"enemies":"Small Slimes","floor":1,"turns":2},{"damage":0,"enemies":"Lagavulin","floor":6,"turns":6},{"damage":19,"enemies":"Gremlin Nob","floor":7,"turns":4},{"damage":14,"enemies":"3 Sentries","floor":8,"turns":4}],"seed_played":"1606628804903943747","potions_obtained":[],"is_trial":true,"path_per_floor":["M","?","$","?","?","E","E","E"],"character_chosen":"DEFECT","items_purchased":["Coolheaded","Panacea"],"campfire_rested":0,"item_purchase_floors":[3,3],"current_hp_per_floor":[63,52,52,52,31,31,14,0,0],"gold":89,"neow_bonus":"","is_daily":false,"chose_seed":false,"campfire_upgraded":0,"win_rate":0.0,"timestamp":1608104081,"path_taken":["M","?","$","?","?","E","E","E"],"items_purchased_type":["Card","Card"],"build_version":"2020-12-13","purchased_purges":0,"victory":false,"max_hp_per_floor":[71,71,71,71,71,71,73,73,73],"card_choices":[{"not_picked":["Turbo","Sweeping Beam","Go for the Eyes"],"picked":"SKIP","floor":1},{"not_picked":["Sweeping Beam","Tempest","BootSequence"],"picked":"SKIP","floor":6},{"not_picked":["Steam Power","Stack","Rebound"],"picked":"Singing Bowl","floor":7}],"player_experience":4281176,"relics_obtained":[{"floor":6,"key":"Boot"},{"floor":7,"key":"Singing Bowl"}],"event_choices":[{"damage_healed":0,"gold_gain":75,"player_choice":"Gather Gold","damage_taken":11,"max_hp_gain":0,"max_hp_loss":0,"event_name":"World of Goop","floor":2,"gold_loss":0},{"damage_healed":0,"gold_gain":0,"player_choice":"Ignored","damage_taken":0,"max_hp_gain":0,"max_hp_loss":0,"event_name":"Golden Wing","floor":4,"gold_loss":0},{"damage_healed":0,"gold_gain":0,"player_choice":"Entered Light","damage_taken":21,"max_hp_gain":0,"max_hp_loss":0,"event_name":"Shining Light","floor":5,"gold_loss":0,"cards_upgraded":["Chaos","Rip and Tear"]}],"is_beta":false,"boss_relics":[],"items_purged_floors":[],"is_endless":false,"potions_floor_spawned":[],"killed_by":"3 Sentries","ascension_level":20}}