{"host":"4qt77pm52ljaz00q","time":1608136596,"event":{"mods":["2.2 Compatiblity","Aspiration","Bard","BaseMod","Beaked The Cultist","Challenge The Spire","Colored Map","Conspire","Friendly Minions","Glutton Mod","Halation","Hermit","Hubris","Infinite Spire","Jedi Mod","Mad Scientist","Marisa????????","Mimic Mod","Minty Spire (QoL Compilation)","Permanent Neow","Relic Sorter","Replay The Spire","Shade Mod","Shop Mod","Spires And Sneckos","StSLib","The Bladedancer","The Bug Knight","The Construct","The Cursed","The Disciple","The Jungle","The Mystic","The Poker Player","The Runesmith","The Servant 0.9.4","Unknown Chances","Wandering Minibosses","vexMod"],"gold_per_floor":[112,112,127,146,146,176,176,206,206,224,239,266,280,298,298,401,401,414,439,439,439],"floor_reached":20,"playtime":981,"items_purged":[],"score":240,"play_id":"961246cb-af2e-4a19-a448-5d5e1bf666b0","local_time":"20201216113636","is_ascension_mode":false,"campfire_choices":[{"data":"Engulf","floor":7,"key":"SMITH"},{"floor":15,"key":"REST"}],"circlet_count":0,"master_deck":["Allegro","Misterioso","Allegro","Allegro","Strike_Br","Strike_Br","Strike_Br","Defend_Br","Defend_Br","Defend_Br","PatternShift","Engulf+1","White Noise","HandsUpB","LockedCalendar+1","LockedThread","BeatsPerMinute","HandsUpB","Tempo","MasterKey","LockedBlood"],"relics":["m_MercuryCore","conspire:Boomerang","halation:SwordOfLegend","Thread and Needle","construct:ClawGrip"],"acts_visited":["Exordium","TheCity"],"potions_floor_usage":[6,8,14,19],"damage_taken":[{"damage":1,"enemies":"Cultist","floor":1,"turns":5},{"damage":9,"enemies":"Jaw Worm","floor":3,"turns":3},{"damage":0,"enemies":"Small Slimes","floor":4,"turns":3},{"damage":4,"enemies":"Lagavulin","floor":6,"turns":5},{"damage":27,"enemies":"3 Sentries","floor":8,"turns":5},{"damage":5,"enemies":"Red Slaver","floor":10,"turns":5},{"damage":8,"enemies":"Lots of Slimes","floor":11,"turns":4},{"damage":4,"enemies":"3 Louse","floor":12,"turns":3},{"damage":0,"enemies":"2 Fungi Beasts","floor":13,"turns":4},{"damage":0,"enemies":"Red Slaver","floor":14,"turns":1},{"damage":0,"enemies":"Slime Boss","floor":16,"turns":5},{"damage":35,"enemies":"2 Thieves","floor":18,"turns":5},{"damage":24,"enemies":"Shell Parasite","floor":19,"turns":5},{"damage":21,"enemies":"Sentry and Sphere","floor":20,"turns":3}],"seed_played":"-5735796272849952708","potions_obtained":[{"floor":1,"key":"Block Potion"},{"floor":3,"key":"jedi:StrikingPotion"},{"floor":11,"key":"conspire:TimeTravelPotion"},{"floor":12,"key":"Fire Potion"},{"floor":14,"key":"SpeedPotion"},{"floor":16,"key":"GamblersBrew"}],"is_trial":false,"path_per_floor":["M","?","M","M","?","E","R","E","T","M","M","M","M","M","R","B",null,"M","M","M"],"character_chosen":"CHRONO_CLASS","items_purchased":[],"campfire_rested":1,"item_purchase_floors":[],"current_hp_per_floor":[58,58,49,49,49,45,45,18,18,13,5,1,1,1,30,30,59,24,14,0,0],"gold":439,"neow_bonus":"REMOVE_TWO","is_daily":false,"chose_seed":false,"campfire_upgraded":1,"win_rate":0.0,"timestamp":1608136596,"path_taken":["M","?","M","M","?","E","R","E","T","?","M","M","M","M","R","BOSS","M","?","M"],"items_purchased_type":[],"build_version":"2020-12-13","purchased_purges":0,"victory":false,"max_hp_per_floor":[59,59,59,59,59,59,59,59,59,59,59,59,59,59,59,59,59,59,59,59,59],"card_choices":[{"not_picked":["HandsUpC","LockedMedicine"],"picked":"Engulf","floor":1},{"not_picked":["PrimeTime","LockedIceCream"],"picked":"HandsUpB","floor":3},{"not_picked":["AlternateTimeline","Heatsinks"],"picked":"LockedCalendar","floor":4},{"not_picked":["LockedIceCream","EscortCommand","Steam Power"],"picked":"SKIP","floor":6},{"not_picked":["HandsUpC","White Noise"],"picked":"LockedThread","floor":8},{"not_picked":["Self Repair","SlimeSpray"],"picked":"BeatsPerMinute","floor":10},{"not_picked":["Break","LockedBlood"],"picked":"HandsUpB","floor":11},{"not_picked":["LockedMawBank","PrimeTime","BiteCommand"],"picked":"SKIP","floor":12},{"not_picked":["Fragmentalize","ExoVibe"],"picked":"Tempo","floor":13},{"not_picked":["LockedIceCream","ReapSow","LockedScales"],"picked":"SKIP","floor":14},{"not_picked":["LockedFlame","Machine Learning"],"picked":"MasterKey","floor":16},{"not_picked":["EscortCommand+1","HandsUpC","LockedAnchor+1"],"picked":"SKIP","floor":18},{"not_picked":["Break","Engulf"],"picked":"LockedBlood","floor":19}],"player_experience":192555,"relics_obtained":[{"floor":6,"key":"conspire:Boomerang"},{"floor":8,"key":"halation:SwordOfLegend"},{"floor":9,"key":"Thread and Needle"}],"event_choices":[{"damage_healed":0,"gold_gain":0,"player_choice":"Upgraded","damage_taken":0,"max_hp_gain":0,"max_hp_loss":0,"event_name":"Upgrade Shrine","floor":5,"gold_loss":0,"cards_upgraded":["LockedCalendar"]}],"is_beta":false,"boss_relics":[{"not_picked":["aspiration:ServantSkillbook","Painkiller Herb"],"picked":"construct:ClawGrip"}],"items_purged_floors":[],"is_endless":false,"potions_floor_spawned":[1,3,11,12,14,16,18],"killed_by":"Sentry and Sphere","ascension_level":0}}