{"host":"wxm9nhpxzwflah6x","time":1608104026,"event":{"mods":["2.2 Compatiblity","AchievementEnabler","BaseMod","Bestiary","Better Third Choice","Curses Come First","Minty Spire (QoL Compilation)","Quick Restart","Rare Cards Sparkle","Replay The Spire","StSLib","The Blue Laboratory"],"gold_per_floor":[109,126,142,168,178,178,205,205,275,275,300,311,311,344,344],"floor_reached":14,"playtime":463,"items_purged":[],"score":127,"play_id":"4e9eea94-1689-4b31-976a-d3704af18c0a","local_time":"20201215233346","is_ascension_mode":true,"campfire_choices":[{"floor":6.0,"key":"REST"},{"floor":10,"key":"REST"},{"floor":13,"key":"REST"}],"circlet_count":0,"master_deck":["Strike_B","Strike_B","Strike_B","Strike_B","Defend_B","Defend_B+1","Defend_B","Defend_B","Zap","Dualcast","Tempest","Thunder Strike","Loop","Defragment","Steam","Leap"],"relics":["Ring of Chaos","Blue Doll","Mummified Hand","Iron Hammer","DataDisk","Replay:Bottled Steam"],"acts_visited":["Exordium"],"potions_floor_usage":[7,11,14],"damage_taken":[{"damage":6.0,"enemies":"Cultist","floor":1.0,"turns":3.0},{"damage":2.0,"enemies":"2 Louse","floor":2.0,"turns":3.0},{"damage":12.0,"enemies":"Jaw Worm","floor":3.0,"turns":3.0},{"damage":23.0,"enemies":"Red Slaver","floor":5.0,"turns":3.0},{"damage":25,"enemies":"Lagavulin","floor":7,"turns":6},{"damage":24,"enemies":"3 Sentries","floor":11,"turns":4},{"damage":13,"enemies":"Large Slime","floor":12,"turns":4},{"damage":22,"enemies":"Gremlin Nob","floor":14,"turns":5}],"seed_played":"-8874435959765877803","potions_obtained":[{"floor":5.0,"key":"FocusPotion"},{"floor":7,"key":"Fire Potion"},{"floor":11,"key":"PowerPotion"},{"floor":14,"key":"blueLaboratory:SavagePotion"}],"is_trial":false,"path_per_floor":["M","M","M","T","M","R","E","?","T","R","E","M","R","E"],"character_chosen":"DEFECT","items_purchased":[],"campfire_rested":3,"item_purchase_floors":[],"current_hp_per_floor":[69,67,55,55,32,54,29,29,29,51,27,14,36,14,14],"gold":344,"neow_bonus":"BOSS_RELIC","is_daily":false,"chose_seed":false,"campfire_upgraded":0,"win_rate":0.0,"timestamp":1608104026,"path_taken":["M","M","M","?","M","R","E","?","T","R","E","M","R","E"],"items_purchased_type":[],"build_version":"2020-12-13","purchased_purges":0,"victory":false,"max_hp_per_floor":[75,75,75,75,75,75,75,75,75,75,75,75,75,75,75],"card_choices":[{"not_picked":["BasicCrystalCard","Sweeping Beam"],"picked":"Tempest","floor":1.0},{"not_picked":["Beam Cell","Gash","Time Bomb"],"picked":"SKIP","floor":2.0},{"not_picked":["Stack","ReplayTheSpireMod:Reroute Power"],"picked":"Thunder Strike","floor":3.0},{"not_picked":["Stack","Cold Snap"],"picked":"Loop","floor":5.0},{"not_picked":["Sweeping Beam","Conserve Battery"],"picked":"Defragment","floor":7},{"not_picked":["Reprogram","Coolheaded"],"picked":"Steam","floor":11},{"not_picked":["Sweeping Beam","ReplayTheSpireMod:Calculation Training"],"picked":"Leap","floor":12}],"player_experience":212930,"relics_obtained":[{"floor":4.0,"key":"Blue Doll"},{"floor":7,"key":"Mummified Hand"},{"floor":9,"key":"Iron Hammer"},{"floor":11,"key":"DataDisk"},{"floor":14,"key":"Replay:Bottled Steam"}],"event_choices":[],"is_beta":false,"boss_relics":[],"items_purged_floors":[],"is_endless":false,"potions_floor_spawned":[5,7,11,14],"killed_by":"Gremlin Nob","ascension_level":3}}