{"host":"j9rq22nraqsrbvz2","time":1608131683,"event":{"mods":["AchievementEnabler","Act Like it!","BaseMod","BetterRewards","Colored Map","Colored Powertips","Conspire","Downfall","Friendly Minions","GifTheSpireLib","Googly Eyes","Gremlin Mod","Halation","Hallownest","Hermit","Hubris","Hunter ??","Kiyohime????","Mimic Mod","Minty Spire (QoL Compilation)","Replay The Spire","Shop Mod","StSLib","Stuff the Spire","The Administrix","The Bug Knight","The Factory","The IronCluck","The Jungle","TheBandit"],"gold_per_floor":[99,131,131,142,155,80,80,80,136,136,136,155,168,343,360,464,464,464,476,476,476,490,43,92,116,116,116,0,0,19,34,47,150,150,150,162,197,197,211,211,211,12,12,46,119,119,35,86,97,97],"floor_reached":51,"playtime":6824,"items_purged":["Languid","Doubt"],"score":973,"play_id":"b2481042-5c5d-49e6-9b05-8d61b314992d","local_time":"20201216101443","is_ascension_mode":false,"campfire_choices":[{"floor":1,"key":"RECALL"},{"floor":6,"key":"REST"},{"data":"champ:DeathBlow","floor":8,"key":"SMITH"},{"floor":10,"key":"REST"},{"data":"champ:IgnorePain","floor":18,"key":"SMITH"},{"data":"champ:Riposte","floor":21,"key":"SMITH"},{"data":"expansioncontent:Corrupt","floor":26,"key":"SMITH"},{"data":"champ:Backstep","floor":35,"key":"SMITH"},{"data":"expansioncontent:YouAreMine","floor":38,"key":"SMITH"},{"data":"expansioncontent:HyperBeam","floor":43,"key":"SMITH"}],"circlet_count":0,"master_deck":["champ:Strike","champ:Strike+1","champ:Strike","champ:Strike","champ:Defend+1","champ:Defend","champ:Defend","champ:Defend","champ:Execute+1","champ:Taunt+1","champ:StanceDance","StuffTheSpire:Innocence","champ:PerfectedStrike+1","champ:DeathBlow+1","champ:Haymaker+1","Regret","champ:BringItOn","champ:FocusedBerserking","champ:AdrenalArmor","champ:IgnorePain+1","champ:Riposte+1","champ:GladiatorStyle+1","expansioncontent:YouAreMine+1","expansioncontent:Corrupt+1","ReplayTheSpireMod:IOU","ReplayTheSpireMod:IOU","ReplayTheSpireMod:IOU","champ:BladeFlurry","ReplayTheSpireMod:IOU","expansioncontent:GoopSpray","ReplayTheSpireMod:IOU","ReplayTheSpireMod:IOU","champ:Devastate","champ:Backstep+1","champ:Shatter","champ:DancingMaster","champ:IronFortress","champ:FanOfKnives+1","champ:FocusedGladiator","Hallucinations","champ:CrownThrow","ReplayTheSpireMod:IOU","ReplayTheSpireMod:IOU","ReplayTheSpireMod:IOU","ReplayTheSpireMod:IOU","ReplayTheSpireMod:IOU","expansioncontent:Corrupt+1","ReplayTheSpireMod:IOU","expansioncontent:HyperBeam+1","ReplayTheSpireMod:IOU","champ:CrookedStrike","ReplayTheSpireMod:IOU","champ:VampiricStrike","champ:MurderStrike","champ:TornadoPunch+1","expansioncontent:Sear","champ:Duel","champ:DeathBlow","champ:Backstep","champ:BerserkersShout","champ:CalledShot","ReplayTheSpireMod:IOU","Sadistic Nature","ReplayTheSpireMod:IOU","ReplayTheSpireMod:IOU","ReplayTheSpireMod:IOU","champ:Encircle"],"relics":["champ:ChampionCrown","Whetstone","downfall:HeartBlessingRed","Replay:Mystery Machine","Honey Jar","Strawberry","Replay:Wax Seal","Orichalcum","Ring of Panic","ReplayTheSpireMod:Ring of Collecting","StuffTheSpire:ForceGauntlet","Blood Vial","MerchantsRug","Cursed Key","Lizard Tail","halation:PinkSoulGem","Ring of Searing","hubris:GlazedTorus","Gambling Chip","DollysMirror","Happy Flower","BargainBundle","Boot","Mummified Hand"],"acts_visited":["Exordium","TheCity","TheBeyond"],"potions_floor_usage":[16,16,16,19,33,33,33,33,44,47,48,48,48,50,50,50,50],"damage_taken":[{"damage":43,"enemies":"3 Sentries","floor":2,"turns":10},{"damage":4,"enemies":"Small Slimes","floor":4,"turns":3},{"damage":0,"enemies":"2 Louse","floor":5,"turns":3},{"damage":58,"enemies":"Lagavulin Event","floor":9,"turns":6},{"damage":0,"enemies":"Jaw Worm","floor":12,"turns":2},{"damage":3,"enemies":"3 Louse","floor":13,"turns":3},{"damage":18,"enemies":"Exordium Wildlife","floor":15,"turns":6},{"damage":40,"enemies":"downfall:Silent","floor":16,"turns":9},{"damage":21,"enemies":"Spheric Guardian","floor":19,"turns":4},{"damage":18,"enemies":"Shell Parasite","floor":22,"turns":6},{"damage":10,"enemies":"downfall:FleeingMerchant","floor":23,"turns":4},{"damage":27,"enemies":"downfall:FleeingMerchant","floor":28,"turns":4},{"damage":33,"enemies":"Sentry and Sphere","floor":30,"turns":2},{"damage":64,"enemies":"Shelled Parasite and Fungi","floor":31,"turns":8},{"damage":28,"enemies":"Snake Plant","floor":32,"turns":3},{"damage":62,"enemies":"downfall:Watcher","floor":33,"turns":11},{"damage":31,"enemies":"3 Shapes","floor":36,"turns":5},{"damage":31,"enemies":"conspire:MimicChest","floor":37,"turns":8},{"damage":0,"enemies":"3 Darklings","floor":39,"turns":3},{"damage":24,"enemies":"downfall:FleeingMerchant","floor":42,"turns":4},{"damage":57,"enemies":"Giant Head","floor":44,"turns":6},{"damage":16,"enemies":"Spire Growth","floor":47,"turns":3},{"damage":12,"enemies":"downfall:FleeingMerchant","floor":48,"turns":3},{"damage":29,"enemies":"4 Shapes","floor":49,"turns":1},{"damage":38,"enemies":"downfall:Ironclad","floor":50,"turns":6}],"seed_played":"-1081135403408884586","potions_obtained":[{"floor":4,"key":"Reflective Coating"},{"floor":12,"key":"champ:CounterPotion"},{"floor":13,"key":"SkillPotion"},{"floor":16,"key":"Explosive Potion"},{"floor":20,"key":"hexamod:EctoCoolerPotion"},{"floor":20,"key":"BlessingOfTheForge"},{"floor":20,"key":"Elixir"},{"floor":22,"key":"SkillPotion"},{"floor":30,"key":"Strength Potion"},{"floor":31,"key":"BlessingOfTheForge"},{"floor":39,"key":"Guardian:BlockOnCardUsePotion"},{"floor":45,"key":"PowerPotion"},{"floor":45,"key":"PowerPotion"},{"floor":45,"key":"hexamod:EctoCoolerPotion"},{"floor":49,"key":"PowerPotion"}],"is_trial":false,"path_per_floor":["R_BF","E","?","M","M","R","T","R","?","R","?","M","M","?","M","B",null,"R","M","?","R","M","$","T","T","R","?","$","?","M","M","M","B",null,"R","M","?","R","M","?","T","$","R","E","?","?","M","$","M","B",null],"character_chosen":"THE_CHAMP","items_purchased":["Strawberry","expansioncontent:YouAreMine","expansioncontent:Corrupt","StuffTheSpire:ForceGauntlet","Blood Vial","expansioncontent:GoopSpray","MerchantsRug","hubris:GlazedTorus","Gambling Chip","DollysMirror","expansioncontent:HyperBeam","BlessingOfTheForge","Slimebound:ThreeZeroPotion","BargainBundle","Boot","expansioncontent:Sear","champ:Duel","champ:DeathBlow","champ:Backstep","champ:BerserkersShout","champ:CalledShot","Languid Potion","sneckomod:MuddlingPotion","Guardian:BlockOnCardUsePotion","Sadistic Nature","Mummified Hand"],"campfire_rested":2,"item_purchase_floors":[23,23,23,28,28,28,28,42,42,42,42,42,42,48,48,48,48,48,48,48,48,48,48,48,48,48],"current_hp_per_floor":[99,66,59,63,63,92,92,92,64,93,93,93,90,90,77,56,99,99,99,99,99,91,106,106,106,106,106,106,106,103,78,86,45,106,106,77,96,96,98,98,98,106,106,101,101,101,111,101,94,92],"gold":97,"neow_bonus":"TEN_PERCENT_HP_BONUS","is_daily":false,"chose_seed":false,"campfire_upgraded":7,"win_rate":0.0,"timestamp":1608131683,"path_taken":["R_BF","E","?","M","M","R","T","R","?","R","?","M","M","?","M","BOSS","R","M","?","R","M","?","T","?","R","?","$","?","?","M","M","BOSS","R","M","?","R","M","?","T","?","R","E","?","?","M","?","M","BOSS"],"items_purchased_type":["Relic","Card","Card","Relic","Relic","Card","Relic","Relic","Relic","Relic","Card","Potion","Potion","Relic","Relic","Card","Card","Card","Card","Card","Card","Potion","Potion","Potion","Card","Relic"],"build_version":"2020-12-13","purchased_purges":2,"victory":true,"max_hp_per_floor":[99,99,99,99,99,99,99,99,99,99,99,99,99,99,99,99,99,99,99,99,99,99,106,106,106,106,106,106,106,106,106,106,106,106,106,106,106,106,106,106,106,106,106,111,111,111,111,111,111,111],"card_choices":[{"not_picked":["champ:Encircle","champ:Circumvent"],"picked":"champ:StanceDance","floor":2},{"not_picked":["champ:StanceDance","champ:Backstep"],"picked":"champ:PerfectedStrike","floor":4},{"not_picked":["champ:BladeFlurry","champ:AdrenalArmor"],"picked":"champ:DeathBlow","floor":5},{"not_picked":["champ:StanceDance","champ:Encircle"],"picked":"champ:Haymaker","floor":9},{"not_picked":["champ:DefensiveShout","champ:Haymaker"],"picked":"champ:BringItOn","floor":12},{"not_picked":["champ:FocusedGladiator","champ:ViciousMockery"],"picked":"champ:FocusedBerserking","floor":13},{"not_picked":["champ:DefensiveShout","champ:EndlessRage"],"picked":"champ:AdrenalArmor","floor":15},{"not_picked":["champ:HoldFirm","champ:SteelEdge"],"picked":"champ:IgnorePain","floor":16},{"not_picked":["champ:ArenaPreparation","champ:Haymaker","champ:DefensiveShout"],"picked":"champ:Riposte","floor":19},{"not_picked":["champ:BladeFlurry","champ:Circumvent","champ:AdrenalArmor"],"picked":"champ:GladiatorStyle+1","floor":22},{"not_picked":["champ:BerserkersShout","champ:GutPunch","champ:Duel+1"],"picked":"champ:FightOn","floor":23},{"not_picked":["champ:GutPunch","champ:FaceSlap+1","champ:CheapShot"],"picked":"champ:BladeFlurry","floor":28},{"not_picked":["champ:Backstep","champ:BringItOn","champ:BladeFlurry"],"picked":"champ:Devastate","floor":30},{"not_picked":["champ:DefensiveShout","champ:PreciseThrust+1","champ:AdrenalArmor"],"picked":"champ:Backstep","floor":31},{"not_picked":["champ:RapidStrikes","champ:Circumvent","champ:FlashCut"],"picked":"champ:Shatter","floor":32},{"not_picked":["champ:SwordThrow","champ:IgnorePain","champ:ShieldSlam"],"picked":"champ:DancingMaster","floor":33},{"not_picked":["champ:Circumvent","champ:PreciseThrust","champ:BladeFlurry+1"],"picked":"champ:IronFortress","floor":36},{"not_picked":["champ:Haymaker+1","champ:ShieldSlam","champ:GladiatorsShout"],"picked":"champ:FanOfKnives+1","floor":37},{"not_picked":["champ:Haymaker+1","champ:RecklessLeap","champ:GladiatorsShout"],"picked":"champ:FocusedGladiator","floor":39},{"not_picked":["champ:Haymaker+1","champ:BerserkersShout+1","champ:GladiatorsShout+1"],"picked":"champ:CrownThrow","floor":42},{"not_picked":["champ:FightOn","champ:BerserkersShout","champ:FanOfKnives+1"],"picked":"champ:CrookedStrike","floor":44},{"not_picked":["champ:Circumvent+1","champ:PerfectedStrike+1","champ:Duel"],"picked":"champ:VampiricStrike","floor":45},{"not_picked":["champ:BringItOn+1","champ:HeartStrike+1","champ:Backstep"],"picked":"champ:MurderStrike","floor":47},{"not_picked":["champ:RapidStrikes","champ:CalledShot+1","champ:FanOfKnives+1"],"picked":"champ:TornadoPunch+1","floor":48},{"not_picked":["champ:AdrenalArmor","champ:BerserkersShout+1","champ:FlashCut"],"picked":"champ:Encircle","floor":49}],"player_experience":96761,"relics_obtained":[{"floor":2,"key":"Whetstone"},{"floor":7,"key":"Replay:Mystery Machine"},{"floor":9,"key":"PreservedInsect"},{"floor":24,"key":"Replay:Wax Seal"},{"floor":25,"key":"Orichalcum"},{"floor":27,"key":"Ring of Panic"},{"floor":27,"key":"ReplayTheSpireMod:Ring of Collecting"},{"floor":37,"key":"Lizard Tail"},{"floor":41,"key":"Ring of Searing"},{"floor":44,"key":"Happy Flower"}],"event_choices":[{"damage_healed":0,"gold_gain":0,"player_choice":"Forge","damage_taken":0,"max_hp_gain":0,"max_hp_loss":0,"event_name":"Accursed Blacksmith","floor":29,"gold_loss":0,"cards_upgraded":["champ:Taunt"]},{"damage_healed":0,"gold_gain":0,"player_choice":"Leave","damage_taken":0,"max_hp_gain":0,"max_hp_loss":0,"event_name":"conspire:Investor","floor":46,"gold_loss":0}],"is_beta":false,"boss_relics":[{"not_picked":["halation:MonkeysPaw","hubris:Backtick"],"picked":"Honey Jar"},{"not_picked":["Pandora\u0027s Box","Painkiller Herb"],"picked":"Cursed Key"}],"items_purged_floors":[28,48],"is_endless":false,"potions_floor_spawned":[4,12,13,16,22,30,31,39,49],"ascension_level":0}}