{"host":"jc4h38xtrb09g8pb","time":1608127459,"event":{"mods":["AchievementEnabler","BaseMod","Colored Map","Minty Spire (QoL Compilation)","Permanent Neow","SuperFastMode"],"gold_per_floor":[119,139,89,89,100,126,126,151,151,170,182,22,22,39,39,144,144,158,58,76,92,92,92,102,127,153,180,199,199,199,199,199,300,300,318,334,130,144,160,160,173,173,173,191,191,219,21,39,39,39],"floor_reached":51,"playtime":3006,"items_purged":["Strike_G","Strike_G","Defend_G","Defend_G+1"],"score":1110,"play_id":"4acb07f5-eaab-43fd-9c95-b30515e05778","local_time":"20201216230419","is_ascension_mode":true,"campfire_choices":[{"floor":7,"key":"REST"},{"data":"Footwork","floor":13,"key":"SMITH"},{"data":"Deadly Poison","floor":15,"key":"SMITH"},{"data":"Envenom","floor":23,"key":"SMITH"},{"data":"Defend_G","floor":29,"key":"PURGE"},{"data":"Writhe","floor":32,"key":"PURGE"},{"data":"Defend_G+1","floor":40,"key":"PURGE"},{"data":"Burst","floor":42,"key":"SMITH"},{"data":"Noxious Fumes","floor":49,"key":"SMITH"}],"circlet_count":0,"master_deck":["Survivor+1","Neutralize","Predator","PiercingWail","Cloak And Dagger","Finisher","Venomology+1","Escape Plan","Footwork+1","Deadly Poison+1","Well Laid Plans","Envenom+1","Deadly Poison","Blade Dance","Blade Dance","Adrenaline","Cloak And Dagger","Noxious Fumes+1","Burst+1","Backflip","Blur","Backflip","Backflip+1","Adrenaline","Noxious Fumes+1"],"relics":["Ring of the Snake","Ninja Scroll","War Paint","Singing Bowl","Coffee Dripper","Snake Skull","Smiling Mask","Peace Pipe","Ancient Tea Set","SlaversCollar","Orrery","Meat on the Bone","Nunchaku","Potion Belt"],"acts_visited":["Exordium","TheCity","TheBeyond"],"potions_floor_usage":[6,6,10,11,16,18,18,20,21,21,24,25,25,28,33,33,33,33,35,35,36,38,39,44,46,46,46,48,50,50,50,50,50],"damage_taken":[{"damage":2,"enemies":"Jaw Worm","floor":1,"turns":6},{"damage":0,"enemies":"2 Louse","floor":2,"turns":3},{"damage":1,"enemies":"Small Slimes","floor":5,"turns":4},{"damage":20,"enemies":"Lagavulin","floor":6,"turns":7},{"damage":0,"enemies":"Gremlin Nob","floor":8,"turns":3},{"damage":0,"enemies":"2 Fungi Beasts","floor":10,"turns":1},{"damage":0,"enemies":"Exordium Wildlife","floor":11,"turns":2},{"damage":0,"enemies":"Looter","floor":14,"turns":1},{"damage":4,"enemies":"Hexaghost","floor":16,"turns":10},{"damage":3,"enemies":"Spheric Guardian","floor":18,"turns":3},{"damage":1,"enemies":"Shell Parasite","floor":20,"turns":7},{"damage":0,"enemies":"Snake Plant","floor":21,"turns":5},{"damage":0,"enemies":"3 Cultists","floor":24,"turns":7},{"damage":2,"enemies":"Slavers","floor":25,"turns":6},{"damage":16,"enemies":"Book of Stabbing","floor":27,"turns":5},{"damage":2,"enemies":"Sentry and Sphere","floor":28,"turns":5},{"damage":26,"enemies":"Collector","floor":33,"turns":6},{"damage":0,"enemies":"3 Shapes","floor":35,"turns":3},{"damage":2,"enemies":"Orb Walker","floor":36,"turns":3},{"damage":1,"enemies":"Sphere and 2 Shapes","floor":38,"turns":9},{"damage":0,"enemies":"Transient","floor":39,"turns":5},{"damage":0,"enemies":"Jaw Worm Horde","floor":41,"turns":4},{"damage":5,"enemies":"4 Shapes","floor":44,"turns":6},{"damage":29,"enemies":"Nemesis","floor":46,"turns":5},{"damage":0,"enemies":"Spire Growth","floor":48,"turns":3},{"damage":33,"enemies":"Time Eater","floor":50,"turns":11}],"seed_played":"7838337345203618950","potions_obtained":[{"floor":1,"key":"Poison Potion"},{"floor":5,"key":"SkillPotion"},{"floor":8,"key":"Fruit Juice"},{"floor":10,"key":"SkillPotion"},{"floor":16,"key":"Poison Potion"},{"floor":18,"key":"Weak Potion"},{"floor":21,"key":"ColorlessPotion"},{"floor":33,"key":"DistilledChaos"},{"floor":38,"key":"Fruit Juice"},{"floor":46,"key":"BlessingOfTheForge"},{"floor":48,"key":"LiquidBronze"}],"is_trial":false,"path_per_floor":["M","M","?","?","M","E","R","E","T","M","M","$","R","M","R","B",null,"M","$","M","M","?","R","M","E","T","E","M","R","?","?","R","B",null,"M","M","$","M","M","R","M","R","T","M","?","E","$","M","R","B",null],"character_chosen":"THE_SILENT","items_purchased":["Footwork","Deadly Poison","Orrery","Potion Belt"],"campfire_rested":1,"item_purchase_floors":[12,12,37,47],"current_hp_per_floor":[61,61,61,48,47,27,45,45,45,45,52,52,52,52,52,48,65,62,62,63,65,65,65,65,74,74,58,70,70,70,70,70,44,67,67,67,71,77,77,77,79,79,79,74,74,47,47,49,49,28],"gold":39,"neow_bonus":"REMOVE_TWO","is_daily":false,"chose_seed":false,"campfire_upgraded":5,"win_rate":0.0,"timestamp":1608127459,"path_taken":["M","M","?","?","M","E","R","E","T","M","M","?","R","M","R","BOSS","M","$","M","M","?","R","M","E","T","E","M","R","?","?","R","BOSS","M","M","$","M","M","R","M","R","T","M","?","E","$","M","R","BOSS"],"items_purchased_type":["Card","Card","Relic","Relic"],"build_version":"2020-12-13","purchased_purges":4,"victory":true,"max_hp_per_floor":[63,63,63,63,63,63,63,63,63,63,70,70,70,70,70,70,70,70,70,72,74,74,74,74,74,74,74,74,74,74,74,74,74,74,74,76,80,87,87,87,89,89,89,89,89,91,91,93,93,93],"card_choices":[{"not_picked":["Underhanded Strike","Bane"],"picked":"Predator","floor":1},{"not_picked":["Flechettes","Cloak And Dagger"],"picked":"PiercingWail","floor":2},{"not_picked":["Endless Agony","Caltrops"],"picked":"Cloak And Dagger","floor":5},{"not_picked":["PiercingWail","Terror"],"picked":"Finisher","floor":6},{"not_picked":["Bane","Underhanded Strike"],"picked":"Venomology","floor":8},{"not_picked":["Underhanded Strike","Cloak And Dagger"],"picked":"Escape Plan","floor":10},{"not_picked":["Prepared","Sucker Punch","Leg Sweep"],"picked":"Singing Bowl","floor":11},{"not_picked":["Cloak And Dagger","Outmaneuver"],"picked":"Well Laid Plans","floor":14},{"not_picked":["Malaise","Die Die Die"],"picked":"Envenom","floor":16},{"not_picked":["Underhanded Strike","Dagger Spray"],"picked":"Deadly Poison","floor":18},{"not_picked":["PiercingWail","Dodge and Roll","Sucker Punch"],"picked":"Singing Bowl","floor":20},{"not_picked":["Backstab","Finisher","Dagger Throw"],"picked":"Singing Bowl","floor":21},{"not_picked":["Underhanded Strike","Deflect"],"picked":"Blade Dance","floor":24},{"not_picked":["Cloak And Dagger","Underhanded Strike+1"],"picked":"Blade Dance","floor":25},{"not_picked":["Calculated Gamble","Skewer"],"picked":"Adrenaline","floor":27},{"not_picked":["Backstab","Escape Plan+1"],"picked":"Cloak And Dagger","floor":28},{"not_picked":["Die Die Die","Phantasmal Killer"],"picked":"Burst","floor":33},{"not_picked":["Dagger Throw+1","Leg Sweep+1"],"picked":"Backflip","floor":35},{"not_picked":["Cloak And Dagger","Endless Agony","Underhanded Strike+1"],"picked":"Singing Bowl","floor":36},{"not_picked":["Finisher","Underhanded Strike+1"],"picked":"Blur","floor":37},{"not_picked":["Noxious Fumes","Slice+1","Blade Dance"],"picked":"Singing Bowl","floor":37},{"not_picked":["Dagger Spray+1","Cloak And Dagger+1"],"picked":"Backflip","floor":37},{"not_picked":["Flying Knee+1","Concentrate","Acrobatics"],"picked":"Singing Bowl","floor":37},{"not_picked":["Finisher+1","Flying Knee+1"],"picked":"Backflip+1","floor":37},{"not_picked":["Escape Plan","Underhanded Strike","Bane+1"],"picked":"Singing Bowl","floor":38},{"not_picked":["Dash","Poisoned Stab"],"picked":"Adrenaline","floor":39},{"not_picked":["Outmaneuver","Heel Hook","Escape Plan"],"picked":"Singing Bowl","floor":41},{"not_picked":["Skewer","Accuracy+1"],"picked":"Noxious Fumes+1","floor":44},{"not_picked":["Backflip","Flying Knee+1","Dodge and Roll+1"],"picked":"Singing Bowl","floor":46},{"not_picked":["Reflex","Underhanded Strike+1","Heel Hook+1"],"picked":"Singing Bowl","floor":48}],"player_experience":695216,"relics_obtained":[{"floor":6,"key":"Ninja Scroll"},{"floor":8,"key":"War Paint"},{"floor":9,"key":"Singing Bowl"},{"floor":25,"key":"Snake Skull"},{"floor":26,"key":"Smiling Mask"},{"floor":27,"key":"Peace Pipe"},{"floor":43,"key":"Meat on the Bone"},{"floor":46,"key":"Nunchaku"}],"event_choices":[{"cards_removed":["Strike_G"],"damage_healed":0,"gold_gain":0,"player_choice":"Card Removal","damage_taken":0,"max_hp_gain":0,"max_hp_loss":0,"event_name":"The Cleric","floor":3,"gold_loss":50},{"damage_healed":0,"gold_gain":0,"player_choice":"Entered Light","damage_taken":13,"max_hp_gain":0,"max_hp_loss":0,"event_name":"Shining Light","floor":4,"gold_loss":0,"cards_upgraded":["Defend_G","Defend_G"]},{"cards_removed":["Defend_G"],"damage_healed":0,"gold_gain":0,"player_choice":"Elegance","damage_taken":0,"max_hp_gain":0,"max_hp_loss":0,"event_name":"Back to Basics","floor":22,"gold_loss":0},{"damage_healed":0,"gold_gain":0,"player_choice":"Opened","damage_taken":0,"relics_obtained":["Ancient Tea Set"],"max_hp_gain":0,"max_hp_loss":0,"event_name":"The Mausoleum","floor":30,"gold_loss":0,"cards_obtained":["Writhe"]},{"damage_healed":0,"gold_gain":0,"player_choice":"Read","damage_taken":0,"max_hp_gain":0,"max_hp_loss":0,"event_name":"The Library","floor":31,"gold_loss":0,"cards_obtained":["Noxious Fumes"]},{"damage_healed":0,"gold_gain":0,"player_choice":"Ignored","damage_taken":0,"max_hp_gain":0,"max_hp_loss":0,"event_name":"Tomb of Lord Red Mask","floor":45,"gold_loss":0}],"is_beta":false,"boss_relics":[{"not_picked":["Sozu","Ectoplasm"],"picked":"Coffee Dripper"},{"not_picked":["Pandora\u0027s Box","Runic Dome"],"picked":"SlaversCollar"}],"items_purged_floors":[12,19,37,47],"is_endless":false,"potions_floor_spawned":[1,5,8,10,16,18,21,28,33,38,41,46,48],"ascension_level":9}}