{"host":"soyfmymeou4emntr","time":1608136096,"event":{"mods":["BaseMod","Minty Spire (QoL Compilation)","Relic Sorter","Relic Stats","StSLib"],"gold_per_floor":[16,16,40,54,54,85,106,106,106,106,106],"floor_reached":10,"playtime":574,"items_purged":[],"score":136,"play_id":"13029c37-af4b-42d2-a7cd-959edfa8b0f2","local_time":"20201216092816","is_ascension_mode":true,"campfire_choices":[],"circlet_count":0,"master_deck":["AscendersBane","Strike_G","Strike_G","Strike_G","Strike_G","Strike_G","Defend_G","Defend_G","Defend_G","Defend_G","Defend_G","Survivor","Neutralize","Endless Agony","Bouncing Flask","Riddle With Holes","Infinite Blades+1","Noxious Fumes"],"relics":["Ring of the Snake","Calipers","Golden Idol","Strawberry","Ornamental Fan","Centennial Puzzle"],"acts_visited":["Exordium"],"potions_floor_usage":[6,7],"damage_taken":[{"damage":0,"enemies":"2 Louse","floor":1,"turns":4},{"damage":1,"enemies":"Small Slimes","floor":3,"turns":3},{"damage":1,"enemies":"Cultist","floor":4,"turns":3},{"damage":33,"enemies":"Lagavulin","floor":6,"turns":6},{"damage":6,"enemies":"Exordium Thugs","floor":7,"turns":5},{"damage":21,"enemies":"3 Sentries","floor":10,"turns":4}],"seed_played":"-5485116365375969451","potions_obtained":[{"floor":1,"key":"EssenceOfSteel"},{"floor":6,"key":"SkillPotion"}],"is_trial":false,"path_per_floor":["M","?","M","M","?","E","M","?","T","E"],"character_chosen":"THE_SILENT","items_purchased":[],"campfire_rested":0,"item_purchase_floors":[],"current_hp_per_floor":[59,59,58,57,59,26,20,20,20,0,0],"gold":106,"neow_bonus":"ONE_RARE_RELIC","is_daily":false,"chose_seed":false,"campfire_upgraded":0,"win_rate":0.0,"timestamp":1608136096,"path_taken":["M","?","M","M","?","E","M","?","T","E"],"items_purchased_type":[],"build_version":"2020-12-13","purchased_purges":0,"victory":false,"max_hp_per_floor":[66,60,60,60,67,67,67,67,67,67,67],"relic_stats":{"Centennial Puzzle":[3],"counters":[6,25],"Golden Idol":18,"Ornamental Fan":[16],"obtain_stats":[{"Centennial Puzzle":9,"Calipers":0,"Golden Idol":2,"Ornamental Fan":6,"Strawberry":5,"Ring of the Snake":0},{"Centennial Puzzle":5,"Calipers":0,"Golden Idol":1,"Ornamental Fan":4,"Strawberry":3,"Ring of the Snake":0},{"Centennial Puzzle":21,"Calipers":0,"Golden Idol":4,"Ornamental Fan":16,"Strawberry":10,"Ring of the Snake":0}],"Ring of the Snake":[12]},"card_choices":[{"not_picked":["Cloak And Dagger","Blade Dance"],"picked":"Endless Agony","floor":1},{"not_picked":["Deflect","Flying Knee"],"picked":"Bouncing Flask","floor":3},{"not_picked":["Reflex","Masterful Stab"],"picked":"Riddle With Holes","floor":4},{"not_picked":["Grand Finale","Calculated Gamble"],"picked":"Infinite Blades","floor":6},{"not_picked":["Infinite Blades","Deflect"],"picked":"Noxious Fumes","floor":7}],"player_experience":2568477,"relics_obtained":[{"floor":6,"key":"Ornamental Fan"},{"floor":9,"key":"Centennial Puzzle"}],"event_choices":[{"damage_healed":0,"gold_gain":0,"player_choice":"Lose Max HP","damage_taken":0,"relics_obtained":["Golden Idol"],"max_hp_gain":0,"max_hp_loss":6,"event_name":"Golden Idol","floor":2,"gold_loss":0},{"damage_healed":0,"gold_gain":0,"player_choice":"Success","damage_taken":5,"relics_obtained":["Strawberry"],"max_hp_gain":0,"max_hp_loss":0,"event_name":"Scrap Ooze","floor":5,"gold_loss":0},{"damage_healed":0,"gold_gain":0,"player_choice":"Grow","damage_taken":0,"max_hp_gain":0,"max_hp_loss":0,"event_name":"Living Wall","floor":8,"gold_loss":0,"cards_upgraded":["Infinite Blades"]}],"is_beta":false,"boss_relics":[],"items_purged_floors":[],"is_endless":false,"potions_floor_spawned":[1,6],"killed_by":"3 Sentries","ascension_level":20}}