{"host":"jk8wop44dq7uc7ar","time":1608151037,"event":{"mods":["AchievementEnabler","BaseMod","Colored Map","Colored Powertips","Downfall","Hermit","Hubris","Infinite Spire","Marisa????????","Minty Spire (QoL Compilation)","StSLib","The Bug Knight","The Construct","The Cursed","The Disciple","The Mystic","The Necromancer","The Runesmith","The Servant 0.9.4"],"gold_per_floor":[110,35,35,35,35,35,70,70,120,153,166,21,37,57,57,160,160,171,184,204,218,218,218,218],"floor_reached":23,"playtime":1675,"items_purged":["Defend_G"],"score":211,"play_id":"e09b9b1c-8eab-489e-84ea-85d0280c1a45","local_time":"20201216153717","is_ascension_mode":true,"campfire_choices":[{"data":"After Image","floor":6.0,"key":"SMITH"},{"floor":8.0,"key":"REST"},{"floor":15,"key":"REST"}],"circlet_count":0,"master_deck":["Strike_G","Strike_G","Strike_G","Strike_G","Strike_G","Defend_G","Defend_G","Defend_G","Defend_G","Survivor","Neutralize","After Image+1","Cloak And Dagger","Pain","Infinite Blades","Infinite Blades","Distraction","Slice","A Thousand Cuts+1","Prepared","Blade Dance","Backflip","Corpse Explosion"],"relics":["Ring of the Snake","hubris:Towel","WarpedTongs","Matryoshka","Bag of Marbles","infinitespire:PuzzleCube","hubris:MysteriousPyramids","Nunchaku","hubris:VirtuousBlindfold"],"acts_visited":["Exordium","TheCity"],"potions_floor_usage":[16,21],"damage_taken":[{"damage":1.0,"enemies":"Cultist","floor":1.0,"turns":3.0},{"damage":40.0,"enemies":"Lagavulin","floor":7.0,"turns":12.0},{"damage":26.0,"enemies":"Gremlin Nob","floor":10.0,"turns":5.0},{"damage":5.0,"enemies":"2 Louse","floor":11.0,"turns":3.0},{"damage":7,"enemies":"Small Slimes","floor":13,"turns":4},{"damage":6,"enemies":"Blue Slaver","floor":14,"turns":3},{"damage":18,"enemies":"The Guardian","floor":16,"turns":12},{"damage":22,"enemies":"3 Byrds","floor":18,"turns":5},{"damage":22,"enemies":"Shelled Parasite and Fungi","floor":19,"turns":8},{"damage":19,"enemies":"Snecko","floor":20,"turns":5},{"damage":0,"enemies":"Cultist and Chosen","floor":21,"turns":6},{"damage":7,"enemies":"Book of Stabbing","floor":23,"turns":1}],"seed_played":"5717485198897448334","potions_obtained":[{"floor":7.0,"key":"Poison Potion"},{"floor":13,"key":"LiquidBronze"},{"floor":18,"key":"Energy Potion"},{"floor":19,"key":"SteroidPotion"}],"is_trial":false,"path_per_floor":["M","$","T","?","?","R","E","R","T","E","M","$","M","M","R","B",null,"M","M","M","M","?","E"],"character_chosen":"THE_SILENT","items_purchased":["Nunchaku"],"campfire_rested":2,"item_purchase_floors":[12],"current_hp_per_floor":[69,69,69,69,69,69,29,50,50,24,19,19,12,6,27,9,70,48,26,7,7,7,0,0],"gold":218,"neow_bonus":"ONE_RANDOM_RARE_CARD","is_daily":false,"chose_seed":false,"campfire_upgraded":1,"win_rate":0.0,"timestamp":1608151037,"path_taken":["M","?","?","?","?","R","E","R","T","E","M","$","?","M","R","BOSS","M","M","M","M","?","E"],"items_purchased_type":["Relic"],"build_version":"2020-12-13","purchased_purges":1,"victory":false,"max_hp_per_floor":[70,70,70,70,70,70,70,70,70,70,70,70,70,70,70,70,70,70,70,70,70,70,70,70],"card_choices":[{"not_picked":["Prepared","Flechettes"],"picked":"Cloak And Dagger","floor":1.0},{"not_picked":["Adrenaline","Choke"],"picked":"Infinite Blades","floor":7.0},{"not_picked":["Riddle With Holes","Flying Knee"],"picked":"Infinite Blades","floor":10.0},{"not_picked":["PiercingWail","Deadly Poison","Reflex"],"picked":"SKIP","floor":11.0},{"not_picked":["Outmaneuver","Slice"],"picked":"Distraction","floor":13},{"not_picked":["Tactician","Poisoned Stab"],"picked":"Slice","floor":14},{"not_picked":["Doppelganger","Unload"],"picked":"A Thousand Cuts","floor":16},{"not_picked":["Catalyst","PiercingWail"],"picked":"Prepared","floor":18},{"not_picked":["Acrobatics+1","Blur"],"picked":"Blade Dance","floor":19},{"not_picked":["Deflect","Bane"],"picked":"Backflip","floor":20},{"not_picked":["Caltrops","PiercingWail+1"],"picked":"Corpse Explosion","floor":21}],"player_experience":376596,"relics_obtained":[{"floor":7.0,"key":"Matryoshka"},{"floor":9.0,"key":"Bag of Marbles"},{"floor":9.0,"key":"infinitespire:PuzzleCube"},{"floor":10.0,"key":"hubris:MysteriousPyramids"}],"event_choices":[{"damage_healed":0.0,"max_hp_gain":0.0,"max_hp_loss":0.0,"gold_gain":0.0,"event_name":"Accursed Blacksmith","player_choice":"Rummage","floor":5.0,"gold_loss":0.0,"damage_taken":0.0,"relics_obtained":["WarpedTongs"],"cards_obtained":["Pain"]},{"damage_healed":0,"gold_gain":0,"player_choice":"Upgraded","damage_taken":0,"max_hp_gain":0,"max_hp_loss":0,"event_name":"Upgrade Shrine","floor":22,"gold_loss":0,"cards_upgraded":["A Thousand Cuts"]}],"is_beta":false,"boss_relics":[{"not_picked":["Tiny House","SacredBark"],"picked":"hubris:VirtuousBlindfold"}],"items_purged_floors":[2],"is_endless":false,"potions_floor_spawned":[7,13,18,19],"killed_by":"Book of Stabbing","ascension_level":1}}