{"host":"Teixeira","time":1608136259,"event":{"mods":["2.2 Compatiblity","BaseMod","Colored Map","Colored Powertips","Downfall","Hermit","Hubris","Minty Spire (QoL Compilation)","Permanent Neow","Rare Cards Sparkle","Relic Filter","Replay The Spire","Spicy Shops","StSLib","SuperFastMode"],"gold_per_floor":[99,99,99,127,25,51,77,377,377,408,408,427,437,437,447,543,593,593,619,631,252,59,84,84,101,101,133,15,15,15,55,69,167,167,167,182,182,211,211,211,211,237,253,286,300,73,73,88,102,102],"floor_reached":51,"playtime":8734,"items_purged":["Slimebound:Icky","Pain","Slimebound:Icky"],"score":946,"play_id":"411fe256-e289-4898-8afd-975df8f51ec5","local_time":"20201216133059","is_ascension_mode":true,"campfire_choices":[{"data":"Guardian:TwinSlam","floor":1.0,"key":"SMITH"},{"data":"Guardian:PrimingBeam","floor":3.0,"key":"SMITH"},{"data":"Guardian:Repulse","floor":9.0,"key":"SMITH"},{"data":"Guardian:SentryBeam","floor":18.0,"key":"SMITH"},{"floor":26.0,"key":"REST"},{"data":"Guardian:EvasiveProtocol","floor":35.0,"key":"SMITH"},{"floor":40,"key":"REST"}],"circlet_count":0,"master_deck":["Guardian:Strike_Guardian","Guardian:Strike_Guardian+1","Guardian:Strike_Guardian+1","Guardian:Strike_Guardian","Guardian:Defend_Guardian","Guardian:Defend_Guardian","Guardian:Defend_Guardian","Guardian:Defend_Guardian+1","Guardian:CurlUp","Guardian:TwinSlam+1","Guardian:PrimingBeam+1","Guardian:PrimingBeam","Guardian:MultiBeam+1","Guardian:PrimingBeam","Guardian:SentryBeam+1","Guardian:PolyBeam","Guardian:CrystalBeam+1","Guardian:VentSteam","Guardian:EvasiveProtocol+1","Guardian:PolyBeam","Guardian:DonusPower+1","Guardian:Gem_Crimson","Guardian:Gem_Red","Guardian:PrimingBeam+1","hubris:DuctTapeCard"],"relics":["Guardian:ModeShifter","downfall:HeartsMalice","Gremlin Food","hubris:SlimyHat","Blue Doll","Gremlin Horn","WarpedTongs","Tiny House","Regal Pillow","ReplayTheSpireMod:TigerMarble","OrangePellets","Replay:Baseball","Replay:Ringing Soul","ReplayFunnel","Black Star","hubris:Towel","Lizard Tail","Incense Burner","Blood Vial","Ice Cream","Shuriken","Question Card","Juzu Bracelet","hubris:DuctTape","Whetstone","Replay:Wax Seal"],"acts_visited":["Exordium","TheCity","TheBeyond"],"potions_floor_usage":[38,42],"damage_taken":[{"damage":0.0,"enemies":"Cultist","floor":2.0,"turns":1.0},{"damage":0.0,"enemies":"3 Sentries","floor":4.0,"turns":1.0},{"damage":0.0,"enemies":"downfall:FleeingMerchant","floor":5.0,"turns":1.0},{"damage":15.0,"enemies":"Replay:BlueRogue","floor":6.0,"turns":5.0},{"damage":18.0,"enemies":"Lagavulin","floor":10.0,"turns":7.0},{"damage":0.0,"enemies":"Small Slimes","floor":12.0,"turns":2.0},{"damage":0.0,"enemies":"2 Louse","floor":13.0,"turns":2.0},{"damage":8.0,"enemies":"Red Slaver","floor":15.0,"turns":3.0},{"damage":30.0,"enemies":"downfall:Silent","floor":16.0,"turns":9.0},{"damage":21.0,"enemies":"Gremlin Leader","floor":19.0,"turns":5.0},{"damage":1.0,"enemies":"3 Byrds","floor":20.0,"turns":4.0},{"damage":2.0,"enemies":"downfall:FleeingMerchant","floor":21.0,"turns":4.0},{"damage":15.0,"enemies":"downfall:FleeingMerchant","floor":22.0,"turns":4.0},{"damage":22.0,"enemies":"Replay:Snechameleon","floor":23.0,"turns":4.0},{"damage":13.0,"enemies":"Chosen","floor":25.0,"turns":5.0},{"damage":12.0,"enemies":"Book of Stabbing","floor":27.0,"turns":3.0},{"damage":15.0,"enemies":"downfall:FleeingMerchant","floor":28.0,"turns":4.0},{"damage":14.0,"enemies":"Centurion and Healer","floor":32.0,"turns":3.0},{"damage":35.0,"enemies":"downfall:Watcher","floor":33.0,"turns":6.0},{"damage":14,"enemies":"3 Darklings","floor":36,"turns":3},{"damage":48,"enemies":"Nemesis","floor":38,"turns":5},{"damage":11,"enemies":"Reptomancer","floor":42,"turns":2},{"damage":0,"enemies":"3 Shapes","floor":43,"turns":2},{"damage":4,"enemies":"R_Hoarder","floor":44,"turns":5},{"damage":0,"enemies":"3 Darklings","floor":45,"turns":3},{"damage":11,"enemies":"downfall:FleeingMerchant","floor":46,"turns":3},{"damage":32,"enemies":"Spire Growth","floor":48,"turns":4},{"damage":0,"enemies":"Jaw Worm Horde","floor":49,"turns":2},{"damage":29,"enemies":"downfall:Ironclad","floor":50,"turns":7}],"seed_played":"7354937451622467921","potions_obtained":[{"floor":4.0,"key":"Dexterity Potion"},{"floor":6.0,"key":"Guardian:BlockOnCardUsePotion"},{"floor":12.0,"key":"LiquidBronze"},{"floor":17.0,"key":"LiquidBronze"},{"floor":19.0,"key":"DuplicationPotion"},{"floor":23.0,"key":"Cursed Concoction"},{"floor":31.0,"key":"SpeedPotion"},{"floor":33.0,"key":"sneckomod:MuddlingPotion"},{"floor":38,"key":"ColorlessPotion"},{"floor":44,"key":"ColorlessPotion"},{"floor":48,"key":"SpeedPotion"}],"is_trial":false,"path_per_floor":["R","M","R","E","$","E","T","?","R","E","?","M","M","?","M","B",null,"R","E","M","$","$","E","T","M","R","E","$","?","?","?","M","B",null,"R","M","?","E","?","R","T","E","M","E","M","$","$","M","M","B",null],"character_chosen":"GUARDIAN","items_purchased":["Guardian:Repulse","ReplayTheSpireMod:TigerMarble","Guardian:CrystalBeam","Guardian:VentSteam","OrangePellets","Guardian:PolyBeam","hubris:DuctTape","Whetstone","Replay:Wax Seal"],"campfire_rested":2,"item_purchase_floors":[5,21,21,21,22,28,46,46,46],"current_hp_per_floor":[80,80,80,80,80,65,65,65,65,47,47,47,47,47,39,9,85,85,64,63,61,46,24,24,14,55,46,34,65,65,65,51,19,97,97,83,83,38,41,86,86,77,79,77,79,73,73,43,45,18],"gold":102,"neow_bonus":"THREE_ENEMY_KILL","is_daily":false,"chose_seed":false,"campfire_upgraded":5,"win_rate":0.0,"timestamp":1608136259,"path_taken":["R","M","R","E","?","E","T","?","R","E","?","M","M","?","M","BOSS","R","E","M","$","$","E","T","M","R","E","$","?","?","?","M","BOSS","R","M","?","E","?","R","T","E","?","E","M","?","$","M","M","BOSS"],"items_purchased_type":["Card","Relic","Card","Card","Relic","Card","Relic","Relic","Relic"],"build_version":"2020-11-17","purchased_purges":3,"victory":true,"max_hp_per_floor":[80,80,80,80,80,80,80,80,80,80,80,80,80,80,80,80,85,85,85,85,85,85,85,85,88,88,91,94,94,94,94,94,97,97,97,97,97,100,103,103,103,103,103,103,103,106,106,106,106,106],"card_choices":[{"not_picked":["Guardian:ArmoredProtocol","Guardian:Recover"],"picked":"Guardian:PrimingBeam","floor":2.0},{"not_picked":["Guardian:Incinerate","Guardian:TemporalStrike"],"picked":"Guardian:Gem_Red","floor":4.0},{"not_picked":["Guardian:CrystalBeam","Guardian:Gem_Red"],"picked":"Guardian:PrimingBeam","floor":5.0},{"not_picked":["Guardian:Gem_Fragmented","Guardian:GuardianWhirl"],"picked":"Guardian:MultiBeam","floor":6.0},{"not_picked":["Guardian:PrismaticBarrier","Guardian:FastForward"],"picked":"Guardian:Gem_Purple","floor":10.0},{"not_picked":["Guardian:Gem_Fragmented","Guardian:DecasProtection","Guardian:WalkerClaw"],"picked":"SKIP","floor":12.0},{"not_picked":["Guardian:VentSteam","Guardian:Gem_Cyan"],"picked":"Guardian:PrimingBeam","floor":13.0},{"not_picked":["Guardian:Gem_Fragmented","Guardian:Suspension","Guardian:ArmoredProtocol"],"picked":"SKIP","floor":15.0},{"not_picked":["Guardian:HyperBeam_Guardian","Guardian:ConstructionForm"],"picked":"Guardian:ExploitGems","floor":16.0},{"not_picked":["Guardian:PrimingBeam","Guardian:Clone"],"picked":"Guardian:SentryBeam","floor":17.0},{"not_picked":["Guardian:Gem_Cyan","Guardian:TemporalShield"],"picked":"Guardian:PolyBeam","floor":19.0},{"not_picked":["Guardian:PrismaticBarrier","Guardian:Suspension","Guardian:BronzeOrb"],"picked":"SKIP","floor":20.0},{"not_picked":["Guardian:SpikerProtocol+1","Guardian:BronzeOrb","Guardian:Clone"],"picked":"SKIP","floor":21.0},{"not_picked":["Guardian:ChargeCore+1","Guardian:BronzeArmor","Guardian:Gem_Lightblue"],"picked":"SKIP","floor":22.0},{"not_picked":["Guardian:Gem_Lightblue","Guardian:HyperBeam_Guardian"],"picked":"Guardian:Gem_Fragmented","floor":23.0},{"not_picked":["Guardian:TemporalShield","Guardian:Gem_Lightblue"],"picked":"Guardian:Gem_Crimson","floor":25.0},{"not_picked":["Guardian:CrystalBeam+1","Guardian:ExploitGems"],"picked":"Guardian:Gem_Blue","floor":27.0},{"not_picked":["Guardian:Gem_Green","Guardian:ShieldCharger"],"picked":"Guardian:EvasiveProtocol","floor":28.0},{"not_picked":["Guardian:Incinerate","Guardian:TemporalStrike+1","Guardian:Emergency"],"picked":"SKIP","floor":32.0},{"not_picked":["Guardian:BaubleBeam","Guardian:SphericShield"],"picked":"Guardian:Gem_Synthetic","floor":33.0},{"not_picked":["Guardian:Gem_Cyan","Guardian:Gem_Lightblue","Guardian:BronzeArmor"],"picked":"SKIP","floor":36},{"not_picked":["Guardian:Gem_Lightblue","Guardian:Gem_Crimson"],"picked":"Guardian:DonusPower+1","floor":38},{"not_picked":["Guardian:PiercingHide+1","Guardian:TemporalShield+1","Guardian:ShieldCharger"],"picked":"SKIP","floor":42},{"not_picked":["Guardian:ShieldCharger","Guardian:TimeBomb+1","Guardian:Gem_Fragmented"],"picked":"SKIP","floor":43},{"not_picked":["Guardian:TimeCapacitor+1","Guardian:Gem_Blue","Guardian:SpikerProtocol+1"],"picked":"SKIP","floor":44},{"not_picked":["Guardian:TemporalShield+1","Guardian:Gem_Purple","Guardian:PrimingBeam","Guardian:Gem_Lightblue"],"picked":"SKIP","floor":45},{"not_picked":["Guardian:Gem_Lightblue","Guardian:Recover","Guardian:Incinerate"],"picked":"Guardian:PrimingBeam+1","floor":46},{"not_picked":["Guardian:TimeCapacitor","Guardian:RefractedBeam","Guardian:Planning+1","Guardian:RollAttack+1"],"picked":"SKIP","floor":48},{"not_picked":["Guardian:AncientConstruct","Guardian:PiercingHide","Guardian:DecasProtection","Guardian:VentSteam"],"picked":"SKIP","floor":49}],"player_experience":25650,"relics_obtained":[{"floor":4.0,"key":"Gremlin Food"},{"floor":6.0,"key":"hubris:SlimyHat"},{"floor":7.0,"key":"Blue Doll"},{"floor":10.0,"key":"Gremlin Horn"},{"floor":19.0,"key":"Regal Pillow"},{"floor":23.0,"key":"Replay:Baseball"},{"floor":24.0,"key":"Replay:Ringing Soul"},{"floor":27.0,"key":"ReplayFunnel"},{"floor":38,"key":"Lizard Tail"},{"floor":38,"key":"Incense Burner"},{"floor":41,"key":"Blood Vial"},{"floor":42,"key":"Ice Cream"},{"floor":42,"key":"Shuriken"},{"floor":44,"key":"Question Card"},{"floor":44,"key":"Juzu Bracelet"}],"event_choices":[{"damage_healed":31.0,"max_hp_gain":0.0,"max_hp_loss":0.0,"gold_gain":0.0,"event_name":"The Library","player_choice":"Heal","floor":29.0,"gold_loss":0.0,"damage_taken":0.0}],"is_beta":true,"boss_relics":[{"not_picked":["Painkiller Herb","Philosopher\u0027s Stone"],"picked":"Tiny House"},{"not_picked":["SlaversCollar","Sozu"],"picked":"Black Star"}],"items_purged_floors":[21,22,46],"is_endless":false,"potions_floor_spawned":[4,6,12,15,19,23,25,33,36,38,44,48,49],"ascension_level":1}}