{"host":"qzi6bhetobyvb8z3","time":1608125885,"event":{"mods":["Act Like it!","Aspiration","BaseMod","BetterRewards","HololiveMod","Hubris","Infinite Spire","Minty Spire (QoL Compilation)","Quick Restart","Replay The Spire","Shop Mod","StSLib","vexMod"],"gold_per_floor":[119,138,138,138,288,288,318,318,371,371,384,417,342,357,357,431,431,431,431],"floor_reached":18,"playtime":293,"items_purged":[],"score":386,"play_id":"9ed04699-7a39-4d62-835e-b6f41852b77c","local_time":"20201216213805","is_ascension_mode":true,"campfire_choices":[{"data":"Armaments","floor":6.0,"key":"SMITH"},{"data":"Bash","floor":8.0,"key":"SMITH"},{"data":"Thunderclap","floor":10.0,"key":"SMITH"},{"data":"Pommel Strike","floor":15.0,"key":"SMITH"},{"data":"Offering","floor":18,"key":"SMITH"}],"circlet_count":0,"master_deck":["AscendersBane","Strike_R","Strike_R","Strike_R","Strike_R","Strike_R","Defend_R","Defend_R","Defend_R","Defend_R","Bash+1","Thunderclap+1","Armaments+1","Pommel Strike+1","Offering+1"],"relics":["Burning Blood","NeowsBlessing","Pantograph","Bronze Scales","PreservedInsect","Omamori","Black Star"],"acts_visited":["TheEnding"],"potions_floor_usage":[16],"damage_taken":[{"damage":0.0,"enemies":"2 Louse","floor":1.0,"turns":1.0},{"damage":0.0,"enemies":"Small Slimes","floor":2.0,"turns":1.0},{"damage":0.0,"enemies":"Lagavulin","floor":7.0,"turns":1.0},{"damage":2.0,"enemies":"Jaw Worm","floor":11.0,"turns":4.0},{"damage":8.0,"enemies":"Gremlin Nob","floor":12.0,"turns":3.0},{"damage":9.0,"enemies":"3 Louse","floor":14.0,"turns":3.0},{"damage":48,"enemies":"The Guardian","floor":16,"turns":15}],"seed_played":"-4459805407603779650","potions_obtained":[{"floor":2.0,"key":"Ancient Potion"},{"floor":7.0,"key":"FearPotion"},{"floor":12.0,"key":"Weak Potion"}],"is_trial":false,"path_per_floor":["M","M","?","?","?","R","E","R","T","R","M","E","?","M","R","B",null,"R"],"character_chosen":"IRONCLAD","items_purchased":[],"campfire_rested":0,"item_purchase_floors":[],"current_hp_per_floor":[74,75,75,75,75,75,75,75,75,75,75,73,73,70,70,33,65,65,65],"gold":431,"neow_bonus":"THREE_ENEMY_KILL","is_daily":false,"chose_seed":false,"campfire_upgraded":5,"win_rate":0.0,"timestamp":1608125885,"path_taken":["M","M","?","?","?","R","E","R","T","R","M","E","?","?","R","BOSS","R"],"items_purchased_type":[],"build_version":"2020-12-13","purchased_purges":0,"victory":false,"max_hp_per_floor":[75,75,75,75,75,75,75,75,75,75,75,75,75,75,75,75,75,75,75],"card_choices":[{"not_picked":["Body Slam","Blood for Blood"],"picked":"Thunderclap","floor":1.0},{"not_picked":["True Grit","Second Wind"],"picked":"Armaments","floor":2.0},{"not_picked":["Warcry","Rage","Sever Soul"],"picked":"SKIP","floor":7.0},{"not_picked":["Sentinel","Infernal Blade"],"picked":"Pommel Strike","floor":11.0},{"not_picked":["Blood for Blood","Fire Breathing","Entrench"],"picked":"SKIP","floor":12.0},{"not_picked":["Body Slam","Warcry","Havoc"],"picked":"SKIP","floor":14.0},{"not_picked":["Demonic Infusion","Brutality"],"picked":"Offering","floor":16}],"player_experience":905670,"relics_obtained":[{"floor":7.0,"key":"Bronze Scales"},{"floor":9.0,"key":"PreservedInsect"},{"floor":12.0,"key":"Omamori"}],"event_choices":[{"damage_healed":0.0,"max_hp_gain":0.0,"max_hp_loss":0.0,"gold_gain":0.0,"event_name":"Big Fish","player_choice":"Box","floor":3.0,"gold_loss":0.0,"damage_taken":0.0,"relics_obtained":["Pantograph"],"cards_obtained":["Regret"]},{"cards_removed":["Regret"],"damage_healed":0.0,"max_hp_gain":0.0,"max_hp_loss":0.0,"gold_gain":0.0,"event_name":"Living Wall","player_choice":"Forget","floor":4.0,"gold_loss":0.0,"damage_taken":0.0},{"damage_healed":0.0,"max_hp_gain":0.0,"max_hp_loss":0.0,"gold_gain":150.0,"event_name":"Liars Game","player_choice":"AGREE","floor":5.0,"gold_loss":0.0,"damage_taken":0.0,"cards_obtained":["Doubt"]},{"cards_removed":["Doubt"],"damage_healed":0.0,"max_hp_gain":0.0,"max_hp_loss":0.0,"gold_gain":0.0,"event_name":"The Cleric","player_choice":"Card Removal","floor":13.0,"gold_loss":75.0,"damage_taken":0.0}],"is_beta":false,"boss_relics":[{"not_picked":["Fusion Hammer","Empty Cage"],"picked":"Black Star"}],"items_purged_floors":[],"is_endless":false,"potions_floor_spawned":[2,7,12,14],"ascension_level":20}}