{"host":"63yhhrjweyj22b0v","time":1608159729,"event":{"mods":["BaseMod","Minty Spire (QoL Compilation)","Quick Restart"],"gold_per_floor":[116,18,18,18,33,62,62,62,62,62,81,96,16,36,36,137,137,147,147,147,0,10,10,10,23,48,48,75,75,109,126,126,126,126],"floor_reached":33,"playtime":993,"items_purged":["Strike_G"],"score":323,"play_id":"12257518-7b8b-40b8-9ed3-0dd809fb28c6","local_time":"20201216170209","is_ascension_mode":true,"campfire_choices":[{"data":"Bouncing Flask","floor":7,"key":"SMITH"},{"data":"Survivor","floor":10,"key":"SMITH"},{"data":"Caltrops","floor":15,"key":"SMITH"},{"data":"A Thousand Cuts","floor":23,"key":"SMITH"},{"floor":27,"key":"RECALL"},{"floor":29,"key":"REST"},{"floor":32,"key":"REST"}],"circlet_count":0,"master_deck":["Strike_G","Strike_G","Defend_G","Defend_G","Defend_G","Survivor+1","Neutralize+1","Dagger Throw","Quick Slash","Bouncing Flask+1","Slice","Skewer","Caltrops+1","Slice","A Thousand Cuts+1","Cloak And Dagger+1","Slice+1","Bane+1","Bouncing Flask","Writhe","Blade Dance+1","Storm of Steel","Blur+1","Flying Knee","Caltrops"],"relics":["Ring of the Snake","NeowsBlessing","Happy Flower","Tough Bandages","Astrolabe","PreservedInsect","Smiling Mask","Art of War","Snake Skull"],"acts_visited":["Exordium","TheCity"],"potions_floor_usage":[11,12,14,16,16,28,30,33],"damage_taken":[{"damage":0,"enemies":"Cultist","floor":1,"turns":1},{"damage":0,"enemies":"2 Louse","floor":5,"turns":1},{"damage":0,"enemies":"Lagavulin","floor":6,"turns":1},{"damage":3,"enemies":"Small Slimes","floor":11,"turns":3},{"damage":8,"enemies":"Exordium Wildlife","floor":12,"turns":3},{"damage":0,"enemies":"2 Fungi Beasts","floor":14,"turns":2},{"damage":2,"enemies":"Hexaghost","floor":16,"turns":7},{"damage":5,"enemies":"Shell Parasite","floor":18,"turns":3},{"damage":10,"enemies":"Chosen","floor":22,"turns":3},{"damage":28,"enemies":"Snecko","floor":25,"turns":4},{"damage":26,"enemies":"Slavers","floor":28,"turns":3},{"damage":15,"enemies":"Book of Stabbing","floor":30,"turns":4},{"damage":7,"enemies":"Snake Plant","floor":31,"turns":3},{"damage":71,"enemies":"Automaton","floor":33,"turns":6}],"seed_played":"8887385460224218506","potions_obtained":[{"floor":1,"key":"ColorlessPotion"},{"floor":6,"key":"BlessingOfTheForge"},{"floor":8,"key":"Fruit Juice"},{"floor":8,"key":"Poison Potion"},{"floor":11,"key":"Fire Potion"},{"floor":12,"key":"Energy Potion"},{"floor":14,"key":"SpeedPotion"},{"floor":28,"key":"PowerPotion"},{"floor":31,"key":"BlessingOfTheForge"}],"is_trial":false,"path_per_floor":["M","$","?","?","M","E","R","?","T","R","M","M","$","M","R","B",null,"M","?","?","?","M","R","$","M","T","R","E","R","E","M","R","B"],"character_chosen":"THE_SILENT","items_purchased":["Quick Slash","Caltrops"],"campfire_rested":2,"item_purchase_floors":[2,13],"current_hp_per_floor":[70,70,70,63,63,63,63,63,63,63,65,57,57,57,57,55,75,70,70,70,70,60,60,60,32,32,32,6,28,13,6,28,0,0],"gold":126,"neow_bonus":"THREE_ENEMY_KILL","is_daily":false,"chose_seed":false,"campfire_upgraded":4,"win_rate":0.0,"timestamp":1608159729,"path_taken":["M","$","?","?","M","E","R","?","T","R","M","?","$","M","R","BOSS","M","?","?","?","M","R","$","M","T","R","E","R","E","M","R","BOSS"],"items_purchased_type":["Card","Card"],"build_version":"2020-12-13","purchased_purges":1,"victory":false,"max_hp_per_floor":[70,70,70,70,70,70,70,70,70,70,75,75,75,75,75,75,75,75,75,75,75,75,75,75,75,75,75,75,75,75,75,75,75,75],"card_choices":[{"not_picked":["Masterful Stab","Outmaneuver"],"picked":"Dagger Throw","floor":1},{"not_picked":["Leg Sweep","Blur","Eviscerate"],"picked":"SKIP","floor":5},{"not_picked":["Deflect","Terror"],"picked":"Bouncing Flask","floor":6},{"not_picked":["All Out Attack","Heel Hook"],"picked":"Slice","floor":11},{"not_picked":["Setup","Leg Sweep"],"picked":"Skewer","floor":12},{"not_picked":["Infinite Blades","Blade Dance"],"picked":"Slice","floor":14},{"not_picked":["Night Terror","Bullet Time"],"picked":"A Thousand Cuts","floor":16},{"not_picked":["Poisoned Stab","Slice"],"picked":"Bouncing Flask","floor":18},{"not_picked":["Predator","Blur"],"picked":"Blade Dance+1","floor":22},{"not_picked":["Acrobatics+1","Setup+1"],"picked":"Storm of Steel","floor":25},{"not_picked":["Predator","Corpse Explosion"],"picked":"Blur+1","floor":28},{"not_picked":["Heel Hook","Quick Slash"],"picked":"Flying Knee","floor":30},{"not_picked":["Dagger Throw","Blade Dance+1"],"picked":"Caltrops","floor":31}],"player_experience":610793,"relics_obtained":[{"floor":6,"key":"Happy Flower"},{"floor":9,"key":"Tough Bandages"},{"floor":26,"key":"Smiling Mask"},{"floor":28,"key":"Art of War"},{"floor":30,"key":"Snake Skull"}],"event_choices":[{"damage_healed":0,"gold_gain":0,"player_choice":"Grow","damage_taken":0,"max_hp_gain":0,"max_hp_loss":0,"event_name":"Living Wall","floor":3,"gold_loss":0,"cards_upgraded":["Neutralize"]},{"cards_removed":["Strike_G"],"damage_healed":0,"gold_gain":0,"player_choice":"Card Removal","damage_taken":7,"max_hp_gain":0,"max_hp_loss":0,"event_name":"Golden Wing","floor":4,"gold_loss":0},{"damage_healed":0,"gold_gain":0,"player_choice":"Got Potions","damage_taken":0,"max_hp_gain":0,"max_hp_loss":0,"event_name":"Lab","floor":8,"gold_loss":0},{"damage_healed":0,"gold_gain":0,"player_choice":"Ignored","damage_taken":0,"max_hp_gain":0,"max_hp_loss":0,"event_name":"Vampires","floor":19,"gold_loss":0},{"damage_healed":0,"gold_gain":0,"player_choice":"Opened","damage_taken":0,"relics_obtained":["PreservedInsect"],"max_hp_gain":0,"max_hp_loss":0,"event_name":"The Mausoleum","floor":20,"gold_loss":0,"cards_obtained":["Writhe"]},{"damage_healed":0,"gold_gain":0,"player_choice":"Paid Fearfully","damage_taken":0,"max_hp_gain":0,"max_hp_loss":0,"event_name":"Masked Bandits","floor":21,"gold_loss":147}],"is_beta":false,"boss_relics":[{"not_picked":["Snecko Eye","Runic Dome"],"picked":"Astrolabe"}],"items_purged_floors":[2],"is_endless":false,"potions_floor_spawned":[1,6,11,12,14,28,31],"killed_by":"Automaton","ascension_level":1}}