{"host":"g53g9qlo34vrqi92","time":1608109310,"event":{"mods":["Aspiration","Bard","BaseMod","Beaked The Cultist","BetterRewards","Colored Map","Conspire","Energized Spire","Fiend Mod","GifTheSpireLib","Googly Eyes","Gremlin Skip","Halation","Hermit","Hubris","Infinite Spire","Jedi Mod","Minty Spire (QoL Compilation)","Permanent Neow","Quick Restart","Relic Filter","Replay The Spire","Spikes Relics","StSLib","Stuff the Spire","Synergy Search","The Bladedancer","The Bug Knight","The Construct","The Cursed","The Factory","The Forsaken","The Jungle","The Necromancer","The Spell Scribe","The Trickster","Trackpad","slay the spire mod where everything is the same but ironclad has a cowboy hat","vexMod"],"gold_per_floor":[20,20,34,52,52,52,27,61,61,61,61,80,80,100,110,130,130,230,230,242,157,176,176,196,196,196],"floor_reached":25,"playtime":1186,"items_purged":[],"score":305,"play_id":"8b8f3ecd-8208-4514-98ed-11cb00fc6a7d","local_time":"20201216010150","is_ascension_mode":false,"campfire_choices":[{"floor":10.0,"key":"REST"},{"data":"Armaments","floor":17.0,"key":"SMITH"}],"circlet_count":0,"master_deck":["Strike_R","Strike_R","Strike_R","Strike_R","Defend_R","Defend_R","Defend_R","Defend_R","Bash","Inflame","Cleave","Cleave","Thunderclap","Armaments","Flame Barrier","Replay:Undeath\u0027s Touch","Armaments","Battle Trance","Pommel Strike","Headbutt","Armaments+1","Spot Weakness","Pommel Strike","Reaper+1","Heavy Blade+1","Carnage"],"relics":["Burning Blood","Vajra","hubris:EmptyBottle","trackpad:SneckoScepter","infinitespire:ShieldingShard","Fiend:Scarf","HollowMod:StagPassRelic"],"acts_visited":["Exordium","TheCity"],"potions_floor_usage":[25],"damage_taken":[{"damage":7.0,"enemies":"2 Louse","floor":1.0,"turns":2.0},{"damage":0.0,"enemies":"Small Slimes","floor":3.0,"turns":2.0},{"damage":1.0,"enemies":"Cultist","floor":4.0,"turns":3.0},{"damage":36.0,"enemies":"Gremlin Nob","floor":8.0,"turns":5.0},{"damage":0.0,"enemies":"Looter","floor":12.0,"turns":4.0},{"damage":4.0,"enemies":"Red Slaver","floor":14.0,"turns":5.0},{"damage":15.0,"enemies":"Exordium Thugs","floor":15.0,"turns":6.0},{"damage":12.0,"enemies":"Looter","floor":16.0,"turns":3.0},{"damage":48.0,"enemies":"The Guardian","floor":18.0,"turns":13.0},{"damage":7.0,"enemies":"Shell Parasite","floor":20.0,"turns":9.0},{"damage":9.0,"enemies":"2 Thieves","floor":22.0,"turns":4.0},{"damage":58.0,"enemies":"3 Cultists","floor":24.0,"turns":7.0},{"damage":49,"enemies":"Book of Stabbing","floor":25,"turns":5}],"seed_played":"6180633563233502261","potions_obtained":[{"floor":12.0,"key":"Reflective Coating"},{"floor":14.0,"key":"PowerPotion"},{"floor":16.0,"key":"SpeedPotion"}],"is_trial":false,"path_per_floor":["M","?","M","M","PTL","PTL","?","E","?","R","T","M","?","M","M","M","R","B",null,"M","?","M","?","M","E"],"character_chosen":"IRONCLAD","items_purchased":["Vajra","hubris:EmptyBottle","Inflame","Cleave","Thunderclap","Armaments"],"campfire_rested":1,"item_purchase_floors":[0,0,0,0,0,0],"current_hp_per_floor":[58,58,64,69,69,69,69,39,39,63,63,69,80,80,71,65,65,23,80,79,79,76,76,36,0,0],"gold":196,"neow_bonus":"","is_daily":false,"chose_seed":false,"campfire_upgraded":1,"win_rate":0.0,"timestamp":1608109310,"path_taken":["M","?","M","M","PTL","PTL","?","E","?","R","T","?","?","M","M","?","R","BOSS","M","?","M","?","M","E"],"items_purchased_type":["Relic","Relic","Card","Card","Card","Card"],"build_version":"2020-12-13","purchased_purges":0,"victory":false,"max_hp_per_floor":[80,80,80,80,80,80,80,80,80,80,80,80,80,80,80,80,80,80,80,80,80,80,80,80,80,80],"card_choices":[{"not_picked":["StuffTheSpire:Incineration","Intimidate"],"picked":"Replay:Undeath\u0027s Touch","floor":1.0},{"not_picked":["StuffTheSpire:RockThrow","Seeing Red"],"picked":"Armaments","floor":3.0},{"not_picked":["StuffTheSpire:Resist","Perfected Strike"],"picked":"Battle Trance","floor":4.0},{"not_picked":["Second Wind","Perfected Strike"],"picked":"Pommel Strike","floor":8.0},{"not_picked":["Warcry","StuffTheSpire:Incineration"],"picked":"Invigoration","floor":12.0},{"not_picked":["ReplayTheSpireMod:Muscle Training","hubris:SharpeningStone"],"picked":"Armaments","floor":14.0},{"not_picked":["Headbutt","Heavy Blade"],"picked":"Spot Weakness","floor":15.0},{"not_picked":["Sever Soul","Feel No Pain"],"picked":"Pommel Strike","floor":16.0},{"not_picked":["jedi:harder","jedi:unlimitedpower"],"picked":"Reaper","floor":18.0},{"not_picked":["Burning Pact","Abandon+1","jedi:fear"],"picked":"SKIP","floor":20.0},{"not_picked":["Sword Boomerang","Thunderclap"],"picked":"Heavy Blade+1","floor":22.0},{"not_picked":["jedi:collectorstrike","Wild Strike"],"picked":"Carnage","floor":24.0}],"player_experience":996981,"relics_obtained":[{"floor":8.0,"key":"trackpad:SneckoScepter"},{"floor":11.0,"key":"infinitespire:ShieldingShard"}],"event_choices":[{"damage_healed":0.0,"max_hp_gain":0.0,"max_hp_loss":0.0,"gold_gain":0.0,"cards_transformed":["Strike_R"],"event_name":"Transmorgrifier","player_choice":"Transformed","floor":9.0,"gold_loss":0.0,"damage_taken":0.0,"cards_obtained":["Headbutt"]},{"cards_removed":["Invigoration"],"damage_healed":11.0,"max_hp_gain":0.0,"max_hp_loss":0.0,"gold_gain":0.0,"event_name":"Bonfire Elementals","player_choice":"Offered Uncommon","floor":13.0,"gold_loss":0.0,"damage_taken":0.0},{"damage_healed":0.0,"max_hp_gain":0.0,"max_hp_loss":0.0,"gold_gain":0.0,"event_name":"Addict","player_choice":"Obtained Relic","floor":21.0,"gold_loss":85.0,"damage_taken":0.0,"relics_obtained":["HollowMod:StagPassRelic"]}],"is_beta":false,"boss_relics":[{"not_picked":["infinitespire:Cupcake","Snecko Eye"],"picked":"Fiend:Scarf"}],"items_purged_floors":[],"is_endless":false,"potions_floor_spawned":[12,14,16,18,20],"killed_by":"Book of Stabbing","ascension_level":0}}