{"host":"b94931fzay7ri6da","time":1608111433,"event":{"mods":["AchievementEnabler","BaseMod","Colored Map","Colored Powertips","Downfall","Minty Spire (QoL Compilation)","Quick Restart","StSLib","SuperFastMode"],"gold_per_floor":[112,180,195,270,283,283,158,184,184,184,196,196,209,229,229,229,229],"floor_reached":16,"playtime":445,"items_purged":[],"score":107,"play_id":"93486ffc-6502-458d-9e1d-6f825a9695f2","local_time":"20201216093713","is_ascension_mode":true,"campfire_choices":[{"data":"Acrobatics","floor":6,"key":"SMITH"},{"floor":15,"key":"REST"}],"circlet_count":0,"master_deck":["Strike_G","Strike_G","Strike_G","Strike_G","Defend_G","Defend_G","Defend_G","Defend_G","Defend_G","Survivor","Neutralize","Predator","PiercingWail","Acrobatics+1","Poisoned Stab","Catalyst","Bane","Crippling Poison","PiercingWail","Escape Plan"],"relics":["Ring of the Snake","NeowsBlessing","Sundial","Tiny Chest"],"acts_visited":["Exordium"],"potions_floor_usage":[16,16,16],"damage_taken":[{"damage":0,"enemies":"Small Slimes","floor":1,"turns":1},{"damage":0,"enemies":"Jaw Worm","floor":3,"turns":1},{"damage":0,"enemies":"2 Louse","floor":5,"turns":1},{"damage":51,"enemies":"Gremlin Nob","floor":8,"turns":5},{"damage":13,"enemies":"Large Slime","floor":11,"turns":5},{"damage":6,"enemies":"Lots of Slimes","floor":13,"turns":3},{"damage":0,"enemies":"3 Louse","floor":14,"turns":2},{"damage":34,"enemies":"Slime Boss","floor":16,"turns":7}],"seed_played":"-7117422772855282350","potions_obtained":[{"floor":1,"key":"DistilledChaos"},{"floor":3,"key":"Explosive Potion"},{"floor":11,"key":"ColorlessPotion"}],"is_trial":false,"path_per_floor":["M","?","M","?","M","R","$","E","T","?","M","?","M","M","R","B"],"character_chosen":"THE_SILENT","items_purchased":["Poisoned Stab","Catalyst"],"campfire_rested":1,"item_purchase_floors":[7,7],"current_hp_per_floor":[70,70,70,59,59,59,59,8,8,31,18,18,12,12,33,0,0],"gold":229,"neow_bonus":"THREE_ENEMY_KILL","is_daily":false,"chose_seed":false,"campfire_upgraded":1,"win_rate":0.0,"timestamp":1608111433,"path_taken":["M","?","M","?","M","R","$","E","T","?","M","?","M","M","R","BOSS"],"items_purchased_type":["Card","Card"],"build_version":"2020-12-13","purchased_purges":0,"victory":false,"max_hp_per_floor":[70,70,70,70,70,70,70,70,70,70,70,70,70,70,70,70,70],"card_choices":[{"not_picked":["Reflex","Leg Sweep"],"picked":"Predator","floor":1},{"not_picked":["Concentrate","Blade Dance"],"picked":"PiercingWail","floor":3},{"not_picked":["Dagger Throw","Well Laid Plans"],"picked":"Acrobatics","floor":5},{"not_picked":["Dodge and Roll","Cloak And Dagger"],"picked":"Bane","floor":8},{"not_picked":["Cloak And Dagger","Dagger Spray"],"picked":"Crippling Poison","floor":11},{"not_picked":["Outmaneuver","Flying Knee"],"picked":"PiercingWail","floor":13},{"not_picked":["Flying Knee","Concentrate"],"picked":"Escape Plan","floor":14}],"player_experience":309045,"relics_obtained":[{"floor":8,"key":"Sundial"},{"floor":9,"key":"Tiny Chest"}],"event_choices":[{"damage_healed":0,"gold_gain":68,"player_choice":"Gained Gold","damage_taken":0,"max_hp_gain":0,"max_hp_loss":0,"event_name":"Golden Wing","floor":2,"gold_loss":0},{"damage_healed":0,"gold_gain":75,"player_choice":"Gather Gold","damage_taken":11,"max_hp_gain":0,"max_hp_loss":0,"event_name":"World of Goop","floor":4,"gold_loss":0},{"damage_healed":23,"gold_gain":0,"player_choice":"Banana","damage_taken":0,"max_hp_gain":0,"max_hp_loss":0,"event_name":"Big Fish","floor":10,"gold_loss":0},{"cards_removed":["Strike_G"],"damage_healed":0,"gold_gain":0,"player_choice":"Purged","damage_taken":0,"max_hp_gain":0,"max_hp_loss":0,"event_name":"Purifier","floor":12,"gold_loss":0}],"is_beta":false,"boss_relics":[],"items_purged_floors":[],"is_endless":false,"potions_floor_spawned":[1,3,11,13],"killed_by":"Slime Boss","ascension_level":1}}