{"host":"4qt77pm52ljaz00q","time":1608132044,"event":{"mods":["2.2 Compatiblity","Aspiration","Bard","BaseMod","Beaked The Cultist","Challenge The Spire","Colored Map","Conspire","Friendly Minions","Glutton Mod","Halation","Hermit","Hubris","Infinite Spire","Jedi Mod","Mad Scientist","Marisa????????","Mimic Mod","Minty Spire (QoL Compilation)","Permanent Neow","Relic Sorter","Replay The Spire","Shade Mod","Shop Mod","Spires And Sneckos","StSLib","The Bladedancer","The Bug Knight","The Construct","The Cursed","The Disciple","The Jungle","The Mystic","The Poker Player","The Runesmith","The Servant 0.9.4","Unknown Chances","Wandering Minibosses","vexMod"],"gold_per_floor":[110,130,130,150,162,162,194,194,266,266,283,294,310,42,42,145,145,156,176,176,176,136,162,162,182,206,232,232,252,268,268,268],"floor_reached":31,"playtime":1131,"items_purged":[],"score":279,"play_id":"a05d269c-7c7f-44dc-a50b-6ff31e01412c","local_time":"20201216102044","is_ascension_mode":false,"campfire_choices":[{"data":"Shade:SpectralStrikes","floor":6,"key":"SMITH"},{"data":"Shade:FreshBones","floor":8,"key":"SMITH"},{"floor":15,"key":"REST"},{"data":"Shade:SensePrey","floor":24,"key":"SMITH"},{"data":"Shade:SensePrey","floor":28,"key":"SMITH"}],"circlet_count":0,"master_deck":["Shade:Strike_Shade","Shade:Strike_Shade","Shade:Strike_Shade","Shade:Strike_Shade","Shade:Defend_Shade","Shade:Defend_Shade","Shade:Defend_Shade","Shade:Defend_Shade","Shade:AnimateDead","Shade:CarefulCut","Shade:FreshBones+1","Shade:GraveStillness","Shade:GraveStillness","Shade:SpectralStrikes+1","Shade:SkeletonHug","Shade:ScuttlingHand","Shade:FleshLikeOak","Shade:Bite_Shade","Shade:ExtraLimbs","jedi:RedIncense","Shade:Doomsay","Shade:Tombstone","Shade:Bite_Shade","Shade:SensePrey+1","Shade:CommandSoldier","Shade:CommandSoldier","Shade:SensePrey+1","Shade:CommandSoldier","Shade:SkeletonArmy","Shade:TouchOfTheGrave+1","hubris:NaturalOne"],"relics":["Shade:YorickSkull","hubris:Icosahedron","halation:EternalFortune","MealTicket","HollowMod:LifeEnderRelic","halation:Yufonium","hubris:Towel","beaked:ShinyBauble","Bag of Preparation","infinitespire:Lucky Rock"],"acts_visited":["Exordium","TheCity"],"potions_floor_usage":[16,16,23],"damage_taken":[{"damage":2,"enemies":"2 Louse","floor":1,"turns":2},{"damage":0,"enemies":"Cultist","floor":2,"turns":3},{"damage":2,"enemies":"Small Slimes","floor":4,"turns":3},{"damage":0,"enemies":"3 Louse","floor":5,"turns":3},{"damage":28,"enemies":"Gremlin Nob","floor":7,"turns":5},{"damage":10,"enemies":"Exordium Wildlife","floor":11,"turns":4},{"damage":13,"enemies":"Lots of Slimes","floor":12,"turns":4},{"damage":7,"enemies":"2 Fungi Beasts","floor":13,"turns":4},{"damage":10,"enemies":"The Guardian","floor":16,"turns":9},{"damage":7,"enemies":"2 Thieves","floor":18,"turns":4},{"damage":0,"enemies":"Chosen","floor":19,"turns":2},{"damage":5,"enemies":"Gremlin Leader","floor":23,"turns":4},{"damage":0,"enemies":"Centurion and Healer","floor":25,"turns":4},{"damage":21,"enemies":"Nightmare","floor":27,"turns":5},{"damage":0,"enemies":"3 Cultists","floor":29,"turns":3},{"damage":11,"enemies":"Snecko","floor":30,"turns":4},{"damage":53,"enemies":"Slavers","floor":31,"turns":4}],"seed_played":"-4999829792416982784","potions_obtained":[{"floor":5,"key":"SkillPotion"},{"floor":7,"key":"Reflective Coating"},{"floor":12,"key":"Fire Potion"},{"floor":13,"key":"SkillPotion"},{"floor":18,"key":"jedi:StrikingPotion"},{"floor":25,"key":"Languid Potion"},{"floor":29,"key":"Fire Potion"}],"is_trial":false,"path_per_floor":["M","M","?","M","M","R","E","R","T","?","M","M","M","$","R_BF","B",null,"M","M","?","?","$","E","R","M","T","NM","R","M","M","E"],"character_chosen":"SHADE","items_purchased":["jedi:RedIncense","Shade:Doomsay","Shade:CommandSoldier"],"campfire_rested":1,"item_purchase_floors":[14,14,22],"current_hp_per_floor":[63,63,66,64,64,64,36,36,36,36,26,13,6,21,41,35,68,61,63,63,63,68,65,65,67,67,52,52,56,47,0,0],"gold":268,"neow_bonus":"THREE_CARDS","is_daily":false,"chose_seed":false,"campfire_upgraded":4,"win_rate":0.0,"timestamp":1608132044,"path_taken":["M","M","?","M","M","R","E","R","T","?","M","?","M","?","R_BF","BOSS","M","M","?","?","$","E","R","M","T","NM","R","M","M","E"],"items_purchased_type":["Card","Card","Card"],"build_version":"2020-12-13","purchased_purges":0,"victory":false,"max_hp_per_floor":[65,65,68,68,68,68,68,68,68,68,68,68,68,68,68,68,68,68,68,68,68,68,68,68,68,68,68,68,68,68,68,68],"card_choices":[{"not_picked":["Shade:FingerOfDeath","Shade:AblativeArmor"],"picked":"Shade:FreshBones","floor":0},{"not_picked":["Shade:Patience","Shade:AblativeArmor"],"picked":"Shade:CoffinDance","floor":1},{"not_picked":["Shade:AncientSpear","Shade:Asphyxiate"],"picked":"Shade:GraveStillness","floor":2},{"not_picked":["Shade:FleshToFlesh","Shade:ClawBack"],"picked":"Shade:GraveStillness","floor":4},{"not_picked":["Shade:PoundOfFlesh","Shade:Bonestorm"],"picked":"Shade:SpectralStrikes","floor":5},{"not_picked":["Shade:ClawBack","Shade:WallOfFlesh"],"picked":"Shade:SkeletonHug","floor":7},{"not_picked":["Shade:Trample","Shade:Bonestorm"],"picked":"Shade:FleshLikeOak","floor":11},{"not_picked":["Shade:FingerOfDeath","Shade:Trample"],"picked":"Shade:Bite_Shade","floor":12},{"not_picked":["Shade:Trample","Shade:FeralStrike"],"picked":"Shade:ExtraLimbs","floor":13},{"not_picked":["Shade:OfferingToTheBeyond","Shade:Consume"],"picked":"Shade:Tombstone","floor":16},{"not_picked":["Shade:RavenousHorde","Shade:Patience"],"picked":"Shade:Bite_Shade","floor":18},{"not_picked":["Shade:SanguineRitual+1","Shade:SoulToxin"],"picked":"Shade:SensePrey","floor":19},{"not_picked":["Shade:RavenousHorde","Shade:CallWraith"],"picked":"Shade:SensePrey","floor":23},{"not_picked":["Shade:Trample+1","Shade:FeralStrike"],"picked":"Shade:CommandSoldier","floor":25},{"not_picked":["Shade:Trample","Shade:Patience"],"picked":"Shade:SkeletonArmy","floor":27},{"not_picked":["Shade:OpenGraves","Shade:Premonition"],"picked":"Shade:TouchOfTheGrave+1","floor":29},{"not_picked":["Shade:Premonition","Shade:FuneraryArmor","Shade:BoneShards"],"picked":"SKIP","floor":30}],"player_experience":187891,"relics_obtained":[{"floor":7,"key":"MealTicket"},{"floor":9,"key":"HollowMod:LifeEnderRelic"},{"floor":23,"key":"beaked:ShinyBauble"},{"floor":26,"key":"Bag of Preparation"},{"floor":27,"key":"infinitespire:Lucky Rock"}],"event_choices":[{"damage_healed":0,"gold_gain":0,"cards_transformed":["Shade:CoffinDance"],"player_choice":"Transformed","damage_taken":0,"max_hp_gain":0,"max_hp_loss":0,"event_name":"Transmorgrifier","floor":10,"gold_loss":0,"cards_obtained":["Shade:ScuttlingHand"]}],"is_beta":false,"boss_relics":[{"not_picked":["hubris:VirtuousBlindfold","aspiration:SecretTechniqueScroll"],"picked":"halation:Yufonium"}],"items_purged_floors":[],"is_endless":false,"potions_floor_spawned":[5,7,12,13,18,25,29,30],"killed_by":"Slavers","ascension_level":0}}