{"host":"fuszjwm6fqgjjp4d","time":1608151144,"event":{"mods":["BaseMod","Bestiary","Colored Map","DeckTracker","Downfall","Minty Spire (QoL Compilation)","Permanent Neow","Relic Sorter","Relic Stats","StSLib"],"gold_per_floor":[114,114,132,151,67,93,93,93,146,161,161,195,215,225,225,225,225],"floor_reached":16,"playtime":481,"items_purged":[],"score":218,"play_id":"efb48807-318a-4691-b3ee-7f7c881a07eb","local_time":"20201216143904","is_ascension_mode":true,"campfire_choices":[{"data":"Carnage","floor":8,"key":"SMITH"},{"data":"Flex","floor":11,"key":"SMITH"},{"data":"Bash","floor":15,"key":"SMITH"}],"circlet_count":0,"master_deck":["AscendersBane","Strike_R+1","Strike_R+1","Strike_R","Strike_R","Strike_R","Defend_R","Defend_R","Defend_R","Defend_R","Bash+1","True Grit","Iron Wave","Sword Boomerang","Carnage+1","Combust","Flex+1","Cleave"],"relics":["Burning Blood","MealTicket","Anchor","Bronze Scales"],"acts_visited":["Exordium"],"potions_floor_usage":[6,12],"damage_taken":[{"damage":9.0,"enemies":"2 Louse","floor":1.0,"turns":3.0},{"damage":7.0,"enemies":"Cultist","floor":3.0,"turns":4.0},{"damage":2.0,"enemies":"Jaw Worm","floor":4.0,"turns":3.0},{"damage":23,"enemies":"3 Sentries","floor":6,"turns":11},{"damage":0,"enemies":"Blue Slaver","floor":10,"turns":3},{"damage":20,"enemies":"Lagavulin","floor":12,"turns":3},{"damage":6,"enemies":"Looter","floor":13,"turns":3},{"damage":2,"enemies":"3 Louse","floor":14,"turns":2},{"damage":52,"enemies":"Hexaghost","floor":16,"turns":9}],"seed_played":"-6149479676618840035","potions_obtained":[{"floor":1.0,"key":"Fire Potion"},{"floor":4.0,"key":"Dexterity Potion"},{"floor":6,"key":"SpeedPotion"},{"floor":7,"key":"FairyPotion"},{"floor":7,"key":"DuplicationPotion"},{"floor":12,"key":"sneckomod:MuddlingPotion"}],"is_trial":false,"path_per_floor":["M","?","M","M","$","E","?","R","T","M","R","E","M","M","R","B"],"character_chosen":"IRONCLAD","items_purchased":["Carnage"],"campfire_rested":0,"item_purchase_floors":[5],"current_hp_per_floor":[65,42,41,45,45,28,28,28,28,34,34,20,20,24,24,0,0],"gold":225,"neow_bonus":"THREE_CARDS","is_daily":false,"chose_seed":false,"campfire_upgraded":3,"win_rate":0.0,"timestamp":1608151144,"path_taken":["M","?","M","M","$","E","?","R","T","?","R","E","M","M","R","BOSS"],"items_purchased_type":["Card"],"build_version":"2020-12-13","purchased_purges":0,"victory":false,"max_hp_per_floor":[75,75,75,75,75,75,75,75,75,75,75,75,75,75,75,75,75],"relic_stats":{"counters":[9,41],"Bronze Scales":[69],"MealTicket":0,"obtain_stats":[{"Anchor":9,"Bronze Scales":12,"MealTicket":6,"Burning Blood":0},{"Anchor":4,"Bronze Scales":6,"MealTicket":4,"Burning Blood":0},{"Anchor":21,"Bronze Scales":27,"MealTicket":21,"Burning Blood":0}],"Burning Blood":48},"card_choices":[{"not_picked":["Clash","Burning Pact"],"picked":"True Grit","floor":0.0},{"not_picked":["Blood for Blood","Flex"],"picked":"Iron Wave","floor":1.0},{"not_picked":["Iron Wave","Bloodletting"],"picked":"Sword Boomerang","floor":3.0},{"not_picked":["Dual Wield","Clash","Intimidate"],"picked":"SKIP","floor":4.0},{"not_picked":["Disarm","Havoc"],"picked":"Combust","floor":6},{"not_picked":["Headbutt","Cleave"],"picked":"Flex","floor":10},{"not_picked":["Iron Wave","Thunderclap","Heavy Blade"],"picked":"SKIP","floor":12},{"not_picked":["Headbutt","Burning Pact"],"picked":"Cleave","floor":13},{"not_picked":["Rage","Sword Boomerang","Armaments"],"picked":"SKIP","floor":14}],"player_experience":1456804,"relics_obtained":[{"floor":6,"key":"MealTicket"},{"floor":9,"key":"Anchor"},{"floor":12,"key":"Bronze Scales"}],"event_choices":[{"damage_healed":0.0,"max_hp_gain":0.0,"max_hp_loss":0.0,"gold_gain":0.0,"event_name":"Shining Light","player_choice":"Entered Light","floor":2.0,"gold_loss":0.0,"damage_taken":23.0,"cards_upgraded":["Strike_R","Strike_R"]},{"damage_healed":0,"gold_gain":0,"player_choice":"Got Potions","damage_taken":0,"max_hp_gain":0,"max_hp_loss":0,"event_name":"Lab","floor":7,"gold_loss":0}],"is_beta":false,"boss_relics":[],"items_purged_floors":[],"is_endless":false,"potions_floor_spawned":[1,4,6,12],"killed_by":"Hexaghost","ascension_level":19}}