{"host":"eemx8njkng76fu5x","time":1608111372,"event":{"mods":["2.2 Compatiblity","BaseMod","Downfall","Minty Spire (QoL Compilation)","Permanent Neow","StSLib","Unceasing Turn Reminder","Unknown Chances"],"gold_per_floor":[99,119,44,194,194,220,243,253,253,253,270,280,265,283,295,399,399,399,419,3,3,36,56,56,56,6,34,48,48,33,48,66,163,163,88,108,108,118,3,3,29,55,55,55,69,203,203,218,238,238],"floor_reached":51,"playtime":2047,"items_purged":["Slimebound:Icky","champ:Strike","champ:Strike"],"score":1215,"play_id":"cda567f4-4735-4b47-91e9-3db73007bf67","local_time":"20201216173612","is_ascension_mode":true,"campfire_choices":[{"floor":1.0,"key":"RECALL"},{"data":"champ:Taunt","floor":3.0,"key":"SMITH"},{"data":"champ:TornadoPunch","floor":5.0,"key":"SMITH"},{"data":"champ:Improvising","floor":18.0,"key":"SMITH"},{"data":"champ:StanceDance","floor":21.0,"key":"SMITH"},{"data":"champ:SkillfulDodge","floor":25.0,"key":"SMITH"},{"data":"champ:DefensiveStyle","floor":35.0,"key":"SMITH"},{"data":"champ:FocusedDefense","floor":37.0,"key":"SMITH"},{"data":"champ:ShieldThrow","floor":40.0,"key":"SMITH"},{"data":"champ:EnGarde","floor":44.0,"key":"SMITH"}],"circlet_count":0,"master_deck":["champ:Strike","champ:Strike+1","champ:Defend","champ:Defend","champ:Defend","champ:Defend+1","champ:Execute+1","champ:Taunt+1","champ:TornadoPunch+1","champ:Improvising+1","champ:ShieldSigil","champ:Circumvent","champ:StanceDance+1","champ:Circumvent","champ:FocusedDefense+1","champ:EnGarde+1","champ:SkillfulDodge+1","champ:DefensiveStyle+1","champ:FocusedDefense+1","champ:TornadoPunch+1","champ:ShieldThrow+1","champ:Circumvent+1","champ:DefensiveStyle+1","champ:FalseCounter"],"relics":["champ:ChampionCrown","Unceasing Top","downfall:HeartBlessingRed","Shuriken","Omamori","InkBottle","Calling Bell","Regal Pillow","Mercury Hourglass","Shovel","Pantograph","Ancient Tea Set","Art of War","MealTicket","Cursed Key","downfall:HeartBlessingGreen","Bronze Scales","downfall:TeleportStone"],"acts_visited":["Exordium","TheCity","TheBeyond"],"potions_floor_usage":[48],"damage_taken":[{"damage":10.0,"enemies":"Small Slimes","floor":2.0,"turns":4.0},{"damage":27.0,"enemies":"Gremlin Nob","floor":6.0,"turns":4.0},{"damage":15.0,"enemies":"Jaw Worm","floor":8.0,"turns":5.0},{"damage":6.0,"enemies":"2 Louse","floor":11.0,"turns":2.0},{"damage":4.0,"enemies":"Exordium Thugs","floor":12.0,"turns":5.0},{"damage":5.0,"enemies":"downfall:FleeingMerchant","floor":13.0,"turns":4.0},{"damage":0.0,"enemies":"Lots of Slimes","floor":14.0,"turns":1.0},{"damage":19.0,"enemies":"3 Louse","floor":15.0,"turns":4.0},{"damage":0.0,"enemies":"downfall:Watcher","floor":16.0,"turns":6.0},{"damage":23.0,"enemies":"3 Byrds","floor":19.0,"turns":4.0},{"damage":1.0,"enemies":"downfall:FleeingMerchant","floor":20.0,"turns":4.0},{"damage":7.0,"enemies":"Book of Stabbing","floor":22.0,"turns":4.0},{"damage":4.0,"enemies":"Chosen","floor":23.0,"turns":3.0},{"damage":29.0,"enemies":"Gremlin Leader","floor":27.0,"turns":10.0},{"damage":12.0,"enemies":"Centurion and Healer","floor":28.0,"turns":6.0},{"damage":0.0,"enemies":"downfall:FleeingMerchant","floor":30.0,"turns":4.0},{"damage":10.0,"enemies":"Snecko","floor":31.0,"turns":3.0},{"damage":14.0,"enemies":"Sentry and Sphere","floor":32.0,"turns":5.0},{"damage":21.0,"enemies":"downfall:Defect","floor":33.0,"turns":6.0},{"damage":0.0,"enemies":"3 Shapes","floor":36.0,"turns":3.0},{"damage":0.0,"enemies":"Orb Walker","floor":38.0,"turns":1.0},{"damage":0.0,"enemies":"downfall:FleeingMerchant","floor":39.0,"turns":4.0},{"damage":0.0,"enemies":"Writhing Mass","floor":45.0,"turns":4.0},{"damage":0,"enemies":"downfall:FleeingMerchant","floor":46,"turns":2},{"damage":7,"enemies":"3 Darklings","floor":48,"turns":3},{"damage":11,"enemies":"Spire Growth","floor":49,"turns":3},{"damage":34,"enemies":"downfall:Ironclad","floor":50,"turns":9}],"seed_played":"-6395080854097496410","potions_obtained":[{"floor":2.0,"key":"sneckomod:MuddlingPotion"},{"floor":11.0,"key":"Swift Potion"},{"floor":12.0,"key":"BlessingOfTheForge"},{"floor":14.0,"key":"Block Potion"},{"floor":15.0,"key":"champ:OpenerPotion"},{"floor":16.0,"key":"Block Potion"},{"floor":19.0,"key":"Weak Potion"},{"floor":28.0,"key":"FairyPotion"},{"floor":32.0,"key":"SkillPotion"},{"floor":45,"key":"Weak Potion"},{"floor":48,"key":"DistilledChaos"}],"is_trial":false,"path_per_floor":["R","M","R","?","R","E","T","M","?","?","M","M","$","M","M","B",null,"R","M","$","R","E","M","T","R","?","E","M","?","$","M","M","B",null,"R","M","R","M","$","R","T","T","?","R","M","$","?","M","M","B",null],"character_chosen":"THE_CHAMP","items_purchased":["Pantograph","champ:EnGarde","Fruit Juice"],"campfire_rested":0,"item_purchase_floors":[20,20,46],"current_hp_per_floor":[81,74,74,74,74,52,52,42,35,35,34,30,25,25,11,11,64,64,41,40,40,33,29,29,29,59,30,18,91,91,81,67,70,86,86,86,86,86,91,91,91,91,91,91,91,91,91,94,88,62],"gold":238,"neow_bonus":"ONE_RARE_RELIC","is_daily":false,"chose_seed":false,"campfire_upgraded":9,"win_rate":0.0,"timestamp":1608111372,"path_taken":["R","M","R","?","R","E","T","M","?","?","?","M","$","?","M","BOSS","R","M","?","R","E","M","T","R","?","E","M","?","$","M","M","BOSS","R","M","R","M","$","R","T","?","?","R","?","$","?","M","M","BOSS"],"items_purchased_type":["Relic","Card","Potion"],"build_version":"2020-12-13","purchased_purges":3,"victory":true,"max_hp_per_floor":[81,81,81,81,81,81,81,81,81,81,81,81,81,81,81,81,81,81,81,81,81,81,81,81,81,81,81,81,91,91,91,91,91,91,91,91,91,91,91,91,91,91,91,91,91,91,91,96,96,96],"card_choices":[{"not_picked":["champ:StanceDance","champ:Haymaker"],"picked":"champ:TornadoPunch","floor":2.0},{"not_picked":["champ:IronFortress","champ:EndlessRage"],"picked":"champ:Improvising","floor":6.0},{"not_picked":["champ:RecklessLeap","champ:PerfectedStrike"],"picked":"champ:ShieldSigil","floor":8.0},{"not_picked":["champ:Aggression","champ:RisingSlash"],"picked":"champ:Circumvent","floor":11.0},{"not_picked":["champ:HeartStrike","champ:RageSigil","champ:TornadoPunch"],"picked":"SKIP","floor":12.0},{"not_picked":["champ:BladeFlurry","champ:Aggression"],"picked":"champ:StanceDance","floor":13.0},{"not_picked":["champ:PerfectedStrike","champ:BladeFlurry","champ:Haymaker"],"picked":"SKIP","floor":14.0},{"not_picked":["champ:RapidStrikes","champ:BringItOn"],"picked":"champ:Circumvent","floor":15.0},{"not_picked":["champ:SteelEdge","champ:IgnorePain"],"picked":"champ:ShieldSlam","floor":16.0},{"not_picked":["champ:FanOfKnives","champ:GladiatorStyle"],"picked":"champ:FocusedDefense+1","floor":19.0},{"not_picked":["champ:CalledShot","champ:Haymaker","champ:Control"],"picked":"SKIP","floor":20.0},{"not_picked":["champ:FlashCut+1","champ:BladeFlurry","champ:PreciseThrust+1"],"picked":"SKIP","floor":22.0},{"not_picked":["champ:SteelEdge","champ:Backstep"],"picked":"champ:SkillfulDodge","floor":23.0},{"not_picked":["champ:Circumvent","champ:FightOn"],"picked":"champ:DefensiveStyle","floor":27.0},{"not_picked":["champ:CrookedStrike","champ:BladeFlurry"],"picked":"champ:FocusedDefense","floor":28.0},{"not_picked":["champ:GladiatorsShout","champ:RisingSlash"],"picked":"champ:TornadoPunch+1","floor":30.0},{"not_picked":["champ:PreciseThrust","champ:DancingMaster","champ:Shatter"],"picked":"SKIP","floor":31.0},{"not_picked":["champ:PreciseThrust","champ:DancingMaster","champ:Shatter"],"picked":"SKIP","floor":31.0},{"not_picked":["champ:TornadoPunch","champ:FaceSlap","champ:FightOn"],"picked":"SKIP","floor":32.0},{"not_picked":["champ:ShieldSlam","champ:VampiricStrike"],"picked":"champ:ShieldThrow","floor":33.0},{"not_picked":["champ:Encircle+1","champ:PerfectedStrike"],"picked":"champ:Circumvent+1","floor":36.0},{"not_picked":["champ:StanceDance","champ:CrookedStrike","champ:PerfectedStrike+1"],"picked":"SKIP","floor":38.0},{"not_picked":["champ:RapidStrikes+1","champ:FocusedGladiator+1","champ:ShieldSigil"],"picked":"SKIP","floor":39.0},{"not_picked":["champ:ArenaPreparation+1","champ:SwordSigil+1","champ:RageSigil"],"picked":"SKIP","floor":45},{"not_picked":["champ:DefensiveShout+1","champ:FanOfKnives","champ:PreciseThrust"],"picked":"SKIP","floor":46},{"not_picked":["champ:Control+1","champ:BringItOn+1"],"picked":"champ:FalseCounter","floor":48},{"not_picked":["champ:PerfectForm","champ:PerfectedStrike+1","champ:CrookedStrike+1"],"picked":"SKIP","floor":49}],"player_experience":373376,"relics_obtained":[{"floor":6.0,"key":"Shuriken"},{"floor":7.0,"key":"Omamori"},{"floor":17.0,"key":"Regal Pillow"},{"floor":17.0,"key":"Mercury Hourglass"},{"floor":17.0,"key":"Shovel"},{"floor":22.0,"key":"Ancient Tea Set"},{"floor":24.0,"key":"Art of War"},{"floor":27.0,"key":"MealTicket"},{"floor":42.0,"key":"Bronze Scales"}],"event_choices":[{"damage_healed":0.0,"max_hp_gain":0.0,"max_hp_loss":0.0,"gold_gain":0.0,"event_name":"Scrap Ooze","player_choice":"Success","floor":9.0,"gold_loss":0.0,"damage_taken":7.0,"relics_obtained":["InkBottle"]},{"cards_removed":["champ:ShieldSlam"],"damage_healed":63.0,"max_hp_gain":10.0,"max_hp_loss":0.0,"gold_gain":0.0,"event_name":"Bonfire Elementals","player_choice":"Offered Rare","floor":29.0,"gold_loss":0.0,"damage_taken":0.0},{"damage_healed":0.0,"max_hp_gain":0.0,"max_hp_loss":0.0,"gold_gain":0.0,"event_name":"Duplicator","player_choice":"Copied","floor":43.0,"gold_loss":0.0,"damage_taken":0.0,"cards_obtained":["champ:DefensiveStyle"]}],"is_beta":false,"boss_relics":[{"not_picked":["Pandora\u0027s Box","SlaversCollar"],"picked":"Calling Bell"},{"not_picked":["Snecko Eye","champ:PowerArmor"],"picked":"Cursed Key"}],"items_purged_floors":[20,39,46],"is_endless":false,"potions_floor_spawned":[2,11,12,14,15,16,19,28,32,45,48],"ascension_level":5}}