{"host":"6scopiddv55v50ud","time":1608162946,"event":{"mods":["AchievementEnabler","Act Like it!","BaseMod","Better Altar","Better Match","Better Note","Better Sensory Stone","Better Skull","Better Third Choice","Defuse TimeMaze Blight","Downfall","Minty Spire (QoL Compilation)","StSLib"],"gold_per_floor":[99,114,139,157,184,184,184,203,203,128,53,53,38,213,233,334,334,334,259,4,4,40,40,40],"floor_reached":23,"playtime":1869,"items_purged":[],"score":197,"play_id":"d52299af-c08e-4bc3-8959-6719afd3bf88","local_time":"20201216155546","is_ascension_mode":false,"campfire_choices":[{"floor":1,"key":"RECALL"},{"floor":10,"key":"REST"},{"floor":18,"key":"REST"}],"circlet_count":0,"master_deck":["hexamod:Sear","hexamod:Float","hexamod:BurningTouch","hexamod:GhostflameBarrier","hexamod:ChargedBarrage","hexamod:FlamesFromBeyond","Ragnarok","Echo Form","hexamod:ExtraCrispy","hexamod:EmpoweredFlame","hexamod:RadiantFlame","champ:DefensiveStyle","hexamod:HeatShield","Doubt","hexamod:PhantomCloak","hexamod:FifthSeal","hexamod:RecurringNightmare","hexamod:PhantomFireball","hexamod:SoulSteal","hexamod:Hexaguard","hexamod:PhantomCloak","hexamod:RetreatToShadows","hexamod:BacktrackSmack","hexamod:HexaLevel","hexamod:ThirdSeal","hexamod:HexaLevel","hexamod:SecondSeal","hexamod:HeatShield","hexamod:FourthSeal","hexamod:FirstSeal","hexamod:HeatCrush"],"relics":["Fusion Hammer","The Courier","HornCleat","Bottled Lightning","downfall:HeartBlessingRed","Pandora\u0027s Box","StoneCalendar"],"acts_visited":["Exordium","TheCity"],"potions_floor_usage":[11,11,16,20],"damage_taken":[{"damage":1,"enemies":"Jaw Worm","floor":2,"turns":3},{"damage":30,"enemies":"Lagavulin","floor":3,"turns":7},{"damage":0,"enemies":"2 Louse","floor":4,"turns":4},{"damage":24,"enemies":"3 Sentries","floor":5,"turns":9},{"damage":5,"enemies":"Small Slimes","floor":8,"turns":3},{"damage":0,"enemies":"downfall:FleeingMerchant","floor":11,"turns":4},{"damage":1,"enemies":"downfall:FleeingMerchant","floor":13,"turns":4},{"damage":7,"enemies":"Blue Slaver","floor":15,"turns":4},{"damage":24,"enemies":"downfall:Silent","floor":16,"turns":7},{"damage":6,"enemies":"downfall:FleeingMerchant","floor":20,"turns":4},{"damage":28,"enemies":"3 Byrds","floor":21,"turns":5},{"damage":32,"enemies":"Chosen","floor":22,"turns":7},{"damage":7,"enemies":"Snake Plant","floor":23,"turns":1}],"seed_played":"5991040221085054254","potions_obtained":[{"floor":5,"key":"hexamod:EctoCoolerPotion"},{"floor":8,"key":"hexamod:EctoCoolerPotion"},{"floor":15,"key":"AttackPotion"},{"floor":16,"key":"Fire Potion"},{"floor":21,"key":"Block Potion"}],"is_trial":false,"path_per_floor":["R","M","E","M","E","?","T","M","?","R","$","?","$","?","M","B",null,"R","?","$","M","M","M"],"character_chosen":"THE_SPIRIT","items_purchased":["hexamod:RadiantFlame","StoneCalendar"],"campfire_rested":2,"item_purchase_floors":[11,20],"current_hp_per_floor":[70,69,39,39,15,7,7,2,25,46,46,46,45,45,38,14,70,70,70,64,36,4,0,0],"gold":40,"neow_bonus":"BOSS_RELIC","is_daily":false,"chose_seed":false,"campfire_upgraded":0,"win_rate":0.0,"timestamp":1608162946,"path_taken":["R","M","E","M","E","?","T","M","?","R","?","?","$","?","M","BOSS","R","?","$","M","M","M"],"items_purchased_type":["Card","Relic"],"build_version":"2020-12-13","purchased_purges":0,"victory":false,"max_hp_per_floor":[70,70,70,70,70,70,70,70,70,70,70,70,70,70,70,70,70,70,70,70,70,70,70,70],"card_choices":[{"not_picked":["hexamod:InspiringFlames","hexamod:GhostLash"],"picked":"hexamod:BurningTouch","floor":2},{"not_picked":["hexamod:SecondSeal","hexamod:SpectralAdrenaline"],"picked":"hexamod:GhostflameBarrier","floor":3},{"not_picked":["hexamod:NightmareGuise","hexamod:RetreatToShadows"],"picked":"hexamod:ChargedBarrage","floor":4},{"not_picked":["hexamod:GhostOfSpirePresent","hexamod:PhantomCloak"],"picked":"hexamod:FlamesFromBeyond","floor":5},{"not_picked":["hexamod:AdvancingGuard","hexamod:Rewind"],"picked":"hexamod:ExtraCrispy","floor":8},{"not_picked":["hexamod:FirstSeal","hexamod:GhostOfSpireFuture"],"picked":"hexamod:EmpoweredFlame","floor":11},{"not_picked":["hexamod:GhostLash","hexamod:RainOfEmbers"],"picked":"hexamod:HeatShield","floor":13},{"not_picked":["hexamod:ShieldOfDarkness","hexamod:SpectersWail"],"picked":"hexamod:PhantomCloak","floor":15},{"not_picked":["hexamod:TimeOfNeed","hexamod:TurnItUp"],"picked":"hexamod:FifthSeal","floor":16},{"not_picked":["hexamod:FirstSeal","hexamod:FourthSeal"],"picked":"hexamod:ThirdSeal","floor":20},{"not_picked":["hexamod:InspiringFlames","hexamod:FastForward"],"picked":"hexamod:HexaLevel","floor":20},{"not_picked":["hexamod:ThirdSeal","hexamod:FirstSeal"],"picked":"hexamod:SecondSeal","floor":21},{"not_picked":["hexamod:SpectersWail","hexamod:HauntingEcho"],"picked":"hexamod:HeatShield","floor":21},{"not_picked":["hexamod:GhostLash+1","hexamod:FastForward","hexamod:ShieldOfDarkness"],"picked":"SKIP","floor":21},{"not_picked":["hexamod:ThirdSeal","hexamod:SecondSeal"],"picked":"hexamod:FourthSeal","floor":22},{"not_picked":["hexamod:ThirdSeal","hexamod:SecondSeal"],"picked":"hexamod:FirstSeal","floor":22},{"not_picked":["hexamod:ShieldOfDarkness+1","hexamod:TurnItUp"],"picked":"hexamod:HeatCrush","floor":22},{"not_picked":["hexamod:GhostShield","hexamod:Hexaguard","hexamod:Again"],"picked":"SKIP","floor":22}],"player_experience":286995,"relics_obtained":[{"floor":3,"key":"The Courier"},{"floor":5,"key":"HornCleat"},{"floor":7,"key":"Bottled Lightning"}],"event_choices":[{"damage_healed":0,"gold_gain":1,"player_choice":"Card Card ","damage_taken":8,"max_hp_gain":0,"max_hp_loss":0,"event_name":"betterThird:BetterScrap","floor":6,"gold_loss":0,"cards_obtained":["Ragnarok","Echo Form"]},{"damage_healed":23,"gold_gain":0,"player_choice":"Banana","damage_taken":0,"max_hp_gain":0,"max_hp_loss":0,"event_name":"Big Fish","floor":9,"gold_loss":0},{"damage_healed":0,"gold_gain":1,"player_choice":"4","damage_taken":0,"max_hp_gain":0,"max_hp_loss":0,"event_name":"betterStone:BetterStone","floor":12,"gold_loss":0,"cards_obtained":["champ:DefensiveStyle"]},{"damage_healed":0,"gold_gain":0,"player_choice":"3","damage_taken":0,"max_hp_gain":0,"max_hp_loss":0,"event_name":"betterMatch:BetterMatch","floor":19,"gold_loss":0,"cards_obtained":[]}],"is_beta":false,"boss_relics":[{"not_picked":["Astrolabe","Busted Crown"],"picked":"Pandora\u0027s Box"}],"items_purged_floors":[],"is_endless":false,"potions_floor_spawned":[5,8,15,16,21],"killed_by":"Snake Plant","ascension_level":0}}