{"host":"d61vkvf8c80cu18y","time":1608153733,"event":{"mods":["2.2 Compatiblity","AchievementEnabler","Aspiration","BaseMod","Better Altar","Better Note","Better Sensory Stone","Better Skull","Better Third Choice","BetterRewards","Challenge The Spire","Conspire","Custom Start","Energized Spire","GifTheSpireLib","Hermit","Highlight Path","Hubris","Infinite Spire","Ironclad Rager","Marked Mod","Minty Spire (QoL Compilation)","Quick Restart","Rare Cards Sparkle","Relic Filter","Replay The Spire","Retaliation","Shade Mod","Shop Mod","Spicy Shops","Spikes Relics","StSLib","Stuff the Spire","The Blue Laboratory","The Cursed","The Runesmith","The Sage","The Servant 0.9.4","TheVacant","Thieving Mod","Virulent Crown","thorton"],"gold_per_floor":[109,19,19,34,34,63,63,79,79,0,0,13,8,41,41,161,161,197,48,82,113,113,113,179,179,179,199,219,219,252,266,266,364,364,381,381,398,60,75,100,118,118,172,172,172,190,206,260,260,260,260],"floor_reached":50,"playtime":4389,"items_purged":["Regret","theVacant:FromNothing+1"],"score":659,"play_id":"e0a29175-66c0-46f0-9156-5ff1f5cd8eb5","local_time":"20201216152213","is_ascension_mode":false,"campfire_choices":[{"data":"theVacant:Exorcise","floor":11.0,"key":"SMITH"},{"data":"theVacant:Threat","floor":15.0,"key":"SMITH"},{"data":"theVacant:FromNothing","floor":23.0,"key":"SMITH"},{"data":"theVacant:DeathSpiral","floor":25.0,"key":"SMITH"},{"floor":32.0,"key":"REST"},{"data":"Specialist","floor":45.0,"key":"SMITH"},{"floor":49.0,"key":"RECALL"}],"circlet_count":0,"master_deck":["theVacant:VacantStarterStrike","theVacant:VacantStarterStrike","theVacant:VacantStarterStrike","theVacant:VacantStarterStrike","theVacant:VacantStarterDefend","theVacant:VacantStarterDefend","theVacant:VacantStarterDefend","theVacant:VacantStarterDefend","theVacant:Release","theVacant:Crunch","theVacant:TwistFate","theVacant:ShriekingBlast","theVacant:IntoTheAbyss","Specialist+1","theVacant:HolyWater","theVacant:EmbraceDarkness","theVacant:Exorcise+1","theVacant:Gloom","theVacant:Threat+1","HandOfGreed","theVacant:Anguish+1","theVacant:Whip","theVacant:DeathSpiral+1","theVacant:Husk","theVacant:ShriekingBlast","theVacant:Barrage","theVacant:IntoTheAbyss","theVacant:Sneeze","theVacant:ShutAway+1","infinitespire:SealOfDarkness+","theVacant:Barrage","theVacant:Voidstone","theVacant:OnSecondThought+1","Madness","Madness","theVacant:BellToll","theVacant:ShutAway","theVacant:EmbraceDarkness+1","theVacant:Carve","theVacant:OnSecondThought+1","theVacant:DeathSpiral"],"relics":["theVacant:BrassGoblet","NeowsBlessing","aspiration:DSix","infinitespire:CheckeredPen","Replay:Bottled Snecko","infinitespire:Golems Mask","Incense Burner","Sandwich","Chemical X","Bag of Preparation","Replay:Bottled Eggs","Ancient Tea Set","Membership Card","Onion Ring","Vajra","Replay:Wax Seal","Blue Candle"],"acts_visited":["Exordium","TheCity","TheBeyond"],"potions_floor_usage":[],"damage_taken":[{"damage":0.0,"enemies":"Small Slimes","floor":1.0,"turns":1.0},{"damage":0.0,"enemies":"2 Louse","floor":4.0,"turns":1.0},{"damage":0.0,"enemies":"Lagavulin","floor":6.0,"turns":2.0},{"damage":7.0,"enemies":"Jaw Worm","floor":8.0,"turns":3.0},{"damage":12.0,"enemies":"Blue Slaver","floor":12.0,"turns":3.0},{"damage":0.0,"enemies":"Gremlin Nob","floor":14.0,"turns":2.0},{"damage":35.0,"enemies":"Hexaghost","floor":16.0,"turns":8.0},{"damage":11.0,"enemies":"Spheric Guardian","floor":18.0,"turns":3.0},{"damage":4.0,"enemies":"Chosen","floor":20.0,"turns":4.0},{"damage":17.0,"enemies":"Centurion and Healer","floor":21.0,"turns":4.0},{"damage":21.0,"enemies":"Slavers","floor":24.0,"turns":5.0},{"damage":0.0,"enemies":"Snecko","floor":27.0,"turns":2.0},{"damage":10.0,"enemies":"Chosen and Byrds","floor":28.0,"turns":3.0},{"damage":2.0,"enemies":"Cultist and Chosen","floor":30.0,"turns":2.0},{"damage":0.0,"enemies":"Centurion and Healer","floor":31.0,"turns":4.0},{"damage":0.0,"enemies":"Collector","floor":33.0,"turns":3.0},{"damage":18.0,"enemies":"Orb Walker","floor":35.0,"turns":3.0},{"damage":2.0,"enemies":"3 Shapes","floor":37.0,"turns":2.0},{"damage":0.0,"enemies":"Spire Growth","floor":39.0,"turns":2.0},{"damage":8.0,"enemies":"Reptomancer","floor":40.0,"turns":2.0},{"damage":0.0,"enemies":"Jaw Worm Horde","floor":41.0,"turns":1.0},{"damage":7.0,"enemies":"Writhing Mass","floor":46.0,"turns":2.0},{"damage":18.0,"enemies":"4 Shapes","floor":47.0,"turns":1.0},{"damage":16.0,"enemies":"Nemesis","floor":48.0,"turns":3.0}],"seed_played":"-6334644062319918746","potions_obtained":[{"floor":1.0,"key":"Ancient Potion"},{"floor":6.0,"key":"Death Potion"},{"floor":14.0,"key":"BlessingOfTheForge"},{"floor":16.0,"key":"blueLaboratory:BottleOfVodka"},{"floor":18.0,"key":"blueLaboratory:BottleOfVodka"},{"floor":31.0,"key":"blueLaboratory:LouseDecoction"},{"floor":35.0,"key":"blueLaboratory:PolymorphPotion"},{"floor":41.0,"key":"blueLaboratory:StoneskinPotion"}],"is_trial":false,"path_per_floor":["M","$","?","M","?","E","T","M","T","$","R","M","$","E","R","B",null,"M","$","M","M","?","R","E","R","T","M","M","AVR","M","M","R","B",null,"M","?","M","$","M","E","M","AVR","T","?","R","M","M","E","R","B"],"character_chosen":"THE_VACANT","items_purchased":["theVacant:ShriekingBlast","theVacant:IntoTheAbyss","theVacant:Gloom","theVacant:Anguish+1","Chemical X","Membership Card","theVacant:BellToll","theVacant:ShutAway","Onion Ring"],"campfire_rested":1,"item_purchase_floors":[2,2,10,13,19,38,38,38,38],"current_hp_per_floor":[80,80,80,80,80,80,80,73,73,73,73,61,61,61,61,26,80,69,69,65,48,48,48,27,27,27,27,17,17,15,15,39,39,80,62,52,50,50,50,42,42,42,42,42,42,35,17,1,1,1,1],"gold":260,"neow_bonus":"THREE_ENEMY_KILL","is_daily":false,"chose_seed":false,"campfire_upgraded":5,"win_rate":0.0,"timestamp":1608153733,"path_taken":["M","$","?","M","?","E","?","M","T","$","R","M","?","E","R","BOSS","M","$","M","M","?","R","E","R","T","M","M","AVR","M","M","R","BOSS","M","?","M","$","M","E","M","AVR","T","?","R","M","M","E","R","BOSS"],"items_purchased_type":["Card","Card","Card","Card","Relic","Relic","Card","Card","Relic"],"build_version":"2020-12-13","purchased_purges":2,"victory":false,"max_hp_per_floor":[80,80,80,80,80,80,80,80,80,80,80,80,80,80,80,80,80,80,80,80,80,80,80,80,80,80,80,80,80,80,80,80,80,80,80,80,80,80,80,80,80,80,80,80,80,80,80,80,80,80,80],"card_choices":[{"not_picked":["theVacant:OnSecondThought","theVacant:Thoughtseize"],"picked":"theVacant:TwistFate","floor":1.0},{"not_picked":["conspire:Banana","Blind"],"picked":"Specialist","floor":3.0},{"not_picked":["theVacant:EyePoke","theVacant:BattleScars"],"picked":"theVacant:HolyWater","floor":4.0},{"not_picked":["theVacant:Cower","theVacant:Spinshield"],"picked":"theVacant:EmbraceDarkness","floor":6.0},{"not_picked":["theVacant:ShriekingBlast","theVacant:EmbraceDarkness"],"picked":"theVacant:Exorcise","floor":8.0},{"not_picked":["theVacant:OnSecondThought","theVacant:HolyWater"],"picked":"theVacant:Threat","floor":12.0},{"not_picked":["theVacant:Fling","theVacant:EmbraceDarkness"],"picked":"theVacant:Whip","floor":14.0},{"not_picked":["theVacant:Exorcise","theVacant:Prevent"],"picked":"theVacant:DeathSpiral","floor":16.0},{"not_picked":["theVacant:Cower+1","theVacant:CursedBlast"],"picked":"theVacant:Husk","floor":18.0},{"not_picked":["theVacant:FranticBlow","theVacant:HolyWater+1"],"picked":"theVacant:ShriekingBlast","floor":20.0},{"not_picked":["theVacant:Fling","theVacant:Dig","theVacant:BrassMagnet"],"picked":"SKIP","floor":21.0},{"not_picked":["theVacant:Spinshield","theVacant:GraveWave"],"picked":"theVacant:IntoTheAbyss","floor":24.0},{"not_picked":["theVacant:Reconnect","theVacant:Thoughtseize"],"picked":"theVacant:Sneeze","floor":27.0},{"not_picked":["theVacant:EmptyShield","theVacant:Snowball+1"],"picked":"theVacant:ShutAway+1","floor":28.0},{"not_picked":["theVacant:FiendFrost","theVacant:LichStrike+1","theVacant:Dig"],"picked":"SKIP","floor":30.0},{"not_picked":["theVacant:Thoughtseize","theVacant:Spinshield"],"picked":"theVacant:Barrage","floor":31.0},{"not_picked":["theVacant:Exorcise","theVacant:ForgeSoul"],"picked":"theVacant:Voidstone","floor":33.0},{"not_picked":["theVacant:FranticBlow+1","theVacant:Enrage+1"],"picked":"theVacant:OnSecondThought+1","floor":35.0},{"not_picked":["theVacant:CleanseSoul","theVacant:SurpriseAttack","theVacant:Reconnect+1"],"picked":"SKIP","floor":37.0},{"not_picked":["theVacant:FranticBlow","theVacant:ShriekingBlast"],"picked":"theVacant:EmbraceDarkness+1","floor":39.0},{"not_picked":["theVacant:FiendFrost","theVacant:Expand"],"picked":"theVacant:Carve","floor":40.0},{"not_picked":["theVacant:EmptyShield","theVacant:Whip"],"picked":"theVacant:OnSecondThought+1","floor":41.0},{"not_picked":["theVacant:Spinshield","theVacant:CursedBlast+1","theVacant:Acceptance"],"picked":"SKIP","floor":46.0},{"not_picked":["theVacant:Yeet+1","theVacant:Spinshield","theVacant:Soothe"],"picked":"SKIP","floor":47.0},{"not_picked":["theVacant:CursedBlast+1","theVacant:ShriekingBlast"],"picked":"theVacant:DeathSpiral","floor":48.0}],"player_experience":364905,"relics_obtained":[{"floor":6.0,"key":"infinitespire:CheckeredPen"},{"floor":7.0,"key":"Replay:Bottled Snecko"},{"floor":9.0,"key":"infinitespire:Golems Mask"},{"floor":14.0,"key":"Incense Burner"},{"floor":24.0,"key":"Bag of Preparation"},{"floor":26.0,"key":"Replay:Bottled Eggs"},{"floor":40.0,"key":"Vajra"},{"floor":48.0,"key":"Blue Candle"}],"event_choices":[{"damage_healed":0.0,"max_hp_gain":0.0,"max_hp_loss":0.0,"gold_gain":1.0,"event_name":"betterStone:BetterStone","player_choice":"1","floor":3.0,"gold_loss":0.0,"damage_taken":0.0},{"damage_healed":0.0,"max_hp_gain":0.0,"max_hp_loss":0.0,"gold_gain":0.0,"event_name":"Big Fish","player_choice":"Box","floor":5.0,"gold_loss":0.0,"damage_taken":0.0,"relics_obtained":["aspiration:DSix"],"cards_obtained":["Regret"]},{"damage_healed":0.0,"max_hp_gain":0.0,"max_hp_loss":0.0,"gold_gain":0.0,"event_name":"Match and Keep!","player_choice":"2 cards matched","floor":22.0,"gold_loss":0.0,"damage_taken":0.0,"cards_obtained":["theVacant:Barrage","theVacant:FromNothing"]},{"damage_healed":0.0,"max_hp_gain":0.0,"max_hp_loss":0.0,"gold_gain":0.0,"event_name":"Winding Halls","player_choice":"Embrace Madness","floor":36.0,"gold_loss":0.0,"damage_taken":10.0,"cards_obtained":["Madness","Madness"]},{"damage_healed":0.0,"max_hp_gain":0.0,"max_hp_loss":0.0,"gold_gain":0.0,"event_name":"Tomb of Lord Red Mask","player_choice":"Ignored","floor":44.0,"gold_loss":0.0,"damage_taken":0.0}],"is_beta":false,"boss_relics":[{"not_picked":["energizedSpire:RedRose","aspiration:MobileForge"],"picked":"Sandwich"},{"not_picked":["hubris:CrackedHourglass","aspiration:ServantSkillbook","aspiration:SilentSkillbook"]}],"items_purged_floors":[29,42],"is_endless":false,"potions_floor_spawned":[1,6,14,16,18,20,27,31,35,39,41],"killed_by":"Awakened One","ascension_level":0}}