{"host":"b94931fzay7ri6da","time":1608116443,"event":{"mods":["AchievementEnabler","BaseMod","Colored Map","Colored Powertips","Downfall","Minty Spire (QoL Compilation)","Quick Restart","StSLib","SuperFastMode"],"gold_per_floor":[109,109,122,139,158,190,190,220,246,274,274,305,316,316,316,418,418,436,73,73,92,109,135,135,152,152,45,45,5,15,34,34,136,136,147,158,2,302,320,320,355,355,355,355,355],"floor_reached":44,"playtime":1402,"items_purged":["Defend_P"],"score":539,"play_id":"5c91219a-f316-41e1-b694-437f8be7afae","local_time":"20201216110043","is_ascension_mode":true,"campfire_choices":[{"data":"DeusExMachina","floor":7,"key":"SMITH"},{"floor":11,"key":"REST"},{"floor":15,"key":"REST"},{"floor":24,"key":"REST"},{"data":"expansioncontent:Flail","floor":28,"key":"SMITH"},{"data":"Worship","floor":32,"key":"SMITH"},{"data":"Vault","floor":40,"key":"SMITH"},{"data":"MasterReality","floor":42,"key":"SMITH"}],"circlet_count":0,"master_deck":["Strike_P","Strike_P","Strike_P","Strike_P+1","Defend_P+1","Defend_P+1","Defend_P+1","Eruption+1","Vigilance","FearNoEvil","SignatureMove","CutThroughFate","EmptyFist","DeusExMachina+1","Worship+1","FlurryOfBlows","TalkToTheHand","Ragnarok","Evaluate","BowlingBash+1","Wallop+1","Adaptation+1","expansioncontent:Flail+1","Prostrate","Pray","WheelKick+1","Tantrum","Vault+1","BattleHymn","Sanctity+1","MasterReality+1"],"relics":["Vajra","Centennial Puzzle","Omamori","War Paint","Smiling Mask","VioletLotus","Juzu Bracelet","PreservedInsect","Nloth\u0027s Gift","Regal Pillow","Oddly Smooth Stone","Sozu","Damaru","Blood Vial","Blue Candle"],"acts_visited":["Exordium","TheCity","TheBeyond"],"potions_floor_usage":[10,33,33],"damage_taken":[{"damage":0,"enemies":"Cultist","floor":1,"turns":3},{"damage":0,"enemies":"2 Louse","floor":3,"turns":1},{"damage":0,"enemies":"Jaw Worm","floor":4,"turns":1},{"damage":8,"enemies":"Exordium Thugs","floor":5,"turns":3},{"damage":14,"enemies":"Gremlin Nob","floor":6,"turns":3},{"damage":23,"enemies":"Lagavulin","floor":8,"turns":4},{"damage":19,"enemies":"3 Sentries","floor":10,"turns":3},{"damage":0,"enemies":"Gremlin Nob","floor":12,"turns":2},{"damage":0,"enemies":"2 Fungi Beasts","floor":13,"turns":1},{"damage":20,"enemies":"The Guardian","floor":16,"turns":5},{"damage":12,"enemies":"2 Thieves","floor":18,"turns":2},{"damage":5,"enemies":"3 Byrds","floor":21,"turns":3},{"damage":2,"enemies":"Cultist and Chosen","floor":22,"turns":3},{"damage":28,"enemies":"Slavers","floor":23,"turns":3},{"damage":13,"enemies":"Snake Plant","floor":25,"turns":2},{"damage":12,"enemies":"Centurion and Healer","floor":30,"turns":4},{"damage":0,"enemies":"3 Cultists","floor":31,"turns":1},{"damage":37,"enemies":"Collector","floor":33,"turns":6},{"damage":6,"enemies":"Orb Walker","floor":35,"turns":4},{"damage":11,"enemies":"3 Darklings","floor":36,"turns":4},{"damage":6,"enemies":"Maw","floor":39,"turns":6},{"damage":17,"enemies":"Giant Head","floor":41,"turns":6},{"damage":46,"enemies":"Spire Growth","floor":44,"turns":3}],"seed_played":"-2212321742174334162","potions_obtained":[{"floor":1,"key":"sneckomod:MuddlingPotion"},{"floor":5,"key":"SteroidPotion"},{"floor":6,"key":"Swift Potion"},{"floor":10,"key":"BlessingOfTheForge"},{"floor":12,"key":"sneckomod:MuddlingPotion"}],"is_trial":false,"path_per_floor":["M","?","M","M","M","E","R","E","T","E","R","E","M","?","R","B",null,"M","$","?","M","M","E","R","M","T","$","R","$","M","M","R","B",null,"M","M","$","?","M","R","E","R","T","M"],"character_chosen":"WATCHER","items_purchased":["Juzu Bracelet","PreservedInsect","expansioncontent:Flail","Prostrate","Pray","Damaru"],"campfire_rested":3,"item_purchase_floors":[19,19,27,27,29,37],"current_hp_per_floor":[72,77,77,77,69,55,55,32,32,13,36,36,36,21,44,24,77,65,65,65,60,58,30,68,55,55,55,55,55,43,43,43,6,77,71,60,60,60,54,54,37,37,37,0,0],"gold":355,"neow_bonus":"UPGRADE_CARD","is_daily":false,"chose_seed":false,"campfire_upgraded":5,"win_rate":0.0,"timestamp":1608116443,"path_taken":["M","?","M","M","M","E","R","E","T","E","R","E","M","?","R","BOSS","M","$","?","M","M","E","R","M","T","?","R","$","M","M","R","BOSS","M","M","$","?","M","R","E","R","T","M"],"items_purchased_type":["Relic","Relic","Card","Card","Card","Relic"],"build_version":"2020-12-13","purchased_purges":1,"victory":false,"max_hp_per_floor":[72,77,77,77,77,77,77,77,77,77,77,77,77,77,77,77,77,77,77,77,77,77,77,77,77,77,77,77,77,77,77,77,77,77,77,77,77,77,77,77,77,77,77,77,77],"card_choices":[{"not_picked":["PathToVictory","FlyingSleeves"],"picked":"FearNoEvil","floor":1},{"not_picked":["InnerPeace","Worship"],"picked":"SignatureMove","floor":3},{"not_picked":["PathToVictory","Protect"],"picked":"CutThroughFate","floor":4},{"not_picked":["EmptyBody","WreathOfFlame"],"picked":"EmptyFist","floor":5},{"not_picked":["Conclude","CutThroughFate"],"picked":"DeusExMachina","floor":6},{"not_picked":["FollowUp","EmptyBody"],"picked":"Worship","floor":8},{"not_picked":["Blasphemy","Crescendo"],"picked":"FlurryOfBlows","floor":10},{"not_picked":["Evaluate","Crescendo"],"picked":"TalkToTheHand","floor":12},{"not_picked":["JustLucky","BowlingBash","CarveReality"],"picked":"SKIP","floor":13},{"not_picked":["Judgement","Brilliance"],"picked":"Ragnarok","floor":16},{"not_picked":["ForeignInfluence","Study"],"picked":"Evaluate","floor":18},{"not_picked":["Nirvana","Vengeance"],"picked":"BowlingBash+1","floor":21},{"not_picked":["SignatureMove","DeceiveReality"],"picked":"Wallop+1","floor":22},{"not_picked":["Weave","CarveReality","Consecrate"],"picked":"SKIP","floor":23},{"not_picked":["Wish","MentalFortress"],"picked":"Adaptation+1","floor":25},{"not_picked":["Halt","SashWhip"],"picked":"WheelKick+1","floor":30},{"not_picked":["Wallop","Evaluate"],"picked":"Tantrum","floor":31},{"not_picked":["LessonLearned","ConjureBlade"],"picked":"Vault","floor":33},{"not_picked":["Wallop","Weave+1"],"picked":"BattleHymn","floor":35},{"not_picked":["Indignation+1","Adaptation+1"],"picked":"Sanctity+1","floor":36},{"not_picked":["InnerPeace+1","PathToVictory+1","Establishment"],"picked":"SKIP","floor":39},{"not_picked":["EmptyFist","SignatureMove"],"picked":"MasterReality","floor":41}],"player_experience":301927,"relics_obtained":[{"floor":6,"key":"Vajra"},{"floor":8,"key":"Centennial Puzzle"},{"floor":9,"key":"Omamori"},{"floor":10,"key":"War Paint"},{"floor":12,"key":"Smiling Mask"},{"floor":23,"key":"Regal Pillow"},{"floor":26,"key":"Oddly Smooth Stone"},{"floor":41,"key":"Blood Vial"},{"floor":43,"key":"Blue Candle"}],"event_choices":[{"damage_healed":0,"gold_gain":0,"player_choice":"Donut","damage_taken":0,"max_hp_gain":5,"max_hp_loss":0,"event_name":"Big Fish","floor":2,"gold_loss":0},{"damage_healed":0,"gold_gain":0,"player_choice":"Entered Light","damage_taken":15,"max_hp_gain":0,"max_hp_loss":0,"event_name":"Shining Light","floor":14,"gold_loss":0,"cards_upgraded":["Strike_P","Defend_P"]},{"damage_healed":0,"gold_gain":0,"player_choice":"Traded Relic","damage_taken":0,"relics_obtained":["Nloth\u0027s Gift"],"max_hp_gain":0,"max_hp_loss":0,"event_name":"N\u0027loth","floor":20,"relics_lost":["PureWater"],"gold_loss":0},{"damage_healed":0,"gold_gain":300,"player_choice":"Gold","damage_taken":0,"max_hp_gain":0,"max_hp_loss":0,"event_name":"Wheel of Change","floor":38,"gold_loss":0}],"is_beta":false,"boss_relics":[{"not_picked":["Snecko Eye","Fusion Hammer"],"picked":"VioletLotus"},{"not_picked":["Empty Cage","Cursed Key"],"picked":"Sozu"}],"items_purged_floors":[19],"is_endless":false,"potions_floor_spawned":[1,5,6,10,12,22,23,30,39,41],"killed_by":"Spire Growth","ascension_level":1}}