{"host":"pqs17sqrgflf4eqa","time":1608085469,"event":{"mods":["AchievementEnabler","BaseMod","Bestiary","Better Altar","Colored Map","Colored Powertips","Emptier Cage","Googly Eyes","Highlight Path","Minty Spire (QoL Compilation)","Quick Restart","StSLib","SuperFastMode","Transform Curses","slay the spire mod where everything is the same but ironclad has a cowboy hat"],"gold_per_floor":[118,17,17,17,17,351,369,380,380,407,407,438,438,469,481,621,633,668,699,12,12,12,43,43,66,66,66,91,107,107,122,122,247,247,268,268,286,67,91,91,130,130,130,145,170,170,170,170],"floor_reached":47,"playtime":1119,"items_purged":["Defend_P"],"score":719,"play_id":"0abeeaab-9202-4ceb-a8ea-73827d64578c","local_time":"20201215212429","is_ascension_mode":true,"campfire_choices":[{"data":"Crescendo","floor":13,"key":"SMITH"},{"data":"WindmillStrike","floor":15,"key":"SMITH"},{"data":"Apotheosis","floor":30,"key":"SMITH"},{"floor":32,"key":"REST"},{"floor":40,"key":"REST"},{"data":"DevaForm","floor":42,"key":"SMITH"}],"circlet_count":0,"master_deck":["Strike_P","Strike_P","Strike_P","Strike_P","Defend_P","Defend_P+1","Defend_P+1","Eruption+1","Vigilance","FlyingSleeves","Consecrate","WindmillStrike+1","EmptyFist","Halt","FollowUp","Crescendo+1","FearNoEvil","EmptyFist","Ragnarok","Apotheosis+1","Necronomicurse","Swivel+1","EmptyBody","Prostrate","Tantrum+1","CrushJoints+1","CarveReality","DevaForm+1","ClearTheMind+1","FlurryOfBlows+1","InnerPeace+1","FlyingSleeves+1","Collect+1","Panacea+1"],"relics":["PureWater","NeowsBlessing","Old Coin","Shovel","Centennial Puzzle","Golden Idol","Bag of Preparation","MawBank","SacredBark","Anchor","Mercury Hourglass","Necronomicon","Kunai","Toxic Egg 2","SlaversCollar","PreservedInsect","Turnip","Bird Faced Urn"],"acts_visited":["Exordium","TheCity","TheBeyond"],"potions_floor_usage":[12,16,23,33,35,39],"damage_taken":[{"damage":0.0,"enemies":"Jaw Worm","floor":1.0,"turns":1.0},{"damage":0.0,"enemies":"Lagavulin","floor":6.0,"turns":1.0},{"damage":0.0,"enemies":"2 Louse","floor":7.0,"turns":1.0},{"damage":1.0,"enemies":"Cultist","floor":8.0,"turns":3.0},{"damage":6,"enemies":"3 Sentries","floor":10,"turns":6},{"damage":0,"enemies":"Lagavulin","floor":12,"turns":3},{"damage":20,"enemies":"3 Sentries","floor":14,"turns":4},{"damage":27,"enemies":"Hexaghost","floor":16,"turns":8},{"damage":13,"enemies":"3 Byrds","floor":18,"turns":4},{"damage":0,"enemies":"Chosen","floor":19,"turns":3},{"damage":3,"enemies":"Slavers","floor":23,"turns":2},{"damage":11,"enemies":"Snecko","floor":25,"turns":4},{"damage":3,"enemies":"Centurion and Healer","floor":28,"turns":3},{"damage":0,"enemies":"Snake Plant","floor":29,"turns":2},{"damage":0,"enemies":"3 Cultists","floor":31,"turns":1},{"damage":45,"enemies":"Automaton","floor":33,"turns":5},{"damage":25,"enemies":"3 Darklings","floor":35,"turns":4},{"damage":26,"enemies":"3 Shapes","floor":37,"turns":2},{"damage":37,"enemies":"Transient","floor":39,"turns":5},{"damage":0,"enemies":"Giant Head","floor":41,"turns":5},{"damage":10,"enemies":"Sphere and 2 Shapes","floor":44,"turns":5},{"damage":3,"enemies":"3 Darklings","floor":45,"turns":2},{"damage":21,"enemies":"Spire Growth","floor":47,"turns":2}],"seed_played":"6493387559419960111","potions_obtained":[{"floor":1.0,"key":"FearPotion"},{"floor":8.0,"key":"Explosive Potion"},{"floor":16,"key":"GamblersBrew"},{"floor":19,"key":"FearPotion"},{"floor":25,"key":"FairyPotion"},{"floor":33,"key":"PowerPotion"},{"floor":35,"key":"Strength Potion"},{"floor":44,"key":"Energy Potion"}],"is_trial":false,"path_per_floor":["M","$","?","?","$","E","M","M","T","E","?","E","R","E","R","B",null,"M","M","$","?","?","E","?","M","T","?","M","M","R","M","R","B",null,"M","?","M","$","M","R","E","R","T","M","M","?","M"],"character_chosen":"WATCHER","items_purchased":["Consecrate","WindmillStrike","Anchor","AttackPotion","Apotheosis","Mercury Hourglass","PreservedInsect","Regen Potion"],"campfire_rested":2,"item_purchase_floors":[2,2,20,20,20,20,38,38],"current_hp_per_floor":[72,72,58,58,58,58,58,57,57,51,51,51,51,31,31,4,67,54,54,54,54,38,35,35,24,24,24,21,21,21,21,41,40,67,42,42,16,16,13,33,33,33,33,23,20,20,0,0],"gold":170,"neow_bonus":"THREE_ENEMY_KILL","is_daily":false,"chose_seed":false,"campfire_upgraded":4,"win_rate":0.0,"timestamp":1608085469,"path_taken":["M","$","?","?","?","E","?","M","T","E","?","E","R","E","R","BOSS","M","M","$","?","?","E","?","M","T","?","M","?","R","?","R","BOSS","M","?","M","$","M","R","E","R","T","M","M","?","M"],"items_purchased_type":["Card","Card","Relic","Potion","Card","Relic","Relic","Potion"],"build_version":"2020-12-13","purchased_purges":1,"victory":false,"max_hp_per_floor":[72,72,72,72,72,72,72,72,72,72,67,67,67,67,67,67,67,67,67,67,67,67,67,67,67,67,67,67,67,67,67,67,67,67,67,67,67,67,67,67,67,67,67,67,67,67,67,67],"card_choices":[{"not_picked":["SignatureMove","Prostrate"],"picked":"FlyingSleeves","floor":1.0},{"not_picked":["WheelKick","Wireheading"],"picked":"EmptyFist","floor":6.0},{"not_picked":["FlyingSleeves","Protect"],"picked":"Halt","floor":7.0},{"not_picked":["Protect","Adaptation"],"picked":"FollowUp","floor":8.0},{"not_picked":["Sanctity","Evaluate"],"picked":"Crescendo","floor":10},{"not_picked":["Vault","Collect"],"picked":"FearNoEvil","floor":12},{"not_picked":["LikeWater","Halt"],"picked":"EmptyFist","floor":14},{"not_picked":["Omniscience","MasterReality"],"picked":"Ragnarok","floor":16},{"not_picked":["CrushJoints+1","FlyingSleeves"],"picked":"BattleHymn","floor":18},{"not_picked":["Halt","Consecrate","JustLucky"],"picked":"SKIP","floor":19},{"not_picked":["Fasting2","ThirdEye"],"picked":"Swivel+1","floor":23},{"not_picked":["SashWhip","CrushJoints"],"picked":"Prostrate","floor":25},{"not_picked":["FlurryOfBlows","JustLucky"],"picked":"Tantrum+1","floor":28},{"not_picked":["WindmillStrike","Consecrate"],"picked":"CrushJoints+1","floor":29},{"not_picked":["Indignation+1","Crescendo+1"],"picked":"CarveReality","floor":31},{"not_picked":["LessonLearned","ConjureBlade+1"],"picked":"DevaForm","floor":33},{"not_picked":["FlyingSleeves+1","EmptyFist"],"picked":"ClearTheMind+1","floor":35},{"not_picked":["ThirdEye+1","Sanctity+1"],"picked":"FlurryOfBlows+1","floor":37},{"not_picked":["PathToVictory+1","EmptyFist+1"],"picked":"InnerPeace+1","floor":39},{"not_picked":["ThirdEye+1","Wish+1"],"picked":"FlyingSleeves+1","floor":41},{"not_picked":["Crescendo+1","BowlingBash+1"],"picked":"Collect+1","floor":44},{"not_picked":["Consecrate","Conclude+1","FearNoEvil"],"picked":"SKIP","floor":45},{"not_picked":["Transmutation+1","Deep Breath+1"],"picked":"Panacea+1","floor":46}],"player_experience":140432,"relics_obtained":[{"floor":6.0,"key":"Old Coin"},{"floor":9.0,"key":"Shovel"},{"floor":10,"key":"Centennial Puzzle"},{"floor":12,"key":"Bag of Preparation"},{"floor":14,"key":"MawBank"},{"floor":22,"key":"Necronomicon"},{"floor":23,"key":"Kunai"},{"floor":26,"key":"Toxic Egg 2"},{"floor":41,"key":"Turnip"},{"floor":43,"key":"Bird Faced Urn"}],"event_choices":[{"damage_healed":0.0,"max_hp_gain":0.0,"max_hp_loss":0.0,"gold_gain":0.0,"event_name":"Shining Light","player_choice":"Entered Light","floor":3.0,"gold_loss":0.0,"damage_taken":14.0,"cards_upgraded":["Defend_P","Defend_P"]},{"damage_healed":0.0,"max_hp_gain":0.0,"max_hp_loss":0.0,"gold_gain":0.0,"event_name":"Living Wall","player_choice":"Grow","floor":4.0,"gold_loss":0.0,"damage_taken":0.0,"cards_upgraded":["Eruption"]},{"damage_healed":0,"gold_gain":0,"player_choice":"Lose Max HP","damage_taken":0,"relics_obtained":["Golden Idol"],"max_hp_gain":0,"max_hp_loss":5,"event_name":"Golden Idol","floor":11,"gold_loss":0},{"damage_healed":0,"gold_gain":0,"player_choice":"Obtained Book","damage_taken":16,"max_hp_gain":0,"max_hp_loss":0,"event_name":"Cursed Tome","floor":22,"gold_loss":0},{"damage_healed":0,"gold_gain":0,"player_choice":"Read","damage_taken":0,"max_hp_gain":0,"max_hp_loss":0,"event_name":"The Library","floor":24,"gold_loss":0,"cards_obtained":["EmptyBody"]},{"damage_healed":0,"gold_gain":0,"player_choice":"Ignored","damage_taken":0,"max_hp_gain":0,"max_hp_loss":0,"event_name":"Vampires","floor":27,"gold_loss":0},{"cards_removed":["BattleHymn"],"damage_healed":0,"gold_gain":0,"player_choice":"Removed Power","damage_taken":0,"max_hp_gain":0,"max_hp_loss":0,"event_name":"Falling","floor":36,"gold_loss":0},{"damage_healed":0,"gold_gain":0,"player_choice":"Memory 1","damage_taken":0,"max_hp_gain":0,"max_hp_loss":0,"event_name":"SensoryStone","floor":46,"gold_loss":0}],"is_beta":false,"boss_relics":[{"not_picked":["Runic Dome","Pandora\u0027s Box"],"picked":"SacredBark"},{"not_picked":["Runic Pyramid","Snecko Eye"],"picked":"SlaversCollar"}],"items_purged_floors":[20],"is_endless":false,"potions_floor_spawned":[1,8,16,19,25,33,35,44],"killed_by":"Spire Growth","ascension_level":4}}