{"host":"63yhhrjweyj22b0v","time":1608100690,"event":{"mods":["BaseMod","Minty Spire (QoL Compilation)","Quick Restart"],"gold_per_floor":[118,18,118,132,143,178,178,178,178,190,190,204,224,252,252,355,355,373,346,346,271,345,345,365,365,443,443,476,476,476,476,476],"floor_reached":31,"playtime":1016,"items_purged":["Strike_B"],"score":329,"play_id":"78460039-ebae-47d8-9477-d8b209fb4d5d","local_time":"20201216003810","is_ascension_mode":true,"campfire_choices":[{"floor":8,"key":"REST"},{"floor":11,"key":"REST"},{"floor":15,"key":"REST"},{"floor":23,"key":"REST"},{"floor":25,"key":"REST"},{"floor":29,"key":"REST"}],"circlet_count":0,"master_deck":["Strike_B","Strike_B","Strike_B","Defend_B","Defend_B","Defend_B","Defend_B","Zap","Dualcast","Capacitor","Conserve Battery","Fusion","Force Field","Echo Form","White Noise","Coolheaded","Gash","Echo Form","Writhe","Defragment"],"relics":["Cracked Core","NeowsBlessing","Mummified Hand","Bronze Scales","HornCleat","Boot","Inserter","Toxic Egg 2","Pear","Orichalcum","Blood Vial"],"acts_visited":["Exordium","TheCity"],"potions_floor_usage":[16,31],"damage_taken":[{"damage":0,"enemies":"Cultist","floor":1,"turns":1},{"damage":0,"enemies":"2 Louse","floor":4,"turns":1},{"damage":0,"enemies":"Jaw Worm","floor":5,"turns":1},{"damage":25,"enemies":"3 Sentries","floor":6,"turns":9},{"damage":5,"enemies":"Looter","floor":10,"turns":3},{"damage":12,"enemies":"2 Fungi Beasts","floor":12,"turns":3},{"damage":7,"enemies":"Exordium Wildlife","floor":13,"turns":3},{"damage":21,"enemies":"Gremlin Nob","floor":14,"turns":5},{"damage":0,"enemies":"Hexaghost","floor":16,"turns":9},{"damage":19,"enemies":"Spheric Guardian","floor":18,"turns":6},{"damage":29,"enemies":"2 Thieves","floor":19,"turns":5},{"damage":28,"enemies":"Sentry and Sphere","floor":24,"turns":10},{"damage":31,"enemies":"Book of Stabbing","floor":28,"turns":7},{"damage":20,"enemies":"Colosseum Slavers","floor":30,"turns":4},{"damage":35,"enemies":"Cultist and Chosen","floor":31,"turns":4}],"seed_played":"-575229052607163237","potions_obtained":[{"floor":5,"key":"Weak Potion"},{"floor":10,"key":"Dexterity Potion"},{"floor":18,"key":"CultistPotion"},{"floor":28,"key":"Dexterity Potion"}],"is_trial":false,"path_per_floor":["M","$","?","M","M","E","?","R","T","M","R","M","M","E","R","B",null,"M","M","?","?","T","R","M","R","T","?","E","R","?","M"],"character_chosen":"DEFECT","items_purchased":["Conserve Battery"],"campfire_rested":6,"item_purchase_floors":[2],"current_hp_per_floor":[75,75,75,75,75,50,32,54,54,49,71,59,52,31,53,53,75,56,27,27,27,27,49,21,43,53,53,22,47,29,0,0],"gold":476,"neow_bonus":"THREE_ENEMY_KILL","is_daily":false,"chose_seed":false,"campfire_upgraded":0,"win_rate":0.0,"timestamp":1608100690,"path_taken":["M","$","?","?","M","E","?","R","T","M","R","M","M","E","R","BOSS","M","M","?","?","?","R","M","R","T","?","E","R","?","?"],"items_purchased_type":["Card"],"build_version":"2020-12-13","purchased_purges":1,"victory":false,"max_hp_per_floor":[75,75,75,75,75,75,75,75,75,75,75,75,75,75,75,75,75,75,75,75,75,75,75,75,75,85,85,85,85,85,85,85],"card_choices":[{"not_picked":["Go for the Eyes","Doom and Gloom"],"picked":"Capacitor","floor":1},{"not_picked":["Sweeping Beam","Rebound"],"picked":"Fusion","floor":4},{"not_picked":["Gash","Leap"],"picked":"Force Field","floor":5},{"not_picked":["Auto Shields","Go for the Eyes"],"picked":"Echo Form","floor":6},{"not_picked":["Reprogram","Beam Cell"],"picked":"White Noise","floor":10},{"not_picked":["Go for the Eyes","Darkness","Cold Snap"],"picked":"SKIP","floor":12},{"not_picked":["Steam","Rebound"],"picked":"Coolheaded","floor":13},{"not_picked":["Beam Cell","Force Field"],"picked":"Gash","floor":14},{"not_picked":["Thunder Strike","Amplify"],"picked":"Echo Form","floor":16},{"not_picked":["Coolheaded+1","Hologram","Turbo+1"],"picked":"SKIP","floor":18},{"not_picked":["Doom and Gloom","Beam Cell"],"picked":"Hello World","floor":19},{"not_picked":["Sweeping Beam","Leap+1","BootSequence+1"],"picked":"SKIP","floor":24},{"not_picked":["Rebound","Auto Shields+1"],"picked":"Defragment","floor":28}],"player_experience":604297,"relics_obtained":[{"floor":6,"key":"Mummified Hand"},{"floor":9,"key":"HornCleat"},{"floor":14,"key":"Boot"},{"floor":22,"key":"Toxic Egg 2"},{"floor":26,"key":"Pear"},{"floor":28,"key":"Blood Vial"}],"event_choices":[{"damage_healed":0,"gold_gain":100,"player_choice":"Pray","damage_taken":0,"max_hp_gain":0,"max_hp_loss":0,"event_name":"Golden Shrine","floor":3,"gold_loss":0},{"damage_healed":0,"gold_gain":0,"player_choice":"Success","damage_taken":18,"relics_obtained":["Bronze Scales"],"max_hp_gain":0,"max_hp_loss":0,"event_name":"Scrap Ooze","floor":7,"gold_loss":0},{"damage_healed":0,"gold_gain":0,"player_choice":"Ignored","damage_taken":0,"max_hp_gain":0,"max_hp_loss":0,"event_name":"Vampires","floor":20,"gold_loss":0},{"cards_removed":["Hello World"],"damage_healed":0,"gold_gain":0,"player_choice":"Gave Gold","damage_taken":0,"max_hp_gain":0,"max_hp_loss":0,"event_name":"Beggar","floor":21,"gold_loss":75},{"damage_healed":0,"gold_gain":0,"player_choice":"Opened","damage_taken":0,"relics_obtained":["Orichalcum"],"max_hp_gain":0,"max_hp_loss":0,"event_name":"The Mausoleum","floor":27,"gold_loss":0,"cards_obtained":["Writhe"]},{"damage_healed":0,"gold_gain":0,"player_choice":"Fight","damage_taken":0,"max_hp_gain":0,"max_hp_loss":0,"event_name":"Colosseum","floor":30,"gold_loss":0},{"damage_healed":0,"gold_gain":0,"player_choice":"Fled From Nobs","damage_taken":0,"max_hp_gain":0,"max_hp_loss":0,"event_name":"Colosseum","floor":30,"gold_loss":0}],"is_beta":false,"boss_relics":[{"not_picked":["Ectoplasm","Sozu"],"picked":"Inserter"}],"items_purged_floors":[2],"is_endless":false,"potions_floor_spawned":[5,10,12,18,28],"killed_by":"Cultist and Chosen","ascension_level":1}}