{"host":"g1wmg2w41xhsnw8g","time":1608084450,"event":{"mods":["2.2 Compatiblity","Act Like it!","BaseMod","Better Altar","Better Match","Better Note","Better Sensory Stone","Better Skull","Better Third Choice","BetterRewards","Booster Modes","CapriCore","Colored Map","Colored Powertips","Curses Come First","Defuse TimeMaze Blight","Displayed Cursed Tome","Downfall","Friendly Minions","GifTheSpireLib","Googly Eyes","Minty Spire (QoL Compilation)","Red Circlet Mod","Relic Sorter","SCP261 Mod","Shop Mod","Spicy Shops","StSLib","The Poker Player","The Sage","Transform Curses","Wandering Minibosses","????"],"gold_per_floor":[119,136,148,8,76,76,76,76,76,76,101,27,53,85,23,124,124,144,144,163,163,179,207,222,222,222,257,257,283,283,331,101,207,207,224,239,0,0,50,77,91,91,91,102,121,148,158,211,29,29],"floor_reached":51,"playtime":3280,"items_purged":["Decay"],"score":1163,"play_id":"cacd818e-794e-4ad8-b9f1-a1aba1883bb1","local_time":"20201215210729","is_ascension_mode":true,"campfire_choices":[{"floor":6,"key":"DIG"},{"floor":8,"key":"DIG"},{"floor":10,"key":"DIG"},{"floor":30,"key":"DIG"},{"floor":42,"key":"DIG"}],"circlet_count":0,"master_deck":["Slimebound:Tackle","Slimebound:Split","Slimebound:CorrosiveSpit","Necronomicurse","Slimebound:SamplingLick","Slimebound:GoopSpray","Slimebound:Equalize+1","Slimebound:OneTwoCombo+1","Slimebound:MassFeed+1","Slimebound:PrepareCrush","Slimebound:CheckThePlaybook","Slimebound:PressTheAttack+1","Slimebound:Equalize+1","Slimebound:FirmFortitude","Slimebound:Chomp+1","Slimebound:SlimeSlap+1","expansioncontent:BronzeBeam+1","Apotheosis+1","Slimebound:Gluttony","expansioncontent:DecasProtection","Slimebound:DuplicatedForm","Parasite","Slimebound:MassFeed+1","Slimebound:WasteNot"],"relics":["Slimebound:AbsorbEndCombat","Membership Card","Singing Bowl","MerchantsRug","OrangePellets","Shovel","Necronomicon","Boot","Akabeko","HornCleat","Anchor","Molten Egg 2","InkBottle","Slimebound:AggressiveSlimeRelic","Slimebound:MaxSlimesRelic","Ice Cream","Orichalcum","Pandora\u0027s Box","Blood Vial","Question Card","Bottled Flame","Shuriken","Pantograph","Eternal Feather","wanderingMiniBosses:ThiefScarf","CeramicFish","Slimebound:SelfDamagePreventRelic","Pen Nib","Fusion Hammer","Red Mask","Slimebound:SlimedSkullRelic","Letter Opener","Darkstone Periapt","Gremlin Horn","Mummified Hand","FossilizedHelix","Bottled Lightning","DollysMirror"],"acts_visited":["Exordium","TheCity","TheBeyond"],"potions_floor_usage":[4,14,24,29,33,39,44],"damage_taken":[{"damage":9,"enemies":"2 Louse","floor":1,"turns":2},{"damage":17,"enemies":"Small Slimes","floor":2,"turns":4},{"damage":11,"enemies":"Cultist","floor":3,"turns":3},{"damage":7,"enemies":"Exordium Thugs","floor":11,"turns":4},{"damage":25,"enemies":"Lagavulin","floor":13,"turns":4},{"damage":50,"enemies":"Lagavulin Event","floor":14,"turns":7},{"damage":26,"enemies":"Slime Boss","floor":16,"turns":5},{"damage":16,"enemies":"2 Thieves","floor":18,"turns":2},{"damage":8,"enemies":"Shell Parasite","floor":20,"turns":3},{"damage":8,"enemies":"Shelled Parasite and Fungi","floor":22,"turns":3},{"damage":24,"enemies":"Gremlin Leader","floor":23,"turns":4},{"damage":12,"enemies":"Sentry and Sphere","floor":24,"turns":2},{"damage":43,"enemies":"Slavers","floor":27,"turns":5},{"damage":39,"enemies":"Gremlin Leader","floor":29,"turns":4},{"damage":21,"enemies":"Snake Plant","floor":31,"turns":5},{"damage":56,"enemies":"Collector","floor":33,"turns":6},{"damage":23,"enemies":"3 Darklings","floor":35,"turns":3},{"damage":23,"enemies":"Orb Walker","floor":36,"turns":2},{"damage":69,"enemies":"Mind Bloom Boss Battle","floor":39,"turns":3},{"damage":9,"enemies":"Giant Head","floor":40,"turns":5},{"damage":31,"enemies":"3 Darklings","floor":41,"turns":2},{"damage":8,"enemies":"4 Shapes","floor":44,"turns":3},{"damage":13,"enemies":"Writhing Mass","floor":45,"turns":3},{"damage":66,"enemies":"Reptomancer","floor":46,"turns":4},{"damage":24,"enemies":"Transient","floor":47,"turns":5},{"damage":52,"enemies":"2 Orb Walkers","floor":48,"turns":3},{"damage":44,"enemies":"Donu and Deca","floor":50,"turns":5}],"seed_played":"-7320879431558715546","potions_obtained":[{"floor":3,"key":"GamblersBrew"},{"floor":13,"key":"Block Potion"},{"floor":14,"key":"champ:CounterPotion"},{"floor":20,"key":"Explosive Potion"},{"floor":23,"key":"CultistPotion"},{"floor":27,"key":"DistilledChaos"},{"floor":35,"key":"BlessingOfTheForge"},{"floor":40,"key":"AttackPotion"},{"floor":45,"key":"SpeedPotion"},{"floor":48,"key":"SCP261:DewritoBlazePotion"}],"is_trial":false,"path_per_floor":["M","M","M","$","?","R","?","R","T","R","M","$","E","?","R","B",null,"M","?","M","?","M","E","M","?","T","E","?","E","R","M","R","B",null,"M","M","?","?","?","E","M","R","T","M","M","E","M","?","R","B",null],"character_chosen":"SLIMEBOUND","items_purchased":["Membership Card","Singing Bowl","Pear","sagemod:Wine","MerchantsRug","OrangePellets","WingedGreaves","Boot","CeramicFish","Akabeko","Slimebound:AggressiveSlimeRelic","Slimebound:OneTwoCombo+1","Orichalcum","Slimebound:SelfDamagePreventRelic","Juzu Bracelet","Pen Nib","expansioncontent:DecasProtection","Bottled Lightning","DollysMirror","Slimebound:WasteNot"],"campfire_rested":0,"item_purchase_floors":[0,0,0,0,0,0,0,4,4,4,12,15,15,32,32,32,32,49,49,49],"current_hp_per_floor":[65,60,61,61,61,61,61,61,61,61,64,64,73,48,48,68,76,84,84,88,88,90,82,90,90,90,83,83,88,88,104,106,94,106,108,110,110,110,90,114,120,120,120,130,135,100,142,127,139,132],"gold":29,"neow_bonus":"","is_daily":false,"chose_seed":false,"campfire_upgraded":0,"win_rate":0.0,"timestamp":1608084449,"path_taken":["M","M","M","$","?","R","?","R","T","R","?","?","E","?","R","BOSS","M","?","M","?","M","E","M","?","T","E","?","E","R","?","R","BOSS","M","M","?","?","?","E","M","R","T","M","M","E","M","?","R","BOSS"],"items_purchased_type":["Relic","Relic","Relic","Potion","Relic","Relic","Relic","Relic","Relic","Relic","Relic","Card","Relic","Relic","Relic","Relic","Card","Relic","Relic","Card"],"build_version":"2020-12-13","purchased_purges":1,"victory":true,"max_hp_per_floor":[70,70,72,72,72,72,72,72,72,72,72,72,74,76,76,76,76,86,86,88,88,90,92,96,96,96,102,102,104,104,106,106,106,106,108,110,110,110,112,114,120,120,120,130,138,140,142,144,144,144],"card_choices":[{"not_picked":["Slimebound:ViciousTackle","Slimebound:SplitAcid"],"picked":"Slimebound:SamplingLick","floor":1},{"not_picked":["Slimebound:GrowthPunch","Slimebound:PressTheAttack"],"picked":"Slimebound:GoopSpray","floor":2},{"not_picked":["Slimebound:SamplingLick","Slimebound:FinishingTackle","Slimebound:HauntingLick"],"picked":"Singing Bowl","floor":3},{"not_picked":["Slimebound:LeechEnergy+1","Slimebound:Gluttony"],"picked":"Slimebound:Equalize+1","floor":11},{"not_picked":["Slimebound:LeechEnergy+1","Slimebound:AcidTongue","Slimebound:Equalize+1"],"picked":"Singing Bowl","floor":13},{"not_picked":["Slimebound:GoopSpray","Slimebound:RejuvenatingLick","Slimebound:Repurpose"],"picked":"Singing Bowl","floor":14},{"not_picked":["Slimebound:Teamwork","Slimebound:PrepareCrush"],"picked":"Slimebound:MassFeed+1","floor":16},{"not_picked":["Slimebound:MegaLick","Slimebound:ViciousTackle+1","Slimebound:RollThrough+1"],"picked":"Singing Bowl","floor":18},{"not_picked":["Slimebound:SplitBruiser","Slimebound:FinishingTackle+1","Slimebound:ComboTackle+1"],"picked":"Singing Bowl","floor":20},{"not_picked":["Violence","expansioncontent:Chronoboost"],"picked":"expansioncontent:BronzeBeam+1","floor":21},{"not_picked":["Violence","Secret Weapon"],"picked":"Apotheosis","floor":21},{"not_picked":["Slimebound:Schlurp+1","Slimebound:Chomp+1","Slimebound:LeechingTouch+1"],"picked":"Singing Bowl","floor":22},{"not_picked":["Slimebound:LeechingTouch+1","Slimebound:GrowthPunch+1","Slimebound:DisruptingSlam+1"],"picked":"Singing Bowl","floor":23},{"not_picked":["Slimebound:GoopTackle+1","Slimebound:GoopSpray"],"picked":"Slimebound:Gluttony","floor":24},{"not_picked":["Slimebound:HungryTackle+1","Slimebound:ViciousTackle+1","Slimebound:PressTheAttack+1","Slimebound:LeechEnergy+1"],"picked":"Singing Bowl","floor":27},{"not_picked":["Slimebound:LeechingTouch+1","Slimebound:DouseInSlime","Slimebound:SplitBruiser+1","Slimebound:Grow"],"picked":"Singing Bowl","floor":29},{"not_picked":["Slimebound:Equalize+1","Slimebound:FinishingTackle+1","Slimebound:DisruptingSlam+1","Slimebound:LevelUp+1"],"picked":"Singing Bowl","floor":31},{"not_picked":["Slimebound:MassFeed+1","Slimebound:MassRepurpose","Slimebound:LeechLife+1"],"picked":"Slimebound:DuplicatedForm","floor":33},{"not_picked":["Slimebound:FinishingTackle+1","Slimebound:Schlurp+1","Slimebound:Grow","Slimebound:Dissolve+1"],"picked":"Singing Bowl","floor":35},{"not_picked":["Slimebound:ViciousTackle+1","Slimebound:GrowthPunch+1","Slimebound:HungryTackle+1","Slimebound:GoopSpray+1"],"picked":"Singing Bowl","floor":36},{"not_picked":["Slimebound:PressTheAttack+1","Slimebound:LeechingTouch+1","Slimebound:GrowthPunch+1","Slimebound:SplitBruiser+1"],"picked":"Singing Bowl","floor":39},{"not_picked":["Slimebound:OozeBath","Slimebound:RainOfGoop","Slimebound:Schlurp","Slimebound:Chomp+1"],"picked":"Singing Bowl","floor":40},{"not_picked":["Slimebound:SplitMire+1","Slimebound:SlimeTap+1","Slimebound:DisruptingSlam+1","Slimebound:Grow+1"],"picked":"Singing Bowl","floor":41},{"not_picked":["Slimebound:LeechingTouch+1","Slimebound:GoopSpray+1","Slimebound:FinishingTackle+1","Slimebound:ViciousTackle+1"],"picked":"Singing Bowl","floor":44},{"not_picked":["Slimebound:Schlurp","Slimebound:SplitBruiser","Slimebound:DuplicatedForm","Slimebound:PressTheAttack+1"],"picked":"Singing Bowl","floor":45},{"not_picked":["Slimebound:GoopTackle+1","Slimebound:RollThrough+1","Slimebound:TongueLash+1","Slimebound:BestDefense+1"],"picked":"Singing Bowl","floor":46},{"not_picked":["Slimebound:Dissolve+1","Slimebound:GrowthPunch+1","Slimebound:RainOfGoop","Slimebound:SlimeBarrage+1"],"picked":"Singing Bowl","floor":47},{"not_picked":["Slimebound:SplitLeeching+1","Slimebound:SlimeSpikes+1","Slimebound:PressTheAttack+1","Slimebound:Prepare+1"],"picked":"Singing Bowl","floor":48}],"player_experience":1410310,"relics_obtained":[{"floor":6,"key":"HornCleat"},{"floor":8,"key":"Anchor"},{"floor":9,"key":"Molten Egg 2"},{"floor":10,"key":"InkBottle"},{"floor":13,"key":"Slimebound:MaxSlimesRelic"},{"floor":14,"key":"Ice Cream"},{"floor":23,"key":"Blood Vial"},{"floor":26,"key":"Bottled Flame"},{"floor":27,"key":"Shuriken"},{"floor":29,"key":"Pantograph"},{"floor":30,"key":"Eternal Feather"},{"floor":31,"key":"wanderingMiniBosses:ThiefScarf"},{"floor":31,"key":"CeramicFish"},{"floor":39,"key":"Slimebound:SlimedSkullRelic"},{"floor":40,"key":"Letter Opener"},{"floor":42,"key":"Darkstone Periapt"},{"floor":43,"key":"Gremlin Horn"},{"floor":46,"key":"Mummified Hand"},{"floor":48,"key":"FossilizedHelix"}],"event_choices":[{"damage_healed":0,"gold_gain":68,"player_choice":"Gained Gold","damage_taken":0,"max_hp_gain":0,"max_hp_loss":0,"event_name":"Golden Wing","floor":5,"gold_loss":0},{"cards_removed":["Slimebound:GoopSpray"],"damage_healed":0,"gold_gain":0,"player_choice":"Give","damage_taken":0,"max_hp_gain":0,"max_hp_loss":0,"event_name":"betterNote:BetterNote","floor":7,"gold_loss":0,"cards_obtained":["None"]},{"damage_healed":0,"gold_gain":30,"player_choice":"Searched \u00272\u0027 times","damage_taken":0,"max_hp_gain":0,"max_hp_loss":0,"event_name":"Dead Adventurer","floor":14,"gold_loss":0},{"damage_healed":0,"gold_gain":0,"player_choice":"Ignored","damage_taken":0,"max_hp_gain":0,"max_hp_loss":0,"event_name":"Vampires","floor":19,"gold_loss":0},{"damage_healed":0,"gold_gain":2,"player_choice":"1","damage_taken":0,"max_hp_gain":0,"max_hp_loss":0,"event_name":"betterStone:BetterStone","floor":21,"gold_loss":0},{"damage_healed":0,"gold_gain":0,"player_choice":"Opened","damage_taken":0,"relics_obtained":["Question Card"],"max_hp_gain":0,"max_hp_loss":0,"event_name":"The Mausoleum","floor":25,"gold_loss":0,"cards_obtained":["Writhe"]},{"cards_removed":["Writhe"],"damage_healed":0,"gold_gain":0,"player_choice":"Elegance","damage_taken":0,"max_hp_gain":0,"max_hp_loss":0,"event_name":"betterThird:BetterWriting","floor":28,"gold_loss":0},{"damage_healed":0,"gold_gain":0,"player_choice":"Paid","damage_taken":0,"relics_obtained":["Red Mask"],"max_hp_gain":0,"max_hp_loss":0,"event_name":"Tomb of Lord Red Mask","floor":37,"gold_loss":239},{"damage_healed":0,"gold_gain":0,"player_choice":"Forge","damage_taken":0,"max_hp_gain":0,"max_hp_loss":0,"event_name":"Accursed Blacksmith","floor":38,"gold_loss":0,"cards_upgraded":["Apotheosis"]},{"damage_healed":0,"gold_gain":0,"player_choice":"Fight","damage_taken":0,"max_hp_gain":0,"max_hp_loss":0,"event_name":"MindBloom","floor":39,"gold_loss":0},{"damage_healed":0,"gold_gain":0,"player_choice":"Fight","damage_taken":0,"max_hp_gain":0,"max_hp_loss":0,"event_name":"Mysterious Sphere","floor":48,"gold_loss":0}],"is_beta":false,"boss_relics":[{"not_picked":["Coffee Dripper","Busted Crown"],"picked":"Pandora\u0027s Box"},{"not_picked":["Runic Pyramid","Sozu"],"picked":"Fusion Hammer"}],"items_purged_floors":[4],"is_endless":false,"potions_floor_spawned":[3,13,14,20,23,27,35,40,45,48],"ascension_level":1}}