{"host":"9anmc1688xy4jiyg","time":1608129681,"event":{"mods":["AchievementEnabler","BaseMod","Highlight Path","Minty Spire (QoL Compilation)","Relic Stats","StSLib","ojb\u0027s Info Mod"],"gold_per_floor":[110,110,110,35,48,81,81,110,187,187,187,213,213,226,226,226,226],"floor_reached":16,"playtime":484,"items_purged":[],"score":282,"play_id":"39c29ce3-2eac-4543-84ae-d3f9beb539df","local_time":"20201216154121","is_ascension_mode":true,"campfire_choices":[{"data":"Immolate","floor":7,"key":"SMITH"},{"floor":11,"key":"REST"},{"data":"Armaments","floor":13,"key":"SMITH"},{"floor":15,"key":"REST"}],"circlet_count":0,"master_deck":["AscendersBane","Strike_R+1","Strike_R","Strike_R","Strike_R","Defend_R","Defend_R+1","Defend_R","Defend_R","Bash","Dropkick","Iron Wave","Immolate+1","Armaments+1","Rage","Shrug It Off"],"relics":["Burning Blood","NeowsBlessing","Omamori","Turnip","Tiny Chest","Ornamental Fan","Smiling Mask","Self Forming Clay"],"acts_visited":["Exordium"],"potions_floor_usage":[8],"damage_taken":[{"damage":0,"enemies":"Small Slimes","floor":1,"turns":1},{"damage":0,"enemies":"2 Louse","floor":5,"turns":1},{"damage":0,"enemies":"Gremlin Nob","floor":6,"turns":1},{"damage":43,"enemies":"Lagavulin","floor":8,"turns":7},{"damage":12,"enemies":"3 Sentries","floor":12,"turns":4},{"damage":1,"enemies":"Jaw Worm","floor":14,"turns":3},{"damage":78,"enemies":"The Guardian","floor":16,"turns":13}],"seed_played":"-7138865246496127013","potions_obtained":[{"floor":5,"key":"Dexterity Potion"},{"floor":8,"key":"ElixirPotion"}],"is_trial":false,"path_per_floor":["M","?","?","?","M","E","R","E","T","T","R","E","R","M","R","B"],"character_chosen":"IRONCLAD","items_purchased":[],"campfire_rested":2,"item_purchase_floors":[],"current_hp_per_floor":[74,51,46,46,52,58,58,21,21,21,43,37,37,42,64,0,0],"gold":226,"neow_bonus":"THREE_ENEMY_KILL","is_daily":false,"chose_seed":false,"campfire_upgraded":2,"win_rate":0.0,"timestamp":1608129681,"path_taken":["M","?","?","?","M","E","R","E","T","?","R","E","R","?","R","BOSS"],"items_purchased_type":[],"build_version":"2020-12-13","purchased_purges":0,"victory":false,"max_hp_per_floor":[75,75,75,75,75,75,75,75,75,75,75,75,75,75,75,75,75],"relic_stats":{"counters":[7,30],"Ornamental Fan":[4],"Self Forming Clay":[39],"Tiny Chest":0,"Turnip":[0],"Smiling Mask":0,"obtain_stats":[{"NeowsBlessing":0,"Ornamental Fan":9,"Self Forming Clay":12,"Tiny Chest":8,"Turnip":6,"Omamori":3,"Smiling Mask":10,"Burning Blood":0},{"NeowsBlessing":0,"Ornamental Fan":4,"Self Forming Clay":5,"Tiny Chest":4,"Turnip":3,"Omamori":1,"Smiling Mask":4,"Burning Blood":0},{"NeowsBlessing":0,"Ornamental Fan":10,"Self Forming Clay":14,"Tiny Chest":10,"Turnip":3,"Omamori":1,"Smiling Mask":10,"Burning Blood":0}],"Burning Blood":36},"card_choices":[{"not_picked":["Flex","Body Slam"],"picked":"Dropkick","floor":1},{"not_picked":["Inflame","Thunderclap"],"picked":"Iron Wave","floor":5},{"not_picked":["Second Wind","Entrench"],"picked":"Immolate","floor":6},{"not_picked":["Exhume","Ghostly Armor"],"picked":"Armaments","floor":8},{"not_picked":["Burning Pact","Headbutt"],"picked":"Rage","floor":12},{"not_picked":["Sever Soul","Twin Strike"],"picked":"Shrug It Off","floor":14}],"player_experience":443867,"relics_obtained":[{"floor":6,"key":"Turnip"},{"floor":8,"key":"Tiny Chest"},{"floor":9,"key":"Ornamental Fan"},{"floor":10,"key":"Smiling Mask"},{"floor":12,"key":"Self Forming Clay"}],"event_choices":[{"damage_healed":0,"gold_gain":0,"player_choice":"Entered Light","damage_taken":23,"max_hp_gain":0,"max_hp_loss":0,"event_name":"Shining Light","floor":2,"gold_loss":0,"cards_upgraded":["Defend_R","Strike_R"]},{"damage_healed":0,"gold_gain":0,"player_choice":"Success","damage_taken":5,"relics_obtained":["Omamori"],"max_hp_gain":0,"max_hp_loss":0,"event_name":"Scrap Ooze","floor":3,"gold_loss":0},{"cards_removed":["Strike_R"],"damage_healed":0,"gold_gain":0,"player_choice":"Card Removal","damage_taken":0,"max_hp_gain":0,"max_hp_loss":0,"event_name":"The Cleric","floor":4,"gold_loss":75}],"is_beta":false,"boss_relics":[],"items_purged_floors":[],"is_endless":false,"potions_floor_spawned":[5,8],"killed_by":"The Guardian","ascension_level":20}}