{"host":"aukiz5jlacd3g5yc","time":1608088506,"event":{"mods":["2.2 Compatiblity","BaseMod","Bestiary","Colored Map","Colored Powertips","Downfall","GifTheSpireLib","Highlight Path","Hubris","Infinite Spire","Marisa????????","Minty Spire (QoL Compilation)","Permanent Neow","Quick Restart","Random Character Button","Rare Cards Sparkle","Relic Sorter","Relic Stats","Replay The Spire","StSLib","Unknown Chances","everything is the same but u backflip on backflip","slay the spire mod where everything is the same but ironclad has a cowboy hat"],"gold_per_floor":[99,127,127,127,146,146,146],"floor_reached":6,"playtime":259,"items_purged":[],"score":44,"play_id":"9cfc6ab7-5d77-4b86-982e-7d6154c5e932","local_time":"20201215211506","is_ascension_mode":true,"campfire_choices":[{"data":"hexamod:Float","floor":1,"key":"SMITH"},{"data":"hexamod:GiftsFromTheDead","floor":4,"key":"SMITH"}],"circlet_count":0,"master_deck":["hexamod:Strike","hexamod:Strike","hexamod:Strike","hexamod:Defend","hexamod:Defend","hexamod:Defend","hexamod:Defend","hexamod:Sear","hexamod:Float+1","hexamod:UnleashSpirits","hexamod:GiftsFromTheDead+1","hexamod:GhostShield"],"relics":["hexamod:SpiritBrand","Bronze Scales","hubris:Towel"],"acts_visited":["Exordium"],"potions_floor_usage":[],"damage_taken":[{"damage":25,"enemies":"3 Sentries","floor":2,"turns":11},{"damage":8,"enemies":"2 Louse","floor":5,"turns":2},{"damage":43,"enemies":"Gremlin Nob","floor":6,"turns":4}],"seed_played":"3212515738035862442","potions_obtained":[{"floor":2,"key":"GamblersBrew"}],"is_trial":false,"path_per_floor":["R","E","?","R","M","E"],"character_chosen":"THE_SPIRIT","items_purchased":[],"campfire_rested":0,"item_purchase_floors":[],"current_hp_per_floor":[70,45,45,45,37,0,0],"gold":146,"neow_bonus":"TRANSFORM_CARD","is_daily":false,"chose_seed":false,"campfire_upgraded":2,"win_rate":0.0,"timestamp":1608088506,"path_taken":["R","E","?","R","M","E"],"items_purchased_type":[],"build_version":"2020-12-13","purchased_purges":0,"victory":false,"max_hp_per_floor":[70,70,70,70,70,70,70],"relic_stats":{"counters":[3,17],"Bronze Scales":[13],"obtain_stats":[{"Bronze Scales":2,"hubris:Towel":3,"hexamod:SpiritBrand":0},{"Bronze Scales":1,"hubris:Towel":1,"hexamod:SpiritBrand":0},{"Bronze Scales":11,"hubris:Towel":11,"hexamod:SpiritBrand":0}]},"card_choices":[{"not_picked":["hexamod:SoulSteal","hexamod:HauntingEcho"],"picked":"hexamod:GiftsFromTheDead","floor":2},{"not_picked":["hexamod:FastForward","hexamod:NightmareGuise"],"picked":"hexamod:GhostShield","floor":5}],"player_experience":366435,"relics_obtained":[{"floor":2,"key":"Bronze Scales"}],"event_choices":[],"is_beta":false,"boss_relics":[],"items_purged_floors":[],"is_endless":false,"potions_floor_spawned":[2],"killed_by":"Gremlin Nob","ascension_level":1}}