{"host":"newqdrzxfhh2im9e","time":1608078383,"event":{"mods":["AchievementEnabler","BaseMod","BetterRewards","Block Reminder","Colored Map","Jorbs\u0027s Wanderer Trilogy","Minty Spire (QoL Compilation)","Rare Cards Sparkle","Shop Mod","StSLib"],"gold_per_floor":[117,117,134,150,169,169,169,199,211,223,235,261,273,285,297,409,421,453,390,402,8,18,18,47,65,65,65,65,77,97,12,12,116,116,131,131,131,38,38,38,38],"floor_reached":40,"playtime":1350,"items_purged":[],"score":515,"play_id":"6d03b041-e783-4093-b20a-5dd33ab3750f","local_time":"20201215162623","is_ascension_mode":true,"campfire_choices":[{"data":"Dagger Spray","floor":7,"key":"SMITH"},{"data":"Noxious Fumes","floor":13,"key":"SMITH"},{"data":"Flechettes","floor":15,"key":"SMITH"},{"data":"Corpse Explosion","floor":23,"key":"SMITH"},{"floor":28,"key":"REST"},{"floor":32,"key":"REST"}],"circlet_count":0,"master_deck":["Strike_G","Strike_G","Strike_G","Strike_G","Defend_G","Defend_G+1","Defend_G","Defend_G","Survivor+1","Neutralize","Dagger Spray+1","Masterful Stab","Footwork+1","Noxious Fumes+1","Corpse Explosion+1","Deadly Poison+1","Metamorphosis","Panacea","Blur","Distraction","Crippling Poison","A Thousand Cuts","Secret Technique","Bandage Up","Madness","Madness"],"relics":["Ring of the Snake","War Paint","MawBank","White Beast Statue","Kunai","Busted Crown","Singing Bowl","Meat on the Bone","Vajra","Ornamental Fan","Cursed Key"],"acts_visited":["Exordium","TheCity","TheBeyond"],"potions_floor_usage":[3,4,5,6,16,18,24,24,25,29,30,33,35],"damage_taken":[{"damage":2,"enemies":"Cultist","floor":1,"turns":4},{"damage":0,"enemies":"2 Louse","floor":3,"turns":1},{"damage":1,"enemies":"Jaw Worm","floor":4,"turns":2},{"damage":0,"enemies":"Looter","floor":5,"turns":2},{"damage":0,"enemies":"3 Sentries","floor":6,"turns":1},{"damage":16,"enemies":"Gremlin Nob","floor":8,"turns":4},{"damage":0,"enemies":"Exordium Wildlife","floor":12,"turns":3},{"damage":2,"enemies":"The Guardian","floor":16,"turns":12},{"damage":6,"enemies":"2 Thieves","floor":18,"turns":2},{"damage":10,"enemies":"Spheric Guardian","floor":22,"turns":4},{"damage":41,"enemies":"Book of Stabbing","floor":24,"turns":6},{"damage":7,"enemies":"Snake Plant","floor":25,"turns":6},{"damage":21,"enemies":"Cultist and Chosen","floor":29,"turns":5},{"damage":7,"enemies":"Snecko","floor":30,"turns":4},{"damage":42,"enemies":"Automaton","floor":33,"turns":11},{"damage":10,"enemies":"3 Darklings","floor":35,"turns":4},{"damage":133,"enemies":"Giant Head","floor":40,"turns":9}],"seed_played":"5593702809653251355","potions_obtained":[{"floor":2,"key":"Fire Potion"},{"floor":2,"key":"Explosive Potion"},{"floor":2,"key":"SmokeBomb"},{"floor":3,"key":"AttackPotion"},{"floor":12,"key":"DistilledChaos"},{"floor":16,"key":"Poison Potion"},{"floor":18,"key":"CunningPotion"},{"floor":22,"key":"PowerPotion"},{"floor":24,"key":"SneckoOil"},{"floor":25,"key":"PowerPotion"},{"floor":29,"key":"SteroidPotion"},{"floor":30,"key":"CunningPotion"},{"floor":33,"key":"SpeedPotion"},{"floor":35,"key":"FairyPotion"}],"is_trial":false,"path_per_floor":["M","?","M","M","M","E","R","E","T","?","T","M","R","$","R","B",null,"M","?","T","$","M","R","E","M","T","?","R","M","M","?","R","B",null,"M","?","?","$","?","E"],"character_chosen":"THE_SILENT","items_purchased":["Metamorphosis","Panacea","Blur","Distraction","Bandage Up"],"campfire_rested":2,"item_purchase_floors":[21,21,21,21,38],"current_hp_per_floor":[68,68,68,67,67,67,67,51,51,51,51,51,51,51,51,49,65,59,59,59,59,51,51,12,19,19,19,41,34,39,39,62,32,67,59,59,59,59,49,0,0],"gold":38,"neow_bonus":"RANDOM_COMMON_RELIC","is_daily":false,"chose_seed":false,"campfire_upgraded":4,"win_rate":0.0,"timestamp":1608078383,"path_taken":["M","?","?","M","M","E","R","E","T","?","?","M","R","$","R","BOSS","M","?","?","$","M","R","E","M","T","?","R","M","?","?","R","BOSS","M","?","?","$","?","E"],"items_purchased_type":["Card","Card","Card","Card","Card"],"build_version":"2020-12-13","purchased_purges":0,"victory":false,"max_hp_per_floor":[70,70,70,70,70,70,70,70,70,70,70,70,70,70,70,70,70,70,70,70,70,72,72,74,76,76,76,76,78,78,78,78,78,78,80,80,80,80,80,80,80],"card_choices":[{"not_picked":["Dodge and Roll","Prepared"],"picked":"Flechettes","floor":1},{"not_picked":["Prepared","Skewer","Blade Dance"],"picked":"SKIP","floor":3},{"not_picked":["PiercingWail","Quick Slash"],"picked":"Dagger Spray","floor":4},{"not_picked":["Accuracy","Deflect"],"picked":"Masterful Stab","floor":5},{"not_picked":["Heel Hook","Riddle With Holes"],"picked":"Footwork","floor":8},{"not_picked":["All Out Attack","Masterful Stab"],"picked":"Noxious Fumes","floor":12},{"not_picked":["Night Terror","Venomology"],"picked":"Corpse Explosion","floor":16},{"not_picked":[],"picked":"Deadly Poison+1","floor":18},{"not_picked":["Cloak And Dagger"],"picked":"Singing Bowl","floor":22},{"not_picked":["Blade Dance"],"picked":"Singing Bowl","floor":24},{"not_picked":["Concentrate"],"picked":"Singing Bowl","floor":25},{"not_picked":["Flying Knee"],"picked":"Singing Bowl","floor":29},{"not_picked":[],"picked":"Crippling Poison","floor":30},{"not_picked":[],"picked":"A Thousand Cuts","floor":33},{"not_picked":["Poisoned Stab"],"picked":"Singing Bowl","floor":35},{"not_picked":[],"picked":"Secret Technique","floor":36}],"player_experience":603112,"relics_obtained":[{"floor":8,"key":"MawBank"},{"floor":9,"key":"White Beast Statue"},{"floor":11,"key":"Kunai"},{"floor":20,"key":"Singing Bowl"},{"floor":24,"key":"Meat on the Bone"},{"floor":26,"key":"Vajra"}],"event_choices":[{"damage_healed":0,"gold_gain":0,"player_choice":"Got Potions","damage_taken":0,"max_hp_gain":0,"max_hp_loss":0,"event_name":"Lab","floor":2,"gold_loss":0},{"damage_healed":0,"gold_gain":0,"player_choice":"Grow","damage_taken":0,"max_hp_gain":0,"max_hp_loss":0,"event_name":"Living Wall","floor":10,"gold_loss":0,"cards_upgraded":["Footwork"]},{"cards_removed":["Strike_G"],"damage_healed":0,"gold_gain":0,"player_choice":"Gave Gold","damage_taken":0,"max_hp_gain":0,"max_hp_loss":0,"event_name":"Beggar","floor":19,"gold_loss":75},{"cards_removed":["Defend_G"],"damage_healed":0,"gold_gain":0,"player_choice":"Purged","damage_taken":0,"max_hp_gain":0,"max_hp_loss":0,"event_name":"Purifier","floor":27,"gold_loss":0},{"damage_healed":0,"gold_gain":0,"player_choice":"Obtained Relic","damage_taken":0,"relics_obtained":["Ornamental Fan"],"max_hp_gain":0,"max_hp_loss":0,"event_name":"Addict","floor":31,"gold_loss":85},{"damage_healed":0,"gold_gain":0,"player_choice":"Memory 1","damage_taken":0,"max_hp_gain":0,"max_hp_loss":0,"event_name":"SensoryStone","floor":36,"gold_loss":0},{"cards_removed":["Flechettes"],"damage_healed":0,"gold_gain":0,"player_choice":"Removed Attack","damage_taken":0,"max_hp_gain":0,"max_hp_loss":0,"event_name":"Falling","floor":37,"gold_loss":0},{"damage_healed":0,"gold_gain":0,"player_choice":"Embrace Madness","damage_taken":10,"max_hp_gain":0,"max_hp_loss":0,"event_name":"Winding Halls","floor":39,"gold_loss":0,"cards_obtained":["Madness","Madness"]}],"is_beta":false,"boss_relics":[{"not_picked":["Snecko Eye","Calling Bell"],"picked":"Busted Crown"},{"not_picked":["Runic Pyramid","Pandora\u0027s Box"],"picked":"Cursed Key"}],"items_purged_floors":[],"is_endless":false,"potions_floor_spawned":[3,6,12,16,18,22,24,25,29,30,33,35],"killed_by":"Giant Head","ascension_level":5}}