{"host":"8rwnpls8n88jrgbg","time":1608125532,"event":{"mods":["AchievementEnabler","BaseMod","Colored Map","Colored Powertips","DeckTracker","Keyboard Shortcuts","Minty Spire (QoL Compilation)","Relic Stats","StSLib","SuperFastMode"],"gold_per_floor":[114,131,281,281,206,206,217,217,217,228,228,240,251,11,11,87,87,100,115,65,82,98,98,112,112,112],"floor_reached":25,"playtime":2333,"items_purged":["Doubt","Well Laid Plans"],"score":394,"play_id":"a882a96b-09dd-4801-8bb3-ce54d5897bfa","local_time":"20201216223212","is_ascension_mode":true,"campfire_choices":[{"data":"Quick Slash","floor":6.0,"key":"SMITH"},{"data":"Strike_G","floor":8.0,"key":"PURGE"},{"data":"Strike_G","floor":11.0,"key":"PURGE"},{"data":"Defend_G","floor":15.0,"key":"PURGE"},{"data":"Wraith Form v2","floor":23.0,"key":"SMITH"}],"circlet_count":0,"master_deck":["AscendersBane","Survivor","Neutralize","Quick Slash+1","Dagger Throw","Predator","Acrobatics","PiercingWail","Flash of Steel","Backflip","Wraith Form v2+1","Well Laid Plans","Backflip","Distraction","Venomology","Doppelganger","Noxious Fumes","Outmaneuver+1"],"relics":["Ring of the Snake","Peace Pipe","Bag of Preparation","Lantern","Membership Card","Pandora\u0027s Box"],"acts_visited":["Exordium","TheCity"],"potions_floor_usage":[24,25,25],"damage_taken":[{"damage":5.0,"enemies":"Cultist","floor":1.0,"turns":5.0},{"damage":0.0,"enemies":"2 Louse","floor":2.0,"turns":3.0},{"damage":0.0,"enemies":"Small Slimes","floor":7.0,"turns":3.0},{"damage":0.0,"enemies":"3 Louse","floor":10.0,"turns":5.0},{"damage":0.0,"enemies":"Exordium Wildlife","floor":12.0,"turns":2.0},{"damage":0.0,"enemies":"2 Fungi Beasts","floor":13.0,"turns":2.0},{"damage":28.0,"enemies":"The Guardian","floor":16.0,"turns":16.0},{"damage":15.0,"enemies":"2 Thieves","floor":18.0,"turns":5.0},{"damage":6.0,"enemies":"Spheric Guardian","floor":19.0,"turns":5.0},{"damage":10.0,"enemies":"Chosen and Byrds","floor":21.0,"turns":8.0},{"damage":0.0,"enemies":"Centurion and Healer","floor":22.0,"turns":4.0},{"damage":1,"enemies":"Cultist and Chosen","floor":24,"turns":6},{"damage":20,"enemies":"Chosen and Byrds","floor":25,"turns":3}],"seed_played":"-9040733270715870066","potions_obtained":[{"floor":2.0,"key":"Strength Potion"},{"floor":10.0,"key":"Block Potion"},{"floor":12.0,"key":"Regen Potion"},{"floor":21.0,"key":"Strength Potion"}],"is_trial":false,"path_per_floor":["M","M","?","?","$","R","M","R","T","M","R","M","M","$","R","B",null,"M","M","$","M","M","R","M","M"],"character_chosen":"THE_SILENT","items_purchased":["Membership Card","Flash of Steel","Backflip"],"campfire_rested":0,"item_purchase_floors":[14,14,14],"current_hp_per_floor":[54,54,54,28,28,28,28,28,28,28,28,28,28,28,28,15,49,34,28,28,18,18,18,17,0,0],"gold":112,"neow_bonus":"ONE_RARE_RELIC","is_daily":false,"chose_seed":false,"campfire_upgraded":2,"win_rate":0.0,"timestamp":1608125532,"path_taken":["M","M","?","?","$","R","M","R","T","M","R","M","M","$","R","BOSS","M","M","$","M","M","R","M","M"],"items_purchased_type":["Relic","Card","Card"],"build_version":"2020-12-13","purchased_purges":2,"victory":false,"max_hp_per_floor":[60,60,60,60,60,60,60,60,60,60,60,60,60,60,60,60,60,60,60,60,60,60,60,60,60,60],"relic_stats":{"Peace Pipe":3,"counters":[13,67],"Pandora\u0027s Box":["Well Laid Plans","Backflip","Distraction","Venomology","Well Laid Plans","Doppelganger","Noxious Fumes"],"Bag of Preparation":[22],"obtain_stats":[{"Peace Pipe":0,"Lantern":9,"Pandora\u0027s Box":17,"Bag of Preparation":4,"Membership Card":14,"Ring of the Snake":0},{"Peace Pipe":0,"Lantern":3,"Pandora\u0027s Box":7,"Bag of Preparation":2,"Membership Card":6,"Ring of the Snake":0},{"Peace Pipe":0,"Lantern":11,"Pandora\u0027s Box":36,"Bag of Preparation":8,"Membership Card":20,"Ring of the Snake":0}],"Ring of the Snake":[26]},"card_choices":[{"not_picked":["Prepared","Reflex"],"picked":"Quick Slash","floor":1.0},{"not_picked":["Expertise","Prepared"],"picked":"Dagger Throw","floor":2.0},{"not_picked":["Dodge and Roll","Flying Knee"],"picked":"Predator","floor":7.0},{"not_picked":["Flying Knee","Poisoned Stab","Dodge and Roll"],"picked":"SKIP","floor":10.0},{"not_picked":["Poisoned Stab","Quick Slash"],"picked":"Acrobatics","floor":12.0},{"not_picked":["Calculated Gamble","Slice"],"picked":"PiercingWail","floor":13.0},{"not_picked":["Night Terror","Malaise"],"picked":"Wraith Form v2","floor":16.0},{"not_picked":["Caltrops","Prepared"],"picked":"Outmaneuver+1","floor":18.0},{"not_picked":["Dash","Flying Knee","Dagger Spray"],"picked":"SKIP","floor":19.0},{"not_picked":["Flying Knee+1","Dodge and Roll","Deflect"],"picked":"SKIP","floor":21.0},{"not_picked":["Dash","Caltrops","Escape Plan"],"picked":"SKIP","floor":22.0},{"not_picked":["Infinite Blades","Acrobatics","Bane"],"picked":"SKIP","floor":24}],"player_experience":1440350,"relics_obtained":[{"floor":9.0,"key":"Lantern"}],"event_choices":[{"damage_healed":0.0,"max_hp_gain":0.0,"max_hp_loss":0.0,"gold_gain":150.0,"event_name":"Liars Game","player_choice":"AGREE","floor":3.0,"gold_loss":0.0,"damage_taken":0.0,"cards_obtained":["Doubt"]},{"damage_healed":0.0,"max_hp_gain":0.0,"max_hp_loss":0.0,"gold_gain":0.0,"event_name":"Scrap Ooze","player_choice":"Success","floor":4.0,"gold_loss":0.0,"damage_taken":26.0,"relics_obtained":["Bag of Preparation"]}],"is_beta":false,"boss_relics":[{"not_picked":["Philosopher\u0027s Stone","Empty Cage"],"picked":"Pandora\u0027s Box"}],"items_purged_floors":[5,20],"is_endless":false,"potions_floor_spawned":[2,10,12,21,22],"killed_by":"Chosen and Byrds","ascension_level":20}}