{"host":"c9m2z2wmcavfgdp8","time":1608146184,"event":{"mods":["2.2 Compatiblity","Act Like it!","Aspiration","BaseMod","Better Third Choice","Conspire","Downfall","Ekko","Elementarium","Energized Spire","Friendly Minions","GifTheSpireLib","Hallownest","Hermit","Hubris","Infinite Spire","Jorbs\u0027s Wanderer Trilogy","Koishi","Luminous","Marisa????????","Menagerie","Minty Spire (QoL Compilation)","Pale of the Ancients","Permanent Neow","Potionbrewer","Prisma Mod","READ ME - Guardian Mod","Remilia??????","Replay The Spire","SCP261 Mod","Shop Mod","StSLib","The Animator","The Blackbeard","The Bug Knight","The Cursed","The Death Knight","The Disciple","The Exalted","The Hierophant","The Necromancer","The Servant 0.9.4","TheBandit","TheFirefly"],"gold_per_floor":[99,99,118,150,167,184,236,267,267,300,310,324,339,339,350,451,451,511,538,638,638,3,13,13,113,125,125,125,7,23,35,52,52,52],"floor_reached":33,"playtime":2241,"items_purged":["Strike_W"],"score":314,"play_id":"3255a5c1-2927-4e03-96d4-0f569eab31c9","local_time":"20201216201624","is_ascension_mode":false,"campfire_choices":[{"floor":1,"key":"RECALL"},{"data":"Toxic_Smoke_Screen","floor":9,"key":"SMITH"},{"floor":21,"key":"REST"},{"floor":27,"key":"REST"}],"circlet_count":0,"master_deck":["Strike_W","Strike_W","Defend_W","Defend_W","Defend_W","Defend_W","Negative_Energy_Arrows","Bone_Wall","Grasp_Heart+1","Stop_Heart","Negative_Energy_Shield","Toxic_Smoke_Screen+1","Shackles_Of_Pain","Bone_Spikes","Epidemic","Spectral_Armor","Grasp_Heart","Death_March_Dance","Summon_Lich","Hellfire","Necromantic_Selection","Life_Tap","Bone_Armory","Cloudkill","Negative_Energy_Shield+1","Grasp_Heart+1","infinitespire:FutureSight","Replay:Fractal Strike","Bone_Prison+1","Consume_Illness","Bone_Prison+1","Reap_The_Weak"],"relics":["Vampire_Amulet","Strawberry","Toy Ornithopter","aspiration:VileToxins","Bromod:ArcaneConsequence","Fusion Hammer","Question Card","Bromod:ArcaneAwakening","Potion Belt","DollysMirror","Replay:Wanted Poster"],"acts_visited":["Exordium","TheCity"],"potions_floor_usage":[8,10,11,16,31,33,33],"damage_taken":[{"damage":0,"enemies":"Cultist","floor":3,"turns":3},{"damage":20,"enemies":"Gremlin Nob","floor":4,"turns":4},{"damage":6,"enemies":"Jaw Worm","floor":5,"turns":2},{"damage":0,"enemies":"2 Louse","floor":6,"turns":3},{"damage":20,"enemies":"Lagavulin","floor":8,"turns":5},{"damage":0,"enemies":"Gremlin Nob","floor":10,"turns":2},{"damage":0,"enemies":"Lots of Slimes","floor":11,"turns":6},{"damage":2,"enemies":"Blue Slaver","floor":12,"turns":4},{"damage":10,"enemies":"Exordium Thugs","floor":13,"turns":3},{"damage":0,"enemies":"Exordium Wildlife","floor":15,"turns":6},{"damage":22,"enemies":"downfall:Silent","floor":16,"turns":8},{"damage":12,"enemies":"conspire:Head Lice","floor":19,"turns":4},{"damage":10,"enemies":"downfall:FleeingMerchant","floor":22,"turns":4},{"damage":2,"enemies":"Chosen","floor":23,"turns":3},{"damage":4,"enemies":"Shell Parasite","floor":26,"turns":3},{"damage":5,"enemies":"downfall:FleeingMerchant","floor":29,"turns":4},{"damage":28,"enemies":"Snake Plant","floor":30,"turns":3},{"damage":32,"enemies":"Centurion and Healer","floor":31,"turns":6},{"damage":8,"enemies":"Shelled Parasite and Fungi","floor":32,"turns":4},{"damage":32,"enemies":"downfall:Ironclad","floor":33,"turns":4}],"seed_played":"379177769460075163","potions_obtained":[{"floor":4,"key":"Fire Potion"},{"floor":5,"key":"Fire Potion"},{"floor":6,"key":"SCP261:ThunderBarPotion"},{"floor":13,"key":"Doom Potion"},{"floor":19,"key":"Fire Potion"},{"floor":23,"key":"Adrenaline Potion"}],"is_trial":false,"path_per_floor":["R","?","M","E","M","M","T","E","R","E","M","M","M","?","M","B",null,"R","E","?","R","$","M","T","AVR","M","R","?","$","M","M","M","B"],"character_chosen":"NECROMANCER","items_purchased":["Bone_Armory","Bromod:ArcaneAwakening","Cloudkill","Potion Belt","potionbrewer:QuicksilverPotion"],"campfire_rested":2,"item_purchase_floors":[22,22,22,22,29],"current_hp_per_floor":[68,68,68,57,53,57,57,44,44,51,66,66,60,60,64,49,75,75,73,73,75,65,65,65,65,63,75,75,70,44,21,17,0,0],"gold":52,"neow_bonus":"THREE_RARE_CARDS","is_daily":false,"chose_seed":false,"campfire_upgraded":1,"win_rate":0.0,"timestamp":1608146184,"path_taken":["R","?","?","E","M","M","T","E","R","E","M","?","M","?","M","BOSS","R","E","?","R","?","?","T","AVR","M","R","?","?","?","?","M","BOSS"],"items_purchased_type":["Card","Relic","Card","Relic","Potion"],"build_version":"2020-12-13","purchased_purges":1,"victory":false,"max_hp_per_floor":[68,68,68,75,75,75,75,75,75,75,75,75,75,75,75,75,75,75,75,75,75,75,75,75,75,75,75,75,75,75,75,75,75,75],"card_choices":[{"not_picked":["Reap_The_Weak","Detonate_Bones"],"picked":"Grasp_Heart","floor":0},{"not_picked":["Exploit","Toxic_Smoke_Screen"],"picked":"Stop_Heart","floor":3},{"not_picked":["Bone_Armor","Scare"],"picked":"Negative_Energy_Shield","floor":4},{"not_picked":["Shackles_Of_Pain","Blood_Whip"],"picked":"Toxic_Smoke_Screen","floor":5},{"not_picked":["Negative_Energy_Javelin","Bone_Armor"],"picked":"Shackles_Of_Pain","floor":6},{"not_picked":["Shackles_Of_Pain","Negative_Energy_Javelin"],"picked":"Bone_Spikes","floor":8},{"not_picked":["Bone_Spikes","Chill_Blood"],"picked":"Epidemic","floor":10},{"not_picked":["Bones_to_Steel","Scare"],"picked":"Spectral_Armor","floor":11},{"not_picked":["Necromantic_Selection","Blood_Whip"],"picked":"Grasp_Heart","floor":12},{"not_picked":["Bone_Spikes","Scare"],"picked":"Death_March_Dance","floor":13},{"not_picked":["Blood_Whip","Bones_to_Steel"],"picked":"Summon_Lich","floor":15},{"not_picked":["Grasp_Heart","Blood_Wake"],"picked":"Hellfire","floor":16},{"not_picked":["Bone_Bullets","Bone_Spikes"],"picked":"Necromantic_Selection","floor":19},{"not_picked":["Pandemic","Chill_Blood","Blood_Wake"],"picked":"Life_Tap","floor":22},{"not_picked":["Spectral_Armor","Deaths_Shadow","Blood_Curse+1"],"picked":"Negative_Energy_Shield+1","floor":23},{"not_picked":["Negative_Energy_Mist","Scare+1","Thousand_Bone_Knives"],"picked":"Bone_Prison+1","floor":26},{"not_picked":["Blood_Whip","Vampiric_Strike","Bones_to_Steel"],"picked":"Consume_Illness","floor":29},{"not_picked":["Bones_to_Steel","Slay_Living","Consume_Illness"],"picked":"Bone_Prison+1","floor":30},{"not_picked":["Death_March_Dance","Negative_Energy_Sphere","Bones_to_Steel","Plague_Bolt"],"picked":"SKIP","floor":31},{"not_picked":["Toxic_Smoke_Screen","Bone_Armory+1","Uncharnel"],"picked":"Reap_The_Weak","floor":32}],"player_experience":1637795,"relics_obtained":[{"floor":4,"key":"Strawberry"},{"floor":7,"key":"Toy Ornithopter"},{"floor":8,"key":"aspiration:VileToxins"},{"floor":10,"key":"Bromod:ArcaneConsequence"},{"floor":19,"key":"Question Card"}],"event_choices":[{"damage_healed":0,"gold_gain":0,"player_choice":"Forge","damage_taken":0,"max_hp_gain":0,"max_hp_loss":0,"event_name":"Accursed Blacksmith","floor":2,"gold_loss":0,"cards_upgraded":["Grasp_Heart"]},{"cards_removed":["Strike_W"],"damage_healed":0,"gold_gain":0,"player_choice":"Card Removal","damage_taken":0,"max_hp_gain":0,"max_hp_loss":0,"event_name":"The Cleric","floor":14,"gold_loss":0}],"is_beta":false,"boss_relics":[{"not_picked":["Bromod:ArcaneGrace","Cursed Key"],"picked":"Fusion Hammer"}],"items_purged_floors":[25],"is_endless":false,"potions_floor_spawned":[4,5,6,13,19,23],"killed_by":"downfall:Ironclad","ascension_level":0}}