{"host":"in0wrqv1d65r4vfd","time":1608089592,"event":{"mods":["BaseMod","Downfall","Minty Spire (QoL Compilation)","Relic Stats","Replay The Spire","StSLib"],"gold_per_floor":[197,197,222,222,222,222,222,257,306,306,306,348,379,511,545,16,57,172,172,172,206,248,248,107,226,298,351,38,86,122,122,173,218,263,379,379,379,439,503,541,609,678,703,758,808,871,917,974,477,530,570,590],"floor_reached":53,"playtime":6156,"items_purged":["Normality","Guardian:Strike_Guardian","Ghostly","Guardian:Strike_Guardian"],"score":926,"play_id":"40bbeb1d-866c-4261-bc51-8d5b8f5ed22b","local_time":"20201215223312","is_ascension_mode":false,"campfire_choices":[{"data":"Guardian:TwinSlam","floor":11,"key":"SMITH"},{"data":"Guardian:DecasProtection","floor":20,"key":"SMITH"},{"data":"Guardian:WalkerClaw","floor":23,"key":"SMITH"},{"floor":37,"key":"RECALL"}],"circlet_count":0,"master_deck":["Guardian:Strike_Guardian","Guardian:Defend_Guardian","Guardian:Defend_Guardian","Guardian:Defend_Guardian","Guardian:Defend_Guardian","Guardian:TwinSlam+1","Replay:GuardianBash+1","Inflame","ReplayTheSpireMod:Muscle Training","Guardian:ChargeCore","Guardian:VentSteam","Guardian:FloatingOrbs","Guardian:DecasProtection+1","expansioncontent:Corrupt","Guardian:PiercingHide","Guardian:WalkerClaw+1","Guardian:FloatingOrbs","Ghostly","Guardian:Suspension+1","Guardian:ChargeUp","Guardian:PrismaticBeam","sneckomod:QuickBite","sneckomod:Unknown0Cost","ReplayTheSpireMod:Trickstab","Glass Knife","ReplayTheSpireMod:Repulse+1","hexamod:TimeOfNeed","Guardian:CrystalBeam+1","BowlingBash+1","Sweeping Beam","Guardian:CrystalBeam+1","sneckomod:Unknown1Cost+1","champ:Backstep+1","Slimebound:SlimeSpikes+1","Backflip+1","expansioncontent:CaCaw+1","Fusion+1","expansioncontent:DecasProtection","Terror","Havoc+1"],"relics":["downfall:HeartsMalice","Ring of Peace","Anchor","m_GuardianBlood","ReplayFunnel","Replay:Bandana","CeramicFish","ReplayTheSpireMod:CursedCoin","Gremlin Horn","Bronze Scales","Honey Jar","Frozen Egg 2","Calipers","PrismaticShard","White Beast Statue","Painkiller Herb","Strawberry","Pet Ghost","Orichalcum","Incense Burner","TheAbacus","Turnip","Blue Doll"],"acts_visited":["Exordium","TheCity","TheBeyond"],"potions_floor_usage":[16,27,35,35,39,39,39,39,39,39,41,42,45,45,49,49,49,52,52],"damage_taken":[{"damage":0,"enemies":"Gremlin Nob","floor":8,"turns":1},{"damage":0,"enemies":"Jaw Worm","floor":10,"turns":1},{"damage":0,"enemies":"Lagavulin","floor":12,"turns":1},{"damage":0,"enemies":"2 Louse","floor":13,"turns":3},{"damage":52,"enemies":"downfall:Heads","floor":14,"turns":10},{"damage":0,"enemies":"Small Slimes","floor":15,"turns":3},{"damage":1,"enemies":"downfall:FleeingMerchant","floor":16,"turns":4},{"damage":2,"enemies":"Exordium Wildlife","floor":17,"turns":3},{"damage":22,"enemies":"downfall:Silent","floor":18,"turns":6},{"damage":16,"enemies":"Spheric Guardian","floor":21,"turns":4},{"damage":0,"enemies":"Shell Parasite","floor":22,"turns":4},{"damage":23,"enemies":"Book of Stabbing","floor":27,"turns":4},{"damage":0,"enemies":"downfall:FleeingMerchant","floor":28,"turns":4},{"damage":13,"enemies":"Replay:Snechameleon","floor":29,"turns":5},{"damage":0,"enemies":"3 Cultists","floor":30,"turns":4},{"damage":0,"enemies":"Chosen and Byrds","floor":32,"turns":4},{"damage":1,"enemies":"Centurion and Healer","floor":33,"turns":5},{"damage":5,"enemies":"3 Cultists","floor":34,"turns":4},{"damage":29,"enemies":"downfall:Watcher","floor":35,"turns":6},{"damage":15,"enemies":"Orb Walker","floor":38,"turns":3},{"damage":20,"enemies":"Nemesis","floor":39,"turns":5},{"damage":0,"enemies":"3 Shapes","floor":40,"turns":4},{"damage":5,"enemies":"3 Darklings","floor":41,"turns":4},{"damage":1,"enemies":"R_Hoarder","floor":42,"turns":5},{"damage":1,"enemies":"Sphere and 2 Shapes","floor":44,"turns":4},{"damage":7,"enemies":"Writhing Mass","floor":45,"turns":4},{"damage":0,"enemies":"Nemesis","floor":46,"turns":5},{"damage":5,"enemies":"Spire Growth","floor":47,"turns":5},{"damage":0,"enemies":"Sphere and 2 Shapes","floor":48,"turns":4},{"damage":8,"enemies":"downfall:FleeingMerchant","floor":49,"turns":4},{"damage":18,"enemies":"4 Shapes","floor":50,"turns":4},{"damage":25,"enemies":"Jaw Worm Horde","floor":51,"turns":4},{"damage":29,"enemies":"downfall:Defect","floor":52,"turns":6}],"seed_played":"-5052565682177420505","potions_obtained":[{"floor":8,"key":"Adrenaline Potion"},{"floor":13,"key":"champ:CounterPotion"},{"floor":15,"key":"SkillPotion"},{"floor":18,"key":"GamblersBrew"},{"floor":22,"key":"PowerPotion"},{"floor":30,"key":"GamblersBrew"},{"floor":32,"key":"EntropicBrew"},{"floor":33,"key":"SkillPotion"},{"floor":34,"key":"GamblersBrew"},{"floor":35,"key":"Guardian:DefensiveModePotion"},{"floor":38,"key":"Guardian:DefensiveModePotion"},{"floor":39,"key":"sneckomod:MuddlingPotion"},{"floor":40,"key":"Block Potion"},{"floor":41,"key":"Languid Potion"},{"floor":42,"key":"Elixir"},{"floor":44,"key":"champ:CounterPotion"},{"floor":45,"key":"Venom Potion"},{"floor":46,"key":"champ:CounterPotion"},{"floor":47,"key":"ColorlessPotion"},{"floor":48,"key":"ColorlessPotion"},{"floor":49,"key":"Strength Potion"},{"floor":50,"key":"Slimebound:ThreeZeroPotion"},{"floor":51,"key":"Dexterity Potion"}],"is_trial":false,"path_per_floor":["R","?","T","?","?","PTL","PTL","E","T","M","R","E","M","?","M","$","M","B",null,"R","M","M","R","?","?","T","E","$","E","M","T","M","M","M","B",null,"T","?","E","?","?","E","T","?","?","E","?","?","T","?","?","B",null],"character_chosen":"GUARDIAN","items_purchased":["ReplayTheSpireMod:CursedCoin","Gremlin Horn","Bronze Scales","expansioncontent:Corrupt","Guardian:Gem_Crimson","Guardian:Gem_Purple","Guardian:Gem_Red","PrismaticShard","TheAbacus","Turnip","Blue Doll"],"campfire_rested":0,"item_purchase_floors":[16,16,16,16,16,28,28,28,49,49,49],"current_hp_per_floor":[80,80,80,80,80,80,80,80,80,80,80,80,80,34,40,45,57,41,80,80,70,76,76,76,76,76,59,65,58,64,64,70,75,76,53,80,80,71,64,72,73,78,78,83,82,87,87,87,85,73,54,31],"gold":590,"neow_bonus":"THREE_ENEMY_KILL","is_daily":false,"chose_seed":false,"campfire_upgraded":3,"win_rate":0.0,"timestamp":1608089592,"path_taken":["R","?","?","?","?","PTL","PTL","E","T","M","R","E","M","?","M","$","M","BOSS","R","M","M","R","?","?","T","E","?","E","M","?","M","M","M","BOSS","T","?","E","?","?","E","T","?","?","E","?","?","T","?","?","BOSS"],"items_purchased_type":["Relic","Relic","Relic","Card","Card","Card","Card","Relic","Relic","Relic","Relic"],"build_version":"2020-12-13","purchased_purges":4,"victory":true,"max_hp_per_floor":[80,80,80,80,80,80,80,80,80,80,80,80,80,80,80,80,80,80,80,80,80,80,80,80,80,80,80,80,80,80,80,80,80,80,80,80,80,80,87,87,87,87,87,87,87,87,87,87,87,87,87,87],"relic_stats":{"TheAbacus":[6],"Gremlin Horn":[20,20],"counters":[33,134],"CeramicFish":360,"Bronze Scales":[267],"Turnip":[0],"Orichalcum":[60],"obtain_stats":[{"ReplayFunnel":8,"Calipers":27,"Gremlin Horn":16,"CeramicFish":12,"Painkiller Herb":36,"Blue Doll":49,"Incense Burner":46,"m_GuardianBlood":5,"PrismaticShard":28,"Pet Ghost":42,"Replay:Bandana":9,"downfall:BrokenWingStatue":4,"TheAbacus":49,"Ring of Peace":2,"Strawberry":39,"Honey Jar":19,"ReplayTheSpireMod:CursedCoin":16,"Guardian:ModeShifter":0,"downfall:HeartsMalice":0,"Frozen Egg 2":26,"Orichalcum":43,"White Beast Statue":29,"Anchor":3,"Bronze Scales":16,"Turnip":49},{"ReplayFunnel":1,"Calipers":12,"Gremlin Horn":7,"CeramicFish":3,"Painkiller Herb":19,"Blue Doll":30,"Incense Burner":27,"m_GuardianBlood":0,"PrismaticShard":13,"Pet Ghost":24,"Replay:Bandana":1,"downfall:BrokenWingStatue":0,"TheAbacus":30,"Ring of Peace":0,"Strawberry":21,"Honey Jar":9,"ReplayTheSpireMod:CursedCoin":7,"Guardian:ModeShifter":0,"downfall:HeartsMalice":0,"Frozen Egg 2":11,"Orichalcum":24,"White Beast Statue":14,"Anchor":0,"Bronze Scales":7,"Turnip":30},{"ReplayFunnel":0,"Calipers":41,"Gremlin Horn":20,"CeramicFish":0,"Painkiller Herb":73,"Blue Doll":120,"Incense Burner":107,"m_GuardianBlood":0,"PrismaticShard":45,"Pet Ghost":94,"Replay:Bandana":0,"downfall:BrokenWingStatue":0,"TheAbacus":120,"Ring of Peace":0,"Strawberry":81,"Honey Jar":29,"ReplayTheSpireMod:CursedCoin":20,"Guardian:ModeShifter":0,"downfall:HeartsMalice":0,"Frozen Egg 2":37,"Orichalcum":94,"White Beast Statue":50,"Anchor":0,"Bronze Scales":20,"Turnip":120}]},"card_choices":[{"not_picked":["Guardian:ShieldCharger","Guardian:PiercingHide"],"picked":"Guardian:Gem_Purple","floor":8},{"not_picked":["Guardian:TemporalStrike","Guardian:VentSteam"],"picked":"Guardian:Gem_Cyan","floor":10},{"not_picked":["Entrench","Guardian:TimeCapacitor"],"picked":"Inflame","floor":12},{"not_picked":["Entrench","Guardian:Reroute"],"picked":"ReplayTheSpireMod:Muscle Training","floor":13},{"not_picked":["Guardian:Planning","Guardian:Clone"],"picked":"Guardian:ChargeCore","floor":14},{"not_picked":["Guardian:EvasiveProtocol","Guardian:VentSteam"],"picked":"Guardian:FloatingOrbs","floor":15},{"not_picked":["Guardian:TemporalShield","Guardian:Reroute"],"picked":"Guardian:DecasProtection","floor":16},{"not_picked":["Guardian:Harden","Guardian:ChargeCore"],"picked":"Guardian:PiercingHide","floor":17},{"not_picked":["Guardian:TimeSifter","Guardian:BaubleBeam"],"picked":"Guardian:Gem_Synthetic","floor":18},{"not_picked":["Guardian:TemporalStrike","Guardian:ShieldCharger","Guardian:CrystalBeam"],"picked":"Guardian:WalkerClaw","floor":21},{"not_picked":["Guardian:PrismaticBarrier","Guardian:TemporalShield+1","Guardian:Reroute"],"picked":"Guardian:FloatingOrbs","floor":22},{"not_picked":["Guardian:Clone+1","Guardian:RollAttack","Guardian:Planning"],"picked":"Guardian:Suspension+1","floor":25},{"not_picked":["Guardian:ShieldSpikes","Guardian:TemporalShield","Guardian:VentSteam"],"picked":"Guardian:Gem_Purple","floor":25},{"not_picked":["Guardian:ShieldCharger","Guardian:ExploitGems","Guardian:PiercingHide"],"picked":"Guardian:ChargeUp","floor":25},{"not_picked":["Guardian:BronzeArmor","Guardian:Preprogram","Guardian:MultiBeam+1"],"picked":"Guardian:Gem_Green","floor":27},{"not_picked":["Guardian:EvasiveProtocol+1","Guardian:PiercingHide","Guardian:AncientConstruct+1"],"picked":"Guardian:PrismaticBeam","floor":28},{"not_picked":["Conserve Battery","hexamod:Incineration","champ:Circumvent"],"picked":"sneckomod:QuickBite","floor":29},{"not_picked":["Fire Breathing+1","hexamod:Again","hexamod:HeatMetal"],"picked":"sneckomod:Unknown0Cost","floor":30},{"not_picked":["PathToVictory+1","Cleave","Infernal Blade"],"picked":"ReplayTheSpireMod:Trickstab","floor":32},{"not_picked":["Guardian:ShieldSpikes+1","Anger","Dodge and Roll"],"picked":"Glass Knife","floor":33},{"not_picked":["Forethought","BasicCrystalCard","Replay:ManipulateFuture+1"],"picked":"ReplayTheSpireMod:Repulse+1","floor":34},{"not_picked":["Secret Weapon","Venomology","Guardian:HyperBeam_Guardian"],"picked":"hexamod:TimeOfNeed","floor":35},{"not_picked":["Cold Snap","Slimebound:SamplingLick","Terror"],"picked":"Guardian:CrystalBeam+1","floor":38},{"not_picked":["champ:FanOfKnives","ReplayReversal","champ:PerfectedStrike"],"picked":"BowlingBash+1","floor":39},{"not_picked":["Slimebound:FirmFortitude+1","Go for the Eyes+1","hexamod:GhostOfSpireFuture+1"],"picked":"Sweeping Beam","floor":40},{"not_picked":["Warcry+1","hexamod:SwordOfDarkness+1","champ:FaceSlap+1"],"picked":"Guardian:CrystalBeam+1","floor":41},{"not_picked":["Replay:SS_fish_3+1","InnerPeace+1","Weave"],"picked":"sneckomod:Unknown1Cost+1","floor":42},{"not_picked":["Consume+1","Slimebound:Equalize","Fire Breathing+1"],"picked":"champ:Backstep+1","floor":44},{"not_picked":["hexamod:Firestarter","Conserve Battery","Impatience+1"],"picked":"Slimebound:SlimeSpikes+1","floor":45},{"not_picked":["hexamod:HeatShield","Streamline+1","BootSequence+1"],"picked":"Backflip+1","floor":46},{"not_picked":["Mirror Shield","Beam Cell+1","ReplayTheSpireMod:Corrosion Curse"],"picked":"expansioncontent:CaCaw+1","floor":47},{"not_picked":["Steam+1","Backflip+1","Madness+1"],"picked":"Fusion+1","floor":48},{"not_picked":["Slimebound:SplitBruiser+1","Sucker Punch+1","Guardian:Suspension"],"picked":"expansioncontent:DecasProtection","floor":49},{"not_picked":["champ:StanceDance","Barrage+1","hexamod:Firestarter+1"],"picked":"Terror","floor":50},{"not_picked":["Dagger Spray","Slimebound:Teamwork","champ:StanceDance"],"picked":"Havoc+1","floor":51}],"player_experience":891821,"relics_obtained":[{"floor":2,"key":"Ring of Peace"},{"floor":3,"key":"Anchor"},{"floor":8,"key":"ReplayFunnel"},{"floor":9,"key":"Replay:Bandana"},{"floor":12,"key":"CeramicFish"},{"floor":26,"key":"Frozen Egg 2"},{"floor":27,"key":"Calipers"},{"floor":29,"key":"White Beast Statue"},{"floor":39,"key":"Strawberry"},{"floor":42,"key":"Pet Ghost"},{"floor":43,"key":"Orichalcum"},{"floor":46,"key":"Incense Burner"}],"event_choices":[],"is_beta":false,"boss_relics":[{"not_picked":["Snecko Eye","Ring of Chaos"],"picked":"Honey Jar"},{"not_picked":["Kintsugi","Velvet Choker"],"picked":"Painkiller Herb"}],"items_purged_floors":[16,28,49,49],"is_endless":false,"potions_floor_spawned":[8,13,15,18,22,30,32,33,34,35,38,39,40,41,42,44,45,46,47,48,49,50,51],"ascension_level":0}}