{"host":"cyh4fejqtcjbfr7k","time":1608104896,"event":{"mods":["2.2 Compatiblity","AchievementEnabler","BaseMod","Colored Map","Colored Powertips","DeckTracker","Downfall","Googly Eyes","Hubris","Infinite Spire","Minty Spire (QoL Compilation)","Replay The Spire","Shop Mod","StSLib","SuperFastMode","The Cursed","Unceasing Turn Reminder"],"gold_per_floor":[110,110,110,128,139,165,178,178,178,178,197,197,197,261,261,261,261],"floor_reached":16,"playtime":556,"items_purged":[],"score":102,"play_id":"12a3eb8b-8dee-4b92-825b-73ed2178ebea","local_time":"20201216004816","is_ascension_mode":false,"campfire_choices":[{"floor":8,"key":"REST"},{"floor":10,"key":"REST"},{"floor":12,"key":"REST"},{"floor":15,"key":"REST"}],"circlet_count":0,"master_deck":["Strike_P","Strike_P","Strike_P","Strike_P","Defend_P","Defend_P+1","Defend_P","Defend_P","Eruption+1","Vigilance","EmptyMind","FlyingSleeves","Adaptation","FlurryOfBlows","FlurryOfBlows","Swivel","SashWhip"],"relics":["PureWater","Bottled Flame","hubris:MobiusCoin","TungstenRod"],"acts_visited":["Exordium"],"potions_floor_usage":[16],"damage_taken":[{"damage":6,"enemies":"Cultist","floor":1,"turns":3},{"damage":6,"enemies":"2 Louse","floor":4,"turns":3},{"damage":1,"enemies":"Jaw Worm","floor":5,"turns":3},{"damage":48,"enemies":"Lagavulin","floor":6,"turns":6},{"damage":5,"enemies":"Looter","floor":7,"turns":3},{"damage":16,"enemies":"2 Fungi Beasts","floor":11,"turns":5},{"damage":2,"enemies":"Exordium Wildlife","floor":14,"turns":5},{"damage":73,"enemies":"Hexaghost","floor":16,"turns":8}],"seed_played":"-946278881544473118","potions_obtained":[{"floor":5,"key":"BlessingOfTheForge"},{"floor":7,"key":"Languid Potion"},{"floor":14,"key":"hexamod:EctoCoolerPotion"}],"is_trial":false,"path_per_floor":["M","?","?","M","M","E","M","R","T","R","M","R","T","M","R","B"],"character_chosen":"WATCHER","items_purchased":[],"campfire_rested":4,"item_purchase_floors":[],"current_hp_per_floor":[66,66,66,60,59,11,6,27,27,48,32,53,53,51,72,0,0],"gold":261,"neow_bonus":"UPGRADE_CARD","is_daily":false,"chose_seed":false,"campfire_upgraded":0,"win_rate":0.0,"timestamp":1608104896,"path_taken":["M","?","?","M","M","E","M","R","T","R","?","R","?","M","R","BOSS"],"items_purchased_type":[],"build_version":"2020-12-13","purchased_purges":0,"victory":false,"max_hp_per_floor":[72,72,72,72,72,72,72,72,72,72,72,72,72,72,72,72,72],"card_choices":[{"not_picked":["Replay:DivineShield","Replay:Cycle"],"picked":"EmptyMind","floor":1},{"not_picked":["Wireheading","Replay:DivineShield"],"picked":"FlyingSleeves","floor":4},{"not_picked":["Conclude","ClearTheMind"],"picked":"Adaptation","floor":5},{"not_picked":["BattleHymn","Consecrate"],"picked":"FlurryOfBlows","floor":6},{"not_picked":["Replay:AtTheReady","EmptyFist"],"picked":"FlurryOfBlows","floor":7},{"not_picked":["InnerPeace","ForeignInfluence"],"picked":"Swivel","floor":11},{"not_picked":["DeceiveReality","EmptyBody"],"picked":"SashWhip","floor":14}],"player_experience":583351,"relics_obtained":[{"floor":6,"key":"Bottled Flame"},{"floor":9,"key":"hubris:MobiusCoin"},{"floor":13,"key":"TungstenRod"}],"event_choices":[{"damage_healed":0,"gold_gain":0,"player_choice":"Bought 0 Potions","damage_taken":0,"max_hp_gain":0,"max_hp_loss":0,"event_name":"The Woman in Blue","floor":3,"gold_loss":0}],"is_beta":false,"boss_relics":[],"items_purged_floors":[],"is_endless":false,"potions_floor_spawned":[5,7,14],"killed_by":"Hexaghost","ascension_level":0}}