{"host":"z60ck2mpr6goyib8","time":1608154186,"event":{"mods":["BaseMod","Best Route Mod","Bestiary","Better Third Choice","Block Reminder","Colored Map","Colored Powertips","Googly Eyes","Minty Spire (QoL Compilation)","Quick Restart","Relic Stats","Slay-I","StSLib","everything is the same but u backflip on backflip"],"gold_per_floor":[109,119,0,13,24,51,51,66,89,54,54,71,103,117,117,117,117],"floor_reached":16,"playtime":622,"items_purged":[],"score":171,"play_id":"5f3b2054-116d-407a-b4c0-41e3e78c50c3","local_time":"20201216212946","is_ascension_mode":true,"campfire_choices":[{"floor":7,"key":"REST"},{"floor":11,"key":"REST"},{"data":"Metallicize","floor":15,"key":"SMITH"}],"circlet_count":0,"master_deck":["AscendersBane","Strike_R","Strike_R","Strike_R","Strike_R","Strike_R","Defend_R","Defend_R","Defend_R","Defend_R","Bash","Dark Embrace","Dark Embrace","Enlightenment","Inflame","Disarm","Metallicize+1","Reckless Charge","Sever Soul","Flex"],"relics":["Mark of Pain","Lantern","Regal Pillow","Pen Nib"],"acts_visited":["Exordium"],"potions_floor_usage":[5,5,16,16],"damage_taken":[{"damage":6.0,"enemies":"Cultist","floor":1.0,"turns":4.0},{"damage":14.0,"enemies":"Small Slimes","floor":2.0,"turns":5.0},{"damage":8.0,"enemies":"Jaw Worm","floor":4.0,"turns":5.0},{"damage":0,"enemies":"2 Fungi Beasts","floor":5,"turns":3},{"damage":48,"enemies":"Gremlin Nob","floor":6,"turns":5},{"damage":22,"enemies":"Exordium Wildlife","floor":8,"turns":7},{"damage":2,"enemies":"3 Louse","floor":12,"turns":5},{"damage":26,"enemies":"3 Sentries","floor":13,"turns":8},{"damage":11,"enemies":"Looter","floor":14,"turns":2},{"damage":29,"enemies":"Hexaghost","floor":16,"turns":9}],"seed_played":"-1721027652833832788","potions_obtained":[{"floor":1.0,"key":"PowerPotion"},{"floor":4.0,"key":"PowerPotion"},{"floor":6,"key":"EssenceOfSteel"},{"floor":13,"key":"SpeedPotion"}],"is_trial":false,"path_per_floor":["M","M","?","M","M","E","R","M","T","?","R","M","E","M","R","B"],"character_chosen":"IRONCLAD","items_purchased":[],"campfire_rested":2,"item_purchase_floors":[],"current_hp_per_floor":[66,52,58,50,50,2,27,5,5,26,66,64,38,27,27,0,0],"gold":117,"neow_bonus":"BOSS_RELIC","is_daily":false,"chose_seed":false,"campfire_upgraded":1,"win_rate":0.0,"timestamp":1608154186,"path_taken":["M","?","?","M","M","E","R","M","T","?","R","M","E","M","R","BOSS"],"items_purchased_type":[],"build_version":"2020-12-13","purchased_purges":0,"victory":false,"max_hp_per_floor":[80,80,86,86,86,86,86,86,86,86,86,86,86,86,86,86,86],"relic_stats":{"Regal Pillow":15,"counters":[10,53],"Pen Nib":[2],"obtain_stats":[{"Lantern":6,"Regal Pillow":9,"Mark of Pain":0,"Pen Nib":13,"Burning Blood":0},{"Lantern":5,"Regal Pillow":6,"Mark of Pain":0,"Pen Nib":8,"Burning Blood":0},{"Lantern":22,"Regal Pillow":29,"Mark of Pain":0,"Pen Nib":42,"Burning Blood":0}]},"card_choices":[{"not_picked":["Perfected Strike","Iron Wave"],"picked":"Dark Embrace","floor":1.0},{"not_picked":["Cleave","Anger"],"picked":"Dark Embrace","floor":2.0},{"not_picked":["Pommel Strike","Intimidate"],"picked":"Inflame","floor":4.0},{"not_picked":["Sentinel","Cleave"],"picked":"Disarm","floor":5},{"not_picked":["Inflame","Thunderclap"],"picked":"Metallicize","floor":6},{"not_picked":["Body Slam","Intimidate","Clash"],"picked":"SKIP","floor":8},{"not_picked":["Shrug It Off","Fire Breathing"],"picked":"Reckless Charge","floor":12},{"not_picked":["Brutality","Second Wind"],"picked":"Sever Soul","floor":13},{"not_picked":["Headbutt","Twin Strike"],"picked":"Flex","floor":14}],"player_experience":485820,"relics_obtained":[{"floor":6,"key":"Lantern"},{"floor":9,"key":"Regal Pillow"},{"floor":13,"key":"Pen Nib"}],"event_choices":[{"damage_healed":0.0,"max_hp_gain":0.0,"max_hp_loss":0.0,"gold_gain":0.0,"event_name":"betterThird:BetterSerpent","player_choice":"RENOUNCE","floor":3.0,"gold_loss":119.0,"damage_taken":119.0,"cards_obtained":["Enlightenment"]},{"damage_healed":21,"gold_gain":0,"player_choice":"Healed","damage_taken":0,"max_hp_gain":0,"max_hp_loss":0,"event_name":"The Cleric","floor":10,"gold_loss":35}],"is_beta":false,"boss_relics":[],"items_purged_floors":[],"is_endless":false,"potions_floor_spawned":[1,4,6,13],"killed_by":"Hexaghost","ascension_level":10}}