{"host":"6gwm7y0tp7acoxay","time":1608105670,"event":{"mods":["BaseMod","Colored Map","Keyboard Shortcuts","Minty Spire (QoL Compilation)","Quick Restart","StSLib","SuperFastMode","everything is the same but u backflip on backflip"],"gold_per_floor":[111,111,111,123,133,167,167,189,271,305,337,337,337,218,218,290,290,303,228,228,21,38,69,69,69,96,96,96,128,155,183,183,259,309,328,86,111,128,28,54,87,112,112,112,112],"floor_reached":44,"playtime":1413,"items_purged":["Beam Cell","Conserve Battery"],"score":1393,"play_id":"2ab9c0ed-b62c-4a0a-906a-58ea626ca50e","local_time":"20201216170110","daily_mods":["SealedDeck","Heirloom","Flight"],"is_ascension_mode":true,"campfire_choices":[{"data":"Blizzard","floor":7.0,"key":"SMITH"},{"data":"Coolheaded","floor":13.0,"key":"SMITH"},{"data":"Chaos","floor":15.0,"key":"SMITH"},{"floor":24.0,"key":"REST"},{"floor":25.0,"key":"RECALL"},{"floor":27.0,"key":"REST"},{"floor":32.0,"key":"REST"}],"circlet_count":0,"master_deck":["AscendersBane","Redo+1","Cold Snap","Blizzard+1","Recycle+1","Consume","Go for the Eyes","Coolheaded+1","Glacier","White Noise","Loop+1","Chaos+1","Echo Form+1","Defragment","Electrodynamics","Amplify","Chill+1"],"relics":["Cracked Core","Peace Pipe","Happy Flower","Odd Mushroom","Ornamental Fan","Nunchaku","Pen Nib","Fusion Hammer","War Paint","Bag of Preparation","PreservedInsect","Bronze Scales","Mercury Hourglass","Singing Bowl","Tiny House","Medical Kit","Pocketwatch","Oddly Smooth Stone","Lantern","Unceasing Top"],"acts_visited":["Exordium","TheCity","TheBeyond"],"potions_floor_usage":[],"damage_taken":[{"damage":0.0,"enemies":"Small Slimes","floor":1.0,"turns":3.0},{"damage":0.0,"enemies":"Cultist","floor":4.0,"turns":3.0},{"damage":0.0,"enemies":"Jaw Worm","floor":5.0,"turns":2.0},{"damage":1.0,"enemies":"Lagavulin","floor":6.0,"turns":10.0},{"damage":12.0,"enemies":"The Mushroom Lair","floor":8.0,"turns":4.0},{"damage":0.0,"enemies":"Gremlin Nob","floor":10.0,"turns":4.0},{"damage":0.0,"enemies":"Lagavulin","floor":11.0,"turns":7.0},{"damage":35.0,"enemies":"The Guardian","floor":16.0,"turns":10.0},{"damage":13.0,"enemies":"Chosen","floor":18.0,"turns":9.0},{"damage":9.0,"enemies":"3 Byrds","floor":22.0,"turns":4.0},{"damage":24.0,"enemies":"Book of Stabbing","floor":23.0,"turns":6.0},{"damage":0.0,"enemies":"Gremlin Leader","floor":29.0,"turns":5.0},{"damage":22.0,"enemies":"Slavers","floor":30.0,"turns":3.0},{"damage":6.0,"enemies":"Book of Stabbing","floor":31.0,"turns":4.0},{"damage":9.0,"enemies":"Collector","floor":33.0,"turns":7.0},{"damage":34.0,"enemies":"3 Darklings","floor":35.0,"turns":3.0},{"damage":0.0,"enemies":"Mind Bloom Boss Battle","floor":37.0,"turns":5.0},{"damage":0.0,"enemies":"3 Shapes","floor":38.0,"turns":3.0},{"damage":17.0,"enemies":"Reptomancer","floor":40.0,"turns":4.0},{"damage":10.0,"enemies":"Giant Head","floor":41.0,"turns":7.0},{"damage":14.0,"enemies":"Reptomancer","floor":42.0,"turns":4.0},{"damage":12,"enemies":"Nemesis","floor":44,"turns":1}],"seed_played":"3793005528315609095","potions_obtained":[{"floor":5.0,"key":"SkillPotion"},{"floor":8.0,"key":"LiquidBronze"},{"floor":11.0,"key":"Strength Potion"},{"floor":30.0,"key":"Dexterity Potion"}],"is_trial":true,"path_per_floor":["M","?","$","M","M","E","R","?","T","E","E","T","R","$","R","B",null,"M","?","?","$","M","E","R","R","T","R","?","E","E","E","R","B",null,"M","$","?","M","$","E","E","E","T","E"],"character_chosen":"DEFECT","items_purchased":["Loop","Chaos","Defragment","War Paint","Medical Kit"],"campfire_rested":3,"item_purchase_floors":[14,14,21,21,36],"current_hp_per_floor":[64,64,64,64,64,63,63,51,51,51,51,51,51,51,51,16,57,44,44,44,44,35,11,32,32,32,53,53,53,31,27,48,39,72,40,40,40,42,42,27,19,7,7,0,0],"gold":112,"neow_bonus":"","is_daily":false,"chose_seed":false,"campfire_upgraded":3,"win_rate":0.0,"timestamp":1608105670,"path_taken":["M","?","?","?","?","E","R","?","T","E","E","?","R","$","R","BOSS","M","?","?","$","?","E","R","R","T","R","?","E","E","E","R","BOSS","M","$","?","M","?","E","E","E","T","E"],"items_purchased_type":["Card","Card","Card","Relic","Relic"],"build_version":"2020-12-13","purchased_purges":2,"victory":false,"max_hp_per_floor":[71,71,71,71,71,71,71,71,71,71,71,71,71,71,71,71,71,71,71,71,71,71,71,71,71,71,71,71,71,71,73,73,73,80,82,82,82,84,84,86,88,90,90,90,90],"card_choices":[{"not_picked":["Streamline","Steam","Sweeping Beam"],"picked":"SKIP","floor":1.0},{"not_picked":["Cold Snap","Hologram"],"picked":"White Noise","floor":4.0},{"not_picked":["Rebound","Redo"],"picked":"Conserve Battery","floor":5.0},{"not_picked":["Scrape","Go for the Eyes","Lockon"],"picked":"SKIP","floor":6.0},{"not_picked":["Hyperbeam","Cold Snap","Coolheaded"],"picked":"SKIP","floor":10.0},{"not_picked":["Cold Snap","Go for the Eyes","Glacier"],"picked":"SKIP","floor":11.0},{"not_picked":["Buffer","All For One"],"picked":"Echo Form","floor":16.0},{"not_picked":["Rebound","Conserve Battery+1","Leap"],"picked":"SKIP","floor":18.0},{"not_picked":["Streamline","Barrage+1","Ball Lightning+1"],"picked":"SKIP","floor":22.0},{"not_picked":["Force Field","Steam","Hologram+1"],"picked":"SKIP","floor":23.0},{"not_picked":["Rebound","Leap"],"picked":"Electrodynamics","floor":29.0},{"not_picked":["Genetic Algorithm+1","Reprogram","Reinforced Body+1"],"picked":"SKIP","floor":30.0},{"not_picked":["Streamline","Gash","Steam Power"],"picked":"Singing Bowl","floor":31.0},{"not_picked":["Creative AI","Reboot"],"picked":"Amplify","floor":33.0},{"not_picked":["Aggregate","Leap","Barrage"],"picked":"Singing Bowl","floor":34.0},{"not_picked":["Force Field","Hologram","Steam"],"picked":"Singing Bowl","floor":35.0},{"not_picked":["FTL","Barrage+1"],"picked":"Chill+1","floor":37.0},{"not_picked":["Darkness","Heatsinks","Steam"],"picked":"Singing Bowl","floor":38.0},{"not_picked":["Compile Driver","Hello World","Static Discharge+1"],"picked":"Singing Bowl","floor":40.0},{"not_picked":["Redo","BootSequence","Steam"],"picked":"Singing Bowl","floor":41.0},{"not_picked":["Leap","Aggregate","Chill+1"],"picked":"Singing Bowl","floor":42.0}],"player_experience":4281371,"relics_obtained":[{"floor":6.0,"key":"Happy Flower"},{"floor":8.0,"key":"Odd Mushroom"},{"floor":10.0,"key":"Ornamental Fan"},{"floor":11.0,"key":"Nunchaku"},{"floor":12.0,"key":"Pen Nib"},{"floor":23.0,"key":"Bag of Preparation"},{"floor":26.0,"key":"PreservedInsect"},{"floor":29.0,"key":"Bronze Scales"},{"floor":30.0,"key":"Mercury Hourglass"},{"floor":31.0,"key":"Singing Bowl"},{"floor":37.0,"key":"Pocketwatch"},{"floor":40.0,"key":"Oddly Smooth Stone"},{"floor":42.0,"key":"Lantern"},{"floor":43.0,"key":"Unceasing Top"}],"event_choices":[{"damage_healed":0.0,"max_hp_gain":0.0,"max_hp_loss":0.0,"gold_gain":0.0,"event_name":"Transmorgrifier","player_choice":"Ignored","floor":2.0,"gold_loss":0.0,"damage_taken":0.0},{"damage_healed":0.0,"max_hp_gain":0.0,"max_hp_loss":0.0,"gold_gain":0.0,"event_name":"Mushrooms","player_choice":"Fought Mushrooms","floor":8.0,"gold_loss":0.0,"damage_taken":0.0},{"cards_removed":["Sunder"],"damage_healed":0.0,"max_hp_gain":0.0,"max_hp_loss":0.0,"gold_gain":0.0,"event_name":"Beggar","player_choice":"Gave Gold","floor":19.0,"gold_loss":75.0,"damage_taken":0.0},{"damage_healed":0.0,"max_hp_gain":0.0,"max_hp_loss":0.0,"gold_gain":0.0,"event_name":"Accursed Blacksmith","player_choice":"Forge","floor":20.0,"gold_loss":0.0,"damage_taken":0.0,"cards_upgraded":["Loop"]},{"damage_healed":0.0,"max_hp_gain":0.0,"max_hp_loss":0.0,"gold_gain":0.0,"event_name":"Ghosts","player_choice":"Ignored","floor":28.0,"gold_loss":0.0,"damage_taken":0.0},{"damage_healed":0.0,"max_hp_gain":0.0,"max_hp_loss":0.0,"gold_gain":0.0,"event_name":"MindBloom","player_choice":"Fight","floor":37.0,"gold_loss":0.0,"damage_taken":0.0}],"is_beta":false,"boss_relics":[{"not_picked":["SacredBark","Velvet Choker"],"picked":"Fusion Hammer"},{"not_picked":["FrozenCore","Runic Dome"],"picked":"Tiny House"}],"items_purged_floors":[36,39],"is_endless":false,"potions_floor_spawned":[5,8,11,16,30,33,37,40,41],"killed_by":"Nemesis","ascension_level":20}}