{"host":"bux1pdxjwq4dkad9","time":1608083000,"event":{"mods":["BaseMod","Colored Map","Minty Spire (QoL Compilation)","Quick Restart","Robot Space Explorer","StSLib","SuperFastMode","TestMod","【功能Mod】精心准备"],"gold_per_floor":[119,519,531,531,544,578,578,598,598,609,645,426,460,68,68,181,181,204,204,230,230,130,130,184,184,184,59,59,104,104,130,130,265,265,285,308,377,377,396,444,444,484,484,542,591,638,638,638,638,673,673,673,217,254,294],"floor_reached":56,"playtime":1097,"items_purged":["RobotSpaceExplorer:Strike","RobotSpaceExplorer:Strike","RobotSpaceExplorer:Defend"],"score":2432,"play_id":"11475a13-eebb-43ec-8165-cad1675218e5","local_time":"20201216094320","is_ascension_mode":true,"campfire_choices":[{"data":"RobotSpaceExplorer:Strike","floor":15,"key":"PURGE"},{"data":"RobotSpaceExplorer:Defend","floor":23,"key":"PURGE"},{"floor":25,"key":"RECALL"},{"data":"RobotSpaceExplorer:LaserBurst","floor":28,"key":"SMITH"},{"data":"RobotSpaceExplorer:FranticSearch","floor":30,"key":"SMITH"},{"data":"RobotSpaceExplorer:MiniLasers","floor":32,"key":"SMITH"},{"data":"RobotSpaceExplorer:LuckyStrike","floor":41,"key":"PURGE"},{"data":"RobotSpaceExplorer:DualCore","floor":47,"key":"SMITH"},{"data":"RobotSpaceExplorer:Scan","floor":49,"key":"SMITH"},{"data":"RobotSpaceExplorer:TurboDodge","floor":52,"key":"SMITH"}],"circlet_count":0,"master_deck":["RobotSpaceExplorer:Scan+1","RobotSpaceExplorer:MiniLasers+1","RobotSpaceExplorer:JunkDive","RobotSpaceExplorer:LaserBurst+1","RobotSpaceExplorer:Arsenal","RobotSpaceExplorer:JunkDive","RobotSpaceExplorer:LuckyStrike","RobotSpaceExplorer:FranticSearch+1","RobotSpaceExplorer:Fix+1","RobotSpaceExplorer:TrailblazerForm","RobotSpaceExplorer:TurboDodge+1","RobotSpaceExplorer:SwiftStep+1","RobotSpaceExplorer:DualCore+1","RobotSpaceExplorer:Accelerator","RobotSpaceExplorer:GlueShot+1"],"relics":["NeowsBlessing","testmod-DeterminationOfClimber","testmod-Brilliant","testmod-Déjàvu","Letter Opener","Medical Kit","Peace Pipe","Mummified Hand","RobotSpaceExplorer:SlideRule","testmod-TimeTraveler","Juzu Bracelet","Enchiridion","testmod-Justice","Centennial Puzzle","Anchor","Runic Pyramid","testmod-CasingShield","Lizard Tail","Art of War","TungstenRod","Pantograph","MealTicket","Membership Card","Incense Burner","testmod-ObsoleteBoomerang","Du-Vu Doll"],"acts_visited":["Exordium","TheCity","TheBeyond","TheEnding"],"potions_floor_usage":[11,31,54],"damage_taken":[{"damage":0.0,"enemies":"2 Louse","floor":1.0,"turns":1.0},{"damage":0.0,"enemies":"Small Slimes","floor":3.0,"turns":1.0},{"damage":0.0,"enemies":"Cultist","floor":5.0,"turns":1.0},{"damage":0,"enemies":"3 Sentries","floor":6,"turns":1},{"damage":0,"enemies":"Red Slaver","floor":8,"turns":2},{"damage":0,"enemies":"Lots of Slimes","floor":10,"turns":1},{"damage":0,"enemies":"Lagavulin","floor":11,"turns":3},{"damage":0,"enemies":"3 Sentries","floor":13,"turns":1},{"damage":47,"enemies":"Slime Boss","floor":16,"turns":6},{"damage":0,"enemies":"2 Thieves","floor":18,"turns":1},{"damage":0,"enemies":"Spheric Guardian","floor":20,"turns":1},{"damage":0,"enemies":"Book of Stabbing","floor":24,"turns":1},{"damage":0,"enemies":"Gremlin Leader","floor":29,"turns":1},{"damage":0,"enemies":"Shelled Parasite and Fungi","floor":31,"turns":1},{"damage":0,"enemies":"Champ","floor":33,"turns":1},{"damage":0,"enemies":"3 Shapes","floor":35,"turns":1},{"damage":0,"enemies":"Orb Walker","floor":36,"turns":1},{"damage":0,"enemies":"2 Orb Walkers","floor":37,"turns":1},{"damage":0,"enemies":"Sphere and 2 Shapes","floor":39,"turns":1},{"damage":0,"enemies":"Nemesis","floor":40,"turns":1},{"damage":0,"enemies":"Reptomancer","floor":42,"turns":1},{"damage":0,"enemies":"Giant Head","floor":44,"turns":1},{"damage":0,"enemies":"Maw","floor":45,"turns":1},{"damage":0,"enemies":"Nemesis","floor":46,"turns":1},{"damage":0,"enemies":"Time Eater","floor":50,"turns":3},{"damage":0,"enemies":"Shield and Spear","floor":54,"turns":1},{"damage":0,"enemies":"The Heart","floor":55,"turns":3}],"seed_played":"2371614855757031914","potions_obtained":[{"floor":1.0,"key":"Strength Potion"},{"floor":10,"key":"RobotSpaceExplorer:LiquidFusion"},{"floor":11,"key":"LiquidBronze"},{"floor":20,"key":"Block Potion"},{"floor":24,"key":"Strength Potion"},{"floor":31,"key":"Fruit Juice"},{"floor":33,"key":"Swift Potion"},{"floor":35,"key":"Swift Potion"},{"floor":40,"key":"testmod-EscapePotion"}],"is_trial":false,"path_per_floor":["M","?","M","?","M","E","?","M","T","M","E","$","E","$","R","B",null,"M","?","M","?","$","R","E","R","T","$","R","E","R","M","R","B",null,"M","M","?","?","M","E","R","E","T","E","M","E","R","?","R","B",null,"R","$","E","B",null],"character_chosen":"RobotSpaceExplorer","items_purchased":["Medical Kit","Mummified Hand","RobotSpaceExplorer:SlideRule","Membership Card","Incense Burner","testmod-ObsoleteBoomerang"],"campfire_rested":0,"item_purchase_floors":[12,14,14,53,53,53],"current_hp_per_floor":[70,70,71,71,72,75,75,75,75,75,75,75,75,75,75,37,66,74,58,66,66,66,66,75,75,75,75,75,75,75,80,80,80,80,80,80,80,76,76,76,76,76,76,76,76,76,76,76,76,76,76,76,76,76,76],"gold":294,"neow_bonus":"THREE_ENEMY_KILL","is_daily":false,"chose_seed":false,"campfire_upgraded":6,"win_rate":0.0,"timestamp":1608083000,"path_taken":["M","?","M","?","M","E","?","M","T","?","E","?","E","$","R","BOSS","M","?","M","?","$","R","E","R","T","$","R","E","R","M","R","BOSS","M","M","?","?","M","E","R","E","T","E","M","E","R","?","R","BOSS","R","$","E","BOSS"],"items_purchased_type":["Relic","Relic","Relic","Relic","Relic","Relic"],"build_version":"2020-12-13","purchased_purges":3,"victory":true,"max_hp_per_floor":[75,75,75,75,75,75,75,75,75,75,75,75,75,75,75,75,75,75,75,75,75,75,75,75,75,75,75,75,75,75,80,80,80,80,80,80,80,76,76,76,76,76,76,76,76,76,76,76,76,76,76,76,76,76,76],"card_choices":[{"not_picked":["RobotSpaceExplorer:ScrapMissile","RobotSpaceExplorer:MetalStrike"],"picked":"RobotSpaceExplorer:JunkDive","floor":1.0},{"not_picked":["RobotSpaceExplorer:ExhaustFan","RobotSpaceExplorer:ScrapShield"],"picked":"RobotSpaceExplorer:LuckyStrike","floor":3.0},{"not_picked":["RobotSpaceExplorer:MetalStrike","RobotSpaceExplorer:Ammunition","RobotSpaceExplorer:ScrapMissile"],"picked":"SKIP","floor":5.0},{"not_picked":["RobotSpaceExplorer:MetalStrike","RobotSpaceExplorer:GearShield","RobotSpaceExplorer:BigMissile"],"picked":"SKIP","floor":6},{"not_picked":["RobotSpaceExplorer:Electropulse","RobotSpaceExplorer:Electroshield","RobotSpaceExplorer:SlimeMissile"],"picked":"SKIP","floor":8},{"not_picked":["RobotSpaceExplorer:PowerGlove","RobotSpaceExplorer:StarDust"],"picked":"RobotSpaceExplorer:LaserBurst","floor":10},{"not_picked":["RobotSpaceExplorer:Calculate","RobotSpaceExplorer:ShockKick"],"picked":"RobotSpaceExplorer:Wormhole","floor":11},{"not_picked":["RobotSpaceExplorer:ScrapMissile","RobotSpaceExplorer:Smokescreen","RobotSpaceExplorer:ShockKick"],"picked":"SKIP","floor":13},{"not_picked":["RobotSpaceExplorer:Blaster","RobotSpaceExplorer:BlastShield"],"picked":"RobotSpaceExplorer:Arsenal","floor":16},{"not_picked":["RobotSpaceExplorer:SurgingShield+1","RobotSpaceExplorer:ShockKick"],"picked":"RobotSpaceExplorer:JunkDive","floor":18},{"not_picked":["RobotSpaceExplorer:ImprovisedAttack","RobotSpaceExplorer:MetalStrike"],"picked":"RobotSpaceExplorer:LuckyStrike","floor":20},{"not_picked":["RobotSpaceExplorer:SwiftStep","RobotSpaceExplorer:DoubleFind"],"picked":"RobotSpaceExplorer:FranticSearch","floor":24},{"not_picked":["RobotSpaceExplorer:SlimeMissile","RobotSpaceExplorer:PowerGlove","RobotSpaceExplorer:TurboDodge"],"picked":"SKIP","floor":29},{"not_picked":["RobotSpaceExplorer:ShovelStrike","RobotSpaceExplorer:Probe"],"picked":"RobotSpaceExplorer:Fix+1","floor":31},{"not_picked":["RobotSpaceExplorer:Scanner","RobotSpaceExplorer:Explosion"],"picked":"RobotSpaceExplorer:TrailblazerForm","floor":33},{"not_picked":["RobotSpaceExplorer:Electropulse+1","RobotSpaceExplorer:FrostMissile"],"picked":"RobotSpaceExplorer:TurboDodge","floor":35},{"not_picked":["RobotSpaceExplorer:Smokescreen+1","RobotSpaceExplorer:Probe+1","RobotSpaceExplorer:SurgingStrike+1"],"picked":"SKIP","floor":36},{"not_picked":["RobotSpaceExplorer:SlimeMissile+1","RobotSpaceExplorer:FrostMissile","RobotSpaceExplorer:ShovelStrike"],"picked":"SKIP","floor":39},{"not_picked":["RobotSpaceExplorer:SwiftStep","RobotSpaceExplorer:IronShell+1","RobotSpaceExplorer:FrostMissile"],"picked":"SKIP","floor":40},{"not_picked":["RobotSpaceExplorer:Blaster","RobotSpaceExplorer:MakeshiftVolley+1","RobotSpaceExplorer:ShockKick"],"picked":"SKIP","floor":42},{"not_picked":["RobotSpaceExplorer:BigMissile+1","RobotSpaceExplorer:MiniDrones+1","RobotSpaceExplorer:ShockKick+1"],"picked":"SKIP","floor":44},{"not_picked":["RobotSpaceExplorer:FreezingShield+1","RobotSpaceExplorer:FrostMissile+1"],"picked":"RobotSpaceExplorer:SwiftStep+1","floor":45},{"not_picked":["RobotSpaceExplorer:JunkDive+1","RobotSpaceExplorer:Arsenal"],"picked":"RobotSpaceExplorer:DualCore","floor":46},{"not_picked":["RobotSpaceExplorer:Blitz","RobotSpaceExplorer:BigMissile+1"],"picked":"RobotSpaceExplorer:GlueShot+1","floor":54}],"player_experience":2313976,"relics_obtained":[{"floor":11,"key":"Letter Opener"},{"floor":13,"key":"Peace Pipe"},{"floor":18,"key":"Juzu Bracelet"},{"floor":19,"key":"Enchiridion"},{"floor":24,"key":"testmod-Justice"},{"floor":26,"key":"Centennial Puzzle"},{"floor":29,"key":"Anchor"},{"floor":37,"key":"testmod-CasingShield"},{"floor":40,"key":"Lizard Tail"},{"floor":42,"key":"Art of War"},{"floor":43,"key":"TungstenRod"},{"floor":44,"key":"Pantograph"},{"floor":46,"key":"MealTicket"},{"floor":54,"key":"Du-Vu Doll"}],"event_choices":[{"damage_healed":0.0,"max_hp_gain":0.0,"max_hp_loss":0.0,"gold_gain":400.0,"event_name":"恩洛斯的盘子","player_choice":"Sell","floor":2.0,"relics_lost":["testmod-TestBox"],"gold_loss":0.0,"damage_taken":0.0},{"damage_healed":0.0,"max_hp_gain":0.0,"max_hp_loss":0.0,"gold_gain":0.0,"cards_transformed":["RobotSpaceExplorer:Strike"],"event_name":"Living Wall","player_choice":"Change","floor":4.0,"gold_loss":0.0,"damage_taken":0.0,"cards_obtained":["RobotSpaceExplorer:Exploration"]},{"damage_healed":0,"gold_gain":0,"player_choice":"Gave Potion","damage_taken":0,"relics_obtained":["testmod-Déjàvu"],"max_hp_gain":0,"max_hp_loss":0,"event_name":"WeMeetAgain","floor":7,"gold_loss":0},{"damage_healed":0,"gold_gain":0,"player_choice":"Obtained Book","damage_taken":16,"max_hp_gain":0,"max_hp_loss":0,"event_name":"Cursed Tome","floor":19,"gold_loss":0},{"damage_healed":0,"gold_gain":0,"player_choice":"Ignored","damage_taken":0,"max_hp_gain":0,"max_hp_loss":0,"event_name":"Vampires","floor":21,"gold_loss":0},{"damage_healed":0,"gold_gain":0,"player_choice":"Fight","damage_taken":0,"max_hp_gain":0,"max_hp_loss":0,"event_name":"Mysterious Sphere","floor":37,"gold_loss":0},{"damage_healed":0,"gold_gain":0,"player_choice":"Max HP","damage_taken":0,"max_hp_gain":0,"max_hp_loss":4,"event_name":"Winding Halls","floor":38,"gold_loss":0},{"damage_healed":0,"gold_gain":0,"cards_transformed":["RobotSpaceExplorer:Defend"],"player_choice":"Transformed","damage_taken":0,"max_hp_gain":0,"max_hp_loss":0,"event_name":"Transmorgrifier","floor":48,"gold_loss":0,"cards_obtained":["RobotSpaceExplorer:Accelerator"]}],"is_beta":false,"boss_relics":[{"not_picked":["RobotSpaceExplorer:SearchSpecs","testmod-Temperance"],"picked":"testmod-TimeTraveler"},{"not_picked":["Calling Bell","Empty Cage"],"picked":"Runic Pyramid"}],"items_purged_floors":[12,22,27],"is_endless":false,"potions_floor_spawned":[1,10,11,20,24,29,31,33,35,40,42],"ascension_level":8}}