{"host":"4t0jwv2xqla89y5e","time":1608112715,"event":{"mods":["AchievementEnabler","Act Like it!","Aspiration","BaseMod","Better Skull","BetterRewards","Colored Map","Colored Powertips","Downfall","Friendly Minions","Hallownest","Hermit","Highlight Path","Hubris","Infinite Spire","Minty Spire (QoL Compilation)","Quick Restart","Rare Cards Sparkle","Relic Stats","Replay The Spire","Shop Mod","Spicy Shops","StSLib","The Construct","The Disciple","The Hierophant","The Runesmith"],"gold_per_floor":[114,214,229,229,244,244,274,274,299,299,299],"floor_reached":10,"playtime":631,"items_purged":[],"score":66,"play_id":"49a51d4f-0584-4f4e-a3eb-f7260d7df6b7","local_time":"20201216105835","daily_mods":["Heirloom","Diverse","Elite Swarm"],"is_ascension_mode":false,"campfire_choices":[{"data":"Disarm","floor":6,"key":"SMITH"},{"floor":8,"key":"REST"}],"circlet_count":0,"master_deck":["Strike_B","Strike_B","Strike_B","Strike_B","Defend_B","Defend_B","Defend_B","Defend_B","Zap","Dualcast","Leap","Disarm+1","hierophant:Kindle"],"relics":["Cracked Core","infinitespire:Lychee Nut","CultistMask","aspiration:DSix","Eternal Feather"],"acts_visited":["Exordium"],"potions_floor_usage":[],"damage_taken":[{"damage":1.0,"enemies":"Jaw Worm","floor":1.0,"turns":3.0},{"damage":1.0,"enemies":"infinitespire:Voidling","floor":3.0,"turns":2.0},{"damage":1,"enemies":"2 Louse","floor":5,"turns":3},{"damage":51,"enemies":"Gremlin Nob","floor":7,"turns":6},{"damage":35,"enemies":"3 Sentries","floor":10,"turns":6}],"seed_played":"4580661739168851385","potions_obtained":[{"floor":3.0,"key":"champ:CounterPotion"}],"is_trial":false,"path_per_floor":["M","?","M","?","M","R","E","R","T","E"],"character_chosen":"DEFECT","items_purchased":[],"campfire_rested":1,"item_purchase_floors":[],"current_hp_per_floor":[56,56,55,55,55,55,6,22,22,0,0],"gold":299,"neow_bonus":"","is_daily":true,"chose_seed":false,"campfire_upgraded":1,"win_rate":0.0,"timestamp":1608112715,"path_taken":["M","?","?","?","?","R","E","R","T","E"],"items_purchased_type":[],"build_version":"2020-12-13","purchased_purges":0,"victory":false,"max_hp_per_floor":[56,56,56,56,56,56,56,56,56,56,56],"relic_stats":{"counters":[5,20],"Eternal Feather":0,"obtain_stats":[{"infinitespire:Lychee Nut":0,"Eternal Feather":9,"CultistMask":4,"Cracked Core":0,"aspiration:DSix":7},{"infinitespire:Lychee Nut":0,"Eternal Feather":4,"CultistMask":2,"Cracked Core":0,"aspiration:DSix":4},{"infinitespire:Lychee Nut":0,"Eternal Feather":14,"CultistMask":5,"Cracked Core":0,"aspiration:DSix":14}]},"card_choices":[{"not_picked":["hexamod:GhostOfSpireFuture","Slimebound:AcidTongue"],"picked":"Leap","floor":1.0},{"not_picked":["hermit:TrackingShot","Underhanded Strike"],"picked":"Disarm","floor":3.0},{"not_picked":["hexamod:FourthSeal","sneckomod:UnknownClassHEXA_GHOST_PURPLE","Stack"],"picked":"SKIP","floor":5},{"not_picked":["sneckomod:Restock","hubris:SpecializedCircuitry"],"picked":"hierophant:Kindle","floor":7}],"player_experience":246794,"relics_obtained":[{"floor":7,"key":"aspiration:DSix"},{"floor":9,"key":"Eternal Feather"}],"event_choices":[{"damage_healed":0.0,"max_hp_gain":0.0,"max_hp_loss":0.0,"gold_gain":100.0,"event_name":"Golden Shrine","player_choice":"Pray","floor":2.0,"gold_loss":0.0,"damage_taken":0.0},{"damage_healed":0,"gold_gain":0,"player_choice":"Trade","damage_taken":0,"relics_obtained":["CultistMask"],"max_hp_gain":0,"max_hp_loss":0,"event_name":"FaceTrader","floor":4,"gold_loss":0}],"is_beta":false,"boss_relics":[],"items_purged_floors":[],"is_endless":false,"potions_floor_spawned":[3],"killed_by":"3 Sentries","ascension_level":0}}