{"host":"684z1xpuwaoqmmh1","time":1608121584,"event":{"mods":["Bard","BaseMod","Downfall","Hermit","Jorbs\u0027s Wanderer Trilogy","Marisa????????","Minty Spire (QoL Compilation)","StSLib","The Hierophant","The Mystic","The Runesmith"],"gold_per_floor":[118,134,134,145,14,14,43,193,243,266,266,311,39,51,51,51,51],"floor_reached":16,"playtime":787,"items_purged":["Regret","Doubt"],"score":198,"play_id":"57cd337f-cff4-4344-b9cc-5157919ee532","local_time":"20201216142624","is_ascension_mode":true,"campfire_choices":[{"data":"stsjorbsmod:MirrorImage","floor":6,"key":"SMITH"},{"floor":11,"key":"REST"},{"data":"stsjorbsmod:Prestidigitation","floor":15,"key":"SMITH"}],"circlet_count":0,"master_deck":["AscendersBane","stsjorbsmod:ForbiddenGrimoire+1","stsjorbsmod:Strike_Wanderer","stsjorbsmod:Strike_Wanderer","stsjorbsmod:Strike_Wanderer","stsjorbsmod:Strike_Wanderer+1","stsjorbsmod:Defend_Wanderer","stsjorbsmod:Defend_Wanderer+1","stsjorbsmod:Defend_Wanderer","stsjorbsmod:Defend_Wanderer","stsjorbsmod:FreshAdventure","stsjorbsmod:EyeOfTheStorm","stsjorbsmod:FracturedMind","stsjorbsmod:BurningFlask","stsjorbsmod:MirrorImage+1","stsjorbsmod:Prestidigitation+1","stsjorbsmod:LocateObject","stsjorbsmod:MagicMirror","stsjorbsmod:ArcaneWeapon"],"relics":["stsjorbsmod:GrimoireRelic","PreservedInsect","Centennial Puzzle","sneckomod:BlankCard","Art of War","Bag of Marbles","Vajra"],"acts_visited":["Exordium"],"potions_floor_usage":[7,10,12,16],"damage_taken":[{"damage":3,"enemies":"Jaw Worm","floor":1,"turns":5},{"damage":0,"enemies":"2 Louse","floor":2,"turns":4},{"damage":4,"enemies":"Small Slimes","floor":4,"turns":4},{"damage":9,"enemies":"Lagavulin","floor":7,"turns":5},{"damage":37,"enemies":"Exordium Thugs","floor":10,"turns":7},{"damage":12,"enemies":"3 Sentries","floor":12,"turns":8},{"damage":0,"enemies":"2 Fungi Beasts","floor":14,"turns":3},{"damage":14,"enemies":"Hexaghost","floor":16,"turns":7}],"seed_played":"4045735601678868474","potions_obtained":[{"floor":2,"key":"LiquidMemories"},{"floor":4,"key":"SkillPotion"},{"floor":7,"key":"hexamod:EctoCoolerPotion"},{"floor":12,"key":"stsjorbsmod:LiquidClarity"},{"floor":14,"key":"Strength Potion"}],"is_trial":false,"path_per_floor":["M","M","?","M","$","R","E","?","T","M","R","E","$","M","R","B"],"character_chosen":"WANDERER","items_purchased":["stsjorbsmod:Prestidigitation","Vajra"],"campfire_rested":1,"item_purchase_floors":[5,13],"current_hp_per_floor":[58,60,60,58,58,58,52,52,52,15,34,22,22,23,23,9,9],"gold":51,"neow_bonus":"RANDOM_COMMON_RELIC","is_daily":false,"chose_seed":false,"campfire_upgraded":2,"win_rate":0.0,"timestamp":1608121584,"path_taken":["M","M","?","M","$","R","E","?","T","M","R","E","$","M","R","BOSS"],"items_purchased_type":["Card","Relic"],"build_version":"2020-12-13","purchased_purges":2,"victory":false,"max_hp_per_floor":[64,64,64,64,64,64,64,64,64,64,64,64,64,64,64,64,64],"card_choices":[{"not_picked":["stsjorbsmod:Materialize","stsjorbsmod:Hurt"],"picked":"stsjorbsmod:FracturedMind","floor":1},{"not_picked":["stsjorbsmod:Prepare","stsjorbsmod:Patron"],"picked":"stsjorbsmod:BurningFlask","floor":2},{"not_picked":["stsjorbsmod:SchoolsOfMagic","stsjorbsmod:Rest"],"picked":"stsjorbsmod:MirrorImage","floor":4},{"not_picked":["stsjorbsmod:PurgeMind","stsjorbsmod:Introspection"],"picked":"stsjorbsmod:LocateObject","floor":7},{"not_picked":["stsjorbsmod:BurningFlask","stsjorbsmod:SchoolsOfMagic"],"picked":"stsjorbsmod:MagicMirror","floor":10},{"not_picked":["stsjorbsmod:FracturedMind","stsjorbsmod:ChainLightning"],"picked":"stsjorbsmod:ArcaneWeapon","floor":12},{"not_picked":["stsjorbsmod:Aid","stsjorbsmod:ParryingBlow","stsjorbsmod:ChainLightning"],"picked":"SKIP","floor":14}],"player_experience":2329829,"relics_obtained":[{"floor":7,"key":"sneckomod:BlankCard"},{"floor":9,"key":"Art of War"},{"floor":12,"key":"Bag of Marbles"}],"event_choices":[{"damage_healed":0,"gold_gain":0,"player_choice":"Box","damage_taken":0,"relics_obtained":["Centennial Puzzle"],"max_hp_gain":0,"max_hp_loss":0,"event_name":"Big Fish","floor":3,"gold_loss":0,"cards_obtained":["Regret"]},{"damage_healed":0,"gold_gain":150,"player_choice":"AGREE","damage_taken":0,"max_hp_gain":0,"max_hp_loss":0,"event_name":"Liars Game","floor":8,"gold_loss":0,"cards_obtained":["Doubt"]}],"is_beta":false,"boss_relics":[],"items_purged_floors":[5,13],"is_endless":false,"potions_floor_spawned":[2,4,7,12,14],"killed_by":"Hexaghost","ascension_level":16}}