{"host":"u4wwrwxco60h43l5","time":1608159859,"event":{"mods":["Always Whale","BaseMod","CapriCore","Koishi","Minty Spire (QoL Compilation)","Permanent Neow","StSLib","The Immortal","¡¼?Úª?ø«¡½REMEMod"],"gold_per_floor":[115,75,90,107,32,32,52,64,64,64,81,81,91,91,91,193,193,207,12,28,39,39,39,54,54,108,126,126,126],"floor_reached":28,"playtime":916,"items_purged":["Strike_P"],"score":214,"play_id":"9fabd65d-2c1b-47de-a98f-4ba3b921b05c","local_time":"20201217080419","is_ascension_mode":false,"campfire_choices":[{"data":"PathToVictory","floor":6,"key":"SMITH"},{"data":"PathToVictory","floor":10,"key":"SMITH"},{"data":"Pray","floor":12,"key":"SMITH"},{"floor":15,"key":"REST"},{"floor":23,"key":"REST"},{"floor":25,"key":"REST"}],"circlet_count":0,"master_deck":["Strike_P","Defend_P","Defend_P","Defend_P","Defend_P","Eruption","Vigilance","InnerPeace","Pray+1","PathToVictory+1","PathToVictory+1","CrushJoints","WaveOfTheHand","Meditate+1","Wireheading","Omniscience+1","SashWhip","REME_Flogging","Evaluate+1","EmptyBody+1","Prostrate+1","Parasite","Evaluate+1"],"relics":["REME_ComplimentaryCards","Cursed Key","Toxic Egg 2","Empty Cage","Centennial Puzzle"],"acts_visited":["Exordium","TheCity"],"potions_floor_usage":[16,21,21,28,28],"damage_taken":[{"damage":5,"enemies":"Small Slimes","floor":1,"turns":3},{"damage":1,"enemies":"Cultist","floor":3,"turns":4},{"damage":0,"enemies":"Jaw Worm","floor":4,"turns":4},{"damage":0,"enemies":"Large Slime","floor":7,"turns":3},{"damage":7,"enemies":"Looter","floor":8,"turns":3},{"damage":16,"enemies":"Blue Slaver","floor":11,"turns":4},{"damage":32,"enemies":"Exordium Wildlife","floor":13,"turns":6},{"damage":9,"enemies":"Hexaghost","floor":16,"turns":7},{"damage":35,"enemies":"2 Thieves","floor":18,"turns":4},{"damage":10,"enemies":"Shell Parasite","floor":20,"turns":4},{"damage":10,"enemies":"Centurion and Healer","floor":21,"turns":5},{"damage":10,"enemies":"Cultist and Chosen","floor":24,"turns":4},{"damage":29,"enemies":"Shelled Parasite and Fungi","floor":27,"turns":5},{"damage":8,"enemies":"Slavers","floor":28,"turns":4}],"seed_played":"2641356062949114571","potions_obtained":[{"floor":2,"key":"CultistPotion"},{"floor":2,"key":"SneckoOil"},{"floor":2,"key":"Weak Potion"},{"floor":3,"key":"Block Potion"},{"floor":13,"key":"BottledMiracle"},{"floor":18,"key":"Swift Potion"},{"floor":24,"key":"PowerPotion"},{"floor":27,"key":"EssenceOfSteel"}],"is_trial":false,"path_per_floor":["M","?","M","M","$","R","M","M","T","R","M","R","M","?","R","B",null,"M","$","M","M","$","R","M","R","T","M","E"],"character_chosen":"WATCHER","items_purchased":["REME_Flogging"],"campfire_rested":3,"item_purchase_floors":[19],"current_hp_per_floor":[67,67,66,66,66,66,66,59,59,59,43,43,11,11,32,23,72,37,37,27,17,17,38,28,49,49,20,12,12],"gold":126,"neow_bonus":"BOSS_RELIC","is_daily":false,"chose_seed":false,"campfire_upgraded":3,"win_rate":0.0,"timestamp":1608159859,"path_taken":["M","?","M","M","$","R","M","M","T","R","M","R","?","?","R","BOSS","M","?","M","M","$","R","M","R","T","M","E"],"items_purchased_type":["Card"],"build_version":"2020-12-13","purchased_purges":1,"victory":false,"max_hp_per_floor":[72,72,72,72,72,72,72,72,72,72,72,72,72,72,72,72,72,72,72,72,72,72,72,72,72,72,72,72,72],"card_choices":[{"not_picked":["SashWhip","InnerPeace"],"picked":"Pray","floor":1},{"not_picked":["CarveReality","ThirdEye"],"picked":"PathToVictory","floor":3},{"not_picked":["ForeignInfluence","FollowUp"],"picked":"PathToVictory","floor":4},{"not_picked":["Fasting2","Conclude"],"picked":"CrushJoints","floor":7},{"not_picked":["WheelKick","REME_WorshipGod"],"picked":"WaveOfTheHand","floor":8},{"not_picked":["JustLucky","Pray+1"],"picked":"Meditate+1","floor":11},{"not_picked":["SandsOfTime","WheelKick"],"picked":"Wireheading","floor":13},{"not_picked":["ConjureBlade+1","Wish+1"],"picked":"Omniscience+1","floor":16},{"not_picked":["ClearTheMind+1","Worship+1"],"picked":"SashWhip","floor":18},{"not_picked":["CrushJoints","TalkToTheHand"],"picked":"Evaluate+1","floor":20},{"not_picked":["WaveOfTheHand+1","ClearTheMind+1"],"picked":"EmptyBody+1","floor":21},{"not_picked":["BowlingBash+1","InnerPeace+1"],"picked":"Prostrate+1","floor":24},{"not_picked":["Consecrate","EmptyFist"],"picked":"Evaluate+1","floor":27}],"player_experience":115519,"relics_obtained":[{"floor":9,"key":"Toxic Egg 2"},{"floor":26,"key":"Centennial Puzzle"}],"event_choices":[{"damage_healed":0,"gold_gain":0,"player_choice":"Bought 3 Potions","damage_taken":0,"max_hp_gain":0,"max_hp_loss":0,"event_name":"The Woman in Blue","floor":2,"gold_loss":0},{"cards_removed":["Pain"],"damage_healed":0,"gold_gain":0,"player_choice":"Removed Curses","damage_taken":0,"max_hp_gain":0,"max_hp_loss":0,"event_name":"Fountain of Cleansing","floor":14,"gold_loss":0}],"is_beta":false,"boss_relics":[{"not_picked":["Astrolabe","Busted Crown"],"picked":"Empty Cage"}],"items_purged_floors":[5],"is_endless":false,"potions_floor_spawned":[3,4,7,13,18,24,27],"killed_by":"Slavers","ascension_level":0}}