{"host":"55yei7x27djrlaep","time":1608120030,"event":{"mods":["Act Like it!","BaseMod","BetterRewards","Colored Map","Conspire","Ekko","Friendly Minions","GifTheSpireLib","Marisa????????","Minty Spire (QoL Compilation)","Replay The Spire","StSLib","The Mystic"],"gold_per_floor":[110,130,141,153,173,173,208,228,279,279,11,11,31,65,65,167,267,277,47,47,67,67,67,67],"floor_reached":23,"playtime":1068,"items_purged":["Defend_R"],"score":233,"play_id":"1da9126b-d0e5-4425-af81-04b5e7f74bf0","local_time":"20201216150030","is_ascension_mode":true,"campfire_choices":[{"data":"Metallicize","floor":6,"key":"SMITH"},{"data":"Uppercut","floor":12,"key":"SMITH"},{"floor":15,"key":"RECALL"}],"circlet_count":0,"master_deck":["Strike_R","Strike_R","Strike_R","Defend_R","Defend_R","Defend_R","Bash","Uppercut+1","Infernal Blade","Flex","Clash","Metallicize+1","conspire:HitWhereItHurts","ReplayTheSpireMod:Stacked","Metallicize","Defy Death","Demonic Infusion","True Grit","Metallicize","Sever Soul","Shrug It Off"],"relics":["Burning Blood","NeowsBlessing","ReplayTheSpireMod:Shallot","ReplayTheSpireMod:TigerMarble","InkBottle","Replay:Wanted Poster","Anchor"],"acts_visited":["Exordium","TheCity"],"potions_floor_usage":[7,14],"damage_taken":[{"damage":0,"enemies":"Cultist","floor":1,"turns":1},{"damage":0,"enemies":"Small Slimes","floor":2,"turns":1},{"damage":0,"enemies":"2 Louse","floor":3,"turns":1},{"damage":13,"enemies":"Exordium Wildlife","floor":4,"turns":4},{"damage":23,"enemies":"Exordium Thugs","floor":5,"turns":4},{"damage":33,"enemies":"3 Sentries","floor":7,"turns":7},{"damage":4,"enemies":"Looter","floor":8,"turns":2},{"damage":0,"enemies":"Large Slime","floor":13,"turns":3},{"damage":14,"enemies":"Gremlin Nob","floor":14,"turns":4},{"damage":22,"enemies":"The Guardian","floor":16,"turns":13},{"damage":29,"enemies":"3 Byrds","floor":18,"turns":8},{"damage":28,"enemies":"Chosen","floor":21,"turns":7},{"damage":81,"enemies":"Slavers","floor":23,"turns":4}],"seed_played":"2838645767170944894","potions_obtained":[{"floor":1,"key":"Dexterity Potion"},{"floor":8,"key":"Strength Potion"},{"floor":13,"key":"SteroidPotion"},{"floor":18,"key":"FairyPotion"}],"is_trial":false,"path_per_floor":["M","M","M","M","M","R","E","M","T","?","$","R","M","E","R_BF","B",null,"M","$","?","M","$","E"],"character_chosen":"IRONCLAD","items_purchased":["Metallicize","ReplayTheSpireMod:TigerMarble","Anchor","Metallicize"],"campfire_rested":0,"item_purchase_floors":[11,11,19,19],"current_hp_per_floor":[80,80,80,73,56,56,29,31,31,31,31,31,43,35,35,19,80,57,57,57,35,35,0,0],"gold":67,"neow_bonus":"THREE_ENEMY_KILL","is_daily":false,"chose_seed":false,"campfire_upgraded":2,"win_rate":0.0,"timestamp":1608120030,"path_taken":["M","M","M","M","M","R","E","M","T","?","$","R","?","E","R_BF","BOSS","M","$","?","?","$","E"],"items_purchased_type":["Card","Relic","Relic","Card"],"build_version":"2020-12-13","purchased_purges":1,"victory":false,"max_hp_per_floor":[80,80,80,80,80,80,80,80,80,80,80,80,80,80,80,80,80,80,80,80,80,80,80,80],"card_choices":[{"not_picked":["ReplayTheSpireMod:Stacked","Cleave"],"picked":"Uppercut","floor":1},{"not_picked":["Clothesline","Perfected Strike"],"picked":"Infernal Blade","floor":2},{"not_picked":["Perfected Strike","Burning Pact"],"picked":"Flex","floor":3},{"not_picked":["Body Slam","Rupture"],"picked":"Clash","floor":4},{"not_picked":["Clothesline","Anger"],"picked":"Metallicize","floor":5},{"not_picked":["ReplayTheSpireMod:Strike From Hell","Abandon","Bloodletting"],"picked":"SKIP","floor":7},{"not_picked":["Wild Strike","Havoc"],"picked":"conspire:HitWhereItHurts","floor":8},{"not_picked":["Clothesline","Twin Strike"],"picked":"Defy Death","floor":13},{"not_picked":["Clothesline","Clash","Sentinel"],"picked":"SKIP","floor":14},{"not_picked":["Brutality","Exhume"],"picked":"Demonic Infusion","floor":16},{"not_picked":["Clothesline+1","Wild Strike+1"],"picked":"True Grit","floor":18},{"not_picked":["Clash","Anger+1"],"picked":"Shrug It Off","floor":21}],"player_experience":356355,"relics_obtained":[{"floor":7,"key":"ReplayTheSpireMod:Shallot"},{"floor":14,"key":"InkBottle"}],"event_choices":[{"damage_healed":0,"gold_gain":0,"cards_transformed":["Strike_R"],"player_choice":"Transformed","damage_taken":0,"max_hp_gain":0,"max_hp_loss":0,"event_name":"Transmorgrifier","floor":10,"gold_loss":0,"cards_obtained":["ReplayTheSpireMod:Stacked"]},{"damage_healed":0,"gold_gain":0,"cards_transformed":["Strike_R"],"player_choice":"Transformed","damage_taken":0,"max_hp_gain":0,"max_hp_loss":0,"event_name":"Transmorgrifier","floor":20,"gold_loss":0,"cards_obtained":["Sever Soul"]}],"is_beta":false,"boss_relics":[{"not_picked":["conspire:RoyalGoblet","Black Star"],"picked":"Replay:Wanted Poster"}],"items_purged_floors":[11],"is_endless":false,"potions_floor_spawned":[1,8,13,18],"killed_by":"Slavers","ascension_level":3}}