{"host":"jkgg7n5hn1slsm35","time":1608127374,"event":{"mods":["Aspiration","BaseMod","BetterRewards","Conspire","Googly Eyes","Gremlin Skip","Halation","Highlight Path","Hubris","Infinite Spire","Minty Spire (QoL Compilation)","Permanent Neow","StSLib","SuperFastMode","vexMod"],"gold_per_floor":[114,114,39,54,69,69,99,110,136,153,173,173,191,39,39,140,140,151,151,51,150,150,150,3,3,3,32,47,76,88,106,106,106,106],"floor_reached":33,"playtime":1038,"items_purged":["Strike_G","Strike_G","Strike_G"],"score":287,"play_id":"10c43a37-fb70-4724-946a-a0c5ca5ab458","local_time":"20201216150254","is_ascension_mode":false,"campfire_choices":[{"data":"Caltrops","floor":6,"key":"SMITH"},{"floor":15,"key":"REST"},{"data":"Caltrops","floor":23,"key":"SMITH"},{"data":"Poisoned Stab","floor":25,"key":"SMITH"},{"floor":32,"key":"REST"}],"circlet_count":0,"master_deck":["Strike_G","Strike_G+1","Defend_G","Defend_G","Defend_G","Defend_G","Defend_G","Survivor","Neutralize","Flying Knee","Caltrops+1","Flying Knee+1","Poisoned Stab","Bane","Dodge and Roll","Backflip","Caltrops+1","Poisoned Stab+1","Bane+1","Dodge and Roll","Backstab+1"],"relics":["Ring of the Snake","aspiration:Nostalgia","PureWater","aspiration:SeaSaltIceCream","Sozu","Whetstone","infinitespire:WardingShard","hubris:Towel","conspire:TopHat","Sundial","Bronze Scales","hubris:64BitClover"],"acts_visited":["Exordium","TheCity"],"potions_floor_usage":[],"damage_taken":[{"damage":2,"enemies":"Cultist","floor":1,"turns":4},{"damage":1,"enemies":"conspire:RoseBush","floor":4,"turns":4},{"damage":3,"enemies":"2 Louse","floor":5,"turns":2},{"damage":20,"enemies":"Gremlin Nob","floor":7,"turns":4},{"damage":13,"enemies":"Red Slaver","floor":8,"turns":3},{"damage":0,"enemies":"Looter","floor":10,"turns":2},{"damage":6,"enemies":"conspire:2 RoseBushes","floor":11,"turns":6},{"damage":3,"enemies":"Red Slaver","floor":13,"turns":4},{"damage":2,"enemies":"Hexaghost","floor":16,"turns":9},{"damage":3,"enemies":"Shell Parasite","floor":18,"turns":5},{"damage":6,"enemies":"Book of Stabbing","floor":27,"turns":4},{"damage":0,"enemies":"Chosen","floor":28,"turns":4},{"damage":6,"enemies":"conspire:SneckoGhost","floor":29,"turns":6},{"damage":17,"enemies":"Sentry and Sphere","floor":30,"turns":5},{"damage":0,"enemies":"3 Cultists","floor":31,"turns":4},{"damage":83,"enemies":"Champ","floor":33,"turns":9}],"seed_played":"8559185241603859452","potions_obtained":[{"floor":5,"key":"Ancient Potion"}],"is_trial":false,"path_per_floor":["M","?","$","M","M","R","E","M","T","M","M","?","M","$","R","B",null,"M","?","$","?","?","R","$","R","T","E","M","E","M","M","R","B"],"character_chosen":"THE_SILENT","items_purchased":["Caltrops","Caltrops","Poisoned Stab"],"campfire_rested":2,"item_purchase_floors":[3,14,24],"current_hp_per_floor":[68,68,68,67,64,64,44,31,31,31,25,25,22,22,43,41,70,67,67,67,67,67,67,67,67,67,61,61,55,38,38,59,0,0],"gold":106,"neow_bonus":"NOSTALGIA","is_daily":false,"chose_seed":false,"campfire_upgraded":3,"win_rate":0.0,"timestamp":1608127374,"path_taken":["M","?","?","M","M","R","E","M","T","M","M","?","?","$","R","BOSS","M","?","$","?","?","R","$","R","T","E","M","E","M","?","R","BOSS"],"items_purchased_type":["Card","Card","Card"],"build_version":"2020-12-13","purchased_purges":3,"victory":false,"max_hp_per_floor":[70,70,70,70,70,70,70,70,70,70,70,70,70,70,70,70,70,70,70,70,70,70,70,70,70,70,70,70,70,70,70,70,70,70],"card_choices":[{"not_picked":["Slice","PiercingWail"],"picked":"Flying Knee","floor":1},{"not_picked":["hubris:SlightOfHand","Outmaneuver"],"picked":"Flying Knee","floor":4},{"not_picked":["Tactician","Dagger Spray"],"picked":"Poisoned Stab","floor":5},{"not_picked":["Finisher","Sucker Punch","Blade Dance"],"picked":"SKIP","floor":7},{"not_picked":["Finisher","Sucker Punch","Blade Dance"],"picked":"SKIP","floor":7},{"not_picked":["Bouncing Flask","Sucker Punch"],"picked":"Bane","floor":8},{"not_picked":["Blade Dance","Die Die Die"],"picked":"Dodge and Roll","floor":10},{"not_picked":["conspire:PoisonWeapons","Prepared"],"picked":"Backflip","floor":11},{"not_picked":["hubris:SlightOfHand","Riddle With Holes","Dagger Throw"],"picked":"SKIP","floor":13},{"not_picked":["Dash+1","All Out Attack","Sucker Punch"],"picked":"SKIP","floor":18},{"not_picked":["Slice","Leg Sweep","Setup+1"],"picked":"SKIP","floor":27},{"not_picked":["Outmaneuver+1","Dash"],"picked":"Bane+1","floor":28},{"not_picked":["hubris:SlightOfHand+1","Cloak And Dagger"],"picked":"Dodge and Roll","floor":29},{"not_picked":["Prepared","Bouncing Flask"],"picked":"Backstab+1","floor":30},{"not_picked":["Reflex","Slice","Deadly Poison"],"picked":"SKIP","floor":31}],"player_experience":1748740,"relics_obtained":[{"floor":7,"key":"aspiration:SeaSaltIceCream"},{"floor":9,"key":"Whetstone"},{"floor":12,"key":"infinitespire:WardingShard"},{"floor":26,"key":"Sundial"},{"floor":27,"key":"Bronze Scales"},{"floor":29,"key":"hubris:64BitClover"}],"event_choices":[{"damage_healed":0,"gold_gain":0,"player_choice":"Relic","damage_taken":0,"max_hp_gain":0,"max_hp_loss":0,"event_name":"Wheel of Change","floor":12,"gold_loss":0},{"damage_healed":0,"gold_gain":99,"player_choice":"Stole From Cult","damage_taken":0,"max_hp_gain":0,"max_hp_loss":0,"event_name":"Nest","floor":21,"gold_loss":0},{"damage_healed":0,"gold_gain":0,"player_choice":"Gave Potion","damage_taken":0,"relics_obtained":["conspire:TopHat"],"max_hp_gain":0,"max_hp_loss":0,"event_name":"WeMeetAgain","floor":22,"gold_loss":0}],"is_beta":false,"boss_relics":[{"not_picked":["conspire:SeveredTorchhead","vexMod:FluxCapacitor","halation:Risk"]}],"items_purged_floors":[14,20,24],"is_endless":false,"potions_floor_spawned":[5,8,10,11,28,29,31],"killed_by":"Champ","ascension_level":0}}