{"host":"2e3z4r48quhw80cc","time":1608124034,"event":{"mods":["BaseMod","Minty Spire (QoL Compilation)","Quick Restart","StSLib","SuperFastMode"],"gold_per_floor":[110,110,32,45,45,73,73,99,99,129,79,79,108,126,126,231,231,248,267,278,278,278,278,312,312,312,336,26,54,54,67,67,165,165,175,1174,1187,771,782,782,782,834,859,859,879,879,487,498,498,498],"floor_reached":51,"playtime":1512,"items_purged":["Strike_B","Defend_B"],"score":998,"play_id":"27a1ce08-7e1d-4eae-971f-9d1c811db6af","local_time":"20201216220714","is_ascension_mode":true,"campfire_choices":[{"data":"Static Discharge","floor":7.0,"key":"SMITH"},{"floor":15.0,"key":"REST"},{"floor":23.0,"key":"REST"},{"data":"Defragment","floor":25.0,"key":"SMITH"},{"data":"Capacitor","floor":30.0,"key":"SMITH"},{"data":"Rainbow","floor":32.0,"key":"SMITH"},{"data":"Thunder Strike","floor":40.0,"key":"SMITH"},{"floor":44.0,"key":"REST"},{"floor":49,"key":"REST"}],"circlet_count":0,"master_deck":["Strike_B","Defend_B","Zap+1","Dualcast","Capacitor+1","Static Discharge+1","Reinforced Body","Defragment+1","Rainbow+1","Tempest","Defragment+1","Echo Form+1","Glacier","Chill","Blizzard","Storm+1","Core Surge","Tempest+1","Barrage+1","Thunder Strike+1","Consume+1","Storm+1","Loop+1","Seek","Lockon+1","Conserve Battery+1","Forethought","Finesse","Impatience","Loop+1"],"relics":["Cracked Core","NeowsBlessing","InkBottle","Bronze Scales","Matryoshka","MealTicket","Bottled Lightning","Frozen Egg 2","Eternal Feather","Velvet Choker","Smiling Mask","WingedGreaves","Pen Nib","Blue Candle","PreservedInsect","Omamori","Darkstone Periapt","SacredBark","Regal Pillow","Orrery","Du-Vu Doll","Toy Ornithopter","Cables"],"acts_visited":["Exordium","TheCity","TheBeyond"],"potions_floor_usage":[50],"damage_taken":[{"damage":0.0,"enemies":"Cultist","floor":1.0,"turns":1.0},{"damage":0.0,"enemies":"2 Louse","floor":4.0,"turns":1.0},{"damage":0.0,"enemies":"Lagavulin","floor":6.0,"turns":1.0},{"damage":25.0,"enemies":"3 Sentries","floor":8.0,"turns":5.0},{"damage":16.0,"enemies":"Lagavulin","floor":10.0,"turns":6.0},{"damage":25.0,"enemies":"Gremlin Nob","floor":13.0,"turns":4.0},{"damage":0.0,"enemies":"Small Slimes","floor":14.0,"turns":2.0},{"damage":18.0,"enemies":"Slime Boss","floor":16.0,"turns":7.0},{"damage":14.0,"enemies":"2 Thieves","floor":18.0,"turns":4.0},{"damage":0.0,"enemies":"Chosen","floor":19.0,"turns":4.0},{"damage":16.0,"enemies":"Sentry and Sphere","floor":20.0,"turns":3.0},{"damage":6.0,"enemies":"Gremlin Leader","floor":24.0,"turns":5.0},{"damage":28.0,"enemies":"Book of Stabbing","floor":29.0,"turns":3.0},{"damage":24.0,"enemies":"Snake Plant","floor":31.0,"turns":3.0},{"damage":21.0,"enemies":"Champ","floor":33.0,"turns":6.0},{"damage":43.0,"enemies":"3 Darklings","floor":35.0,"turns":4.0},{"damage":0.0,"enemies":"Orb Walker","floor":37.0,"turns":2.0},{"damage":9.0,"enemies":"Sphere and 2 Shapes","floor":39.0,"turns":4.0},{"damage":39.0,"enemies":"2 Orb Walkers","floor":42.0,"turns":4.0},{"damage":11.0,"enemies":"Transient","floor":45.0,"turns":5.0},{"damage":31,"enemies":"Jaw Worm Horde","floor":48,"turns":3},{"damage":72,"enemies":"Awakened One","floor":50,"turns":7}],"seed_played":"-4614763605576672798","potions_obtained":[{"floor":4.0,"key":"Weak Potion"},{"floor":6.0,"key":"BlessingOfTheForge"},{"floor":12.0,"key":"PowerPotion"},{"floor":13.0,"key":"Strength Potion"},{"floor":14.0,"key":"Energy Potion"},{"floor":16.0,"key":"Block Potion"},{"floor":18.0,"key":"Ancient Potion"},{"floor":24.0,"key":"DuplicationPotion"},{"floor":45.0,"key":"PowerPotion"}],"is_trial":false,"path_per_floor":["M","?","$","M","T","E","R","E","T","E","?","?","E","M","R","B",null,"M","M","M","?","?","R","E","R","T","T","$","E","R","M","R","B",null,"M","?","M","$","M","R","?","?","T","R","M","?","$","M","R","B",null],"character_chosen":"DEFECT","items_purchased":["Static Discharge","Core Surge","Omamori","Regal Pillow","Storm+1","Orrery","Loop+1","Cables"],"campfire_rested":4,"item_purchase_floors":[3,28,28,38,38,38,47,47],"current_hp_per_floor":[68,68,68,68,68,68,68,43,43,27,27,27,2,2,33,15,60,46,46,30,30,30,61,55,64,64,64,75,47,59,35,47,26,63,20,20,20,35,26,41,41,2,2,54,48,38,53,22,75,8],"gold":498,"neow_bonus":"THREE_ENEMY_KILL","is_daily":false,"chose_seed":false,"campfire_upgraded":5,"win_rate":0.0,"timestamp":1608124034,"path_taken":["M","?","$","?","?","E","R","E","T","E","?","?","E","M","R","BOSS","M","M","?","?","?","R","E","R","T","?","$","E","R","M","R","BOSS","BOSS","M","?","M","$","M","R","?","?","T","R","M","?","$","M","R","BOSS"],"items_purchased_type":["Card","Card","Relic","Relic","Card","Relic","Card","Relic"],"build_version":"2020-12-13","purchased_purges":2,"victory":true,"max_hp_per_floor":[75,75,75,75,75,75,75,75,75,75,75,75,75,75,75,75,75,75,75,75,75,75,75,75,75,75,75,75,75,75,75,75,75,75,75,75,75,75,75,75,75,75,75,75,75,75,75,75,75,75],"card_choices":[{"not_picked":["Hologram","Stack"],"picked":"Capacitor","floor":1.0},{"not_picked":["Barrage","Go for the Eyes"],"picked":"Reinforced Body","floor":4.0},{"not_picked":["Turbo","Reinforced Body","Skim"],"picked":"SKIP","floor":6.0},{"not_picked":["Beam Cell","Gash"],"picked":"Defragment","floor":8.0},{"not_picked":["Coolheaded","Leap"],"picked":"Rainbow","floor":10.0},{"not_picked":["Hologram","Streamline"],"picked":"Tempest","floor":13.0},{"not_picked":["Loop+1","Ball Lightning"],"picked":"Defragment+1","floor":14.0},{"not_picked":["Biased Cognition+1","Multi-Cast"],"picked":"Echo Form+1","floor":16.0},{"not_picked":["Gash","Compile Driver"],"picked":"Glacier","floor":18.0},{"not_picked":["Steam","Conserve Battery","Reinforced Body"],"picked":"SKIP","floor":19.0},{"not_picked":["Rebound+1","Gash","Cold Snap"],"picked":"SKIP","floor":20.0},{"not_picked":["Compile Driver","Rebound"],"picked":"Storm+1","floor":24.0},{"not_picked":["Reinforced Body","Stack+1"],"picked":"Tempest+1","floor":29.0},{"not_picked":["Ball Lightning","Undo"],"picked":"Barrage+1","floor":31.0},{"not_picked":["Fission","Multi-Cast"],"picked":"Thunder Strike","floor":33.0},{"not_picked":["BootSequence","Gash+1","Glacier"],"picked":"SKIP","floor":35.0},{"not_picked":["Doom and Gloom","Chill"],"picked":"Consume+1","floor":37.0},{"not_picked":["Turbo","Hologram+1"],"picked":"Loop+1","floor":38.0},{"not_picked":["Sunder","Ball Lightning"],"picked":"Seek","floor":38.0},{"not_picked":["Meteor Strike","Turbo"],"picked":"Lockon+1","floor":38.0},{"not_picked":["Heatsinks+1","Ball Lightning"],"picked":"Conserve Battery+1","floor":39.0},{"not_picked":["Conserve Battery","Steam+1","Turbo"],"picked":"SKIP","floor":45.0},{"not_picked":["Chrysalis","Bandage Up"],"picked":"Forethought","floor":46},{"not_picked":["Dark Shackles","The Bomb"],"picked":"Finesse","floor":46},{"not_picked":["Deep Breath","Jack Of All Trades"],"picked":"Impatience","floor":46},{"not_picked":["Streamline+1","Lockon+1","Cold Snap"],"picked":"SKIP","floor":48}],"player_experience":65071,"relics_obtained":[{"floor":5.0,"key":"InkBottle"},{"floor":6.0,"key":"Bronze Scales"},{"floor":8.0,"key":"Matryoshka"},{"floor":9.0,"key":"MealTicket"},{"floor":9.0,"key":"Bottled Lightning"},{"floor":10.0,"key":"Frozen Egg 2"},{"floor":13.0,"key":"Eternal Feather"},{"floor":24.0,"key":"WingedGreaves"},{"floor":26.0,"key":"Pen Nib"},{"floor":26.0,"key":"Blue Candle"},{"floor":27.0,"key":"PreservedInsect"},{"floor":29.0,"key":"Darkstone Periapt"},{"floor":42.0,"key":"Du-Vu Doll"},{"floor":43.0,"key":"Toy Ornithopter"}],"event_choices":[{"damage_healed":0.0,"max_hp_gain":0.0,"max_hp_loss":0.0,"gold_gain":0.0,"event_name":"Upgrade Shrine","player_choice":"Upgraded","floor":2.0,"gold_loss":0.0,"damage_taken":0.0,"cards_upgraded":["Zap"]},{"cards_removed":["Defend_B"],"damage_healed":0.0,"max_hp_gain":0.0,"max_hp_loss":0.0,"gold_gain":0.0,"event_name":"The Cleric","player_choice":"Card Removal","floor":11.0,"gold_loss":50.0,"damage_taken":0.0},{"damage_healed":0.0,"max_hp_gain":0.0,"max_hp_loss":0.0,"gold_gain":0.0,"event_name":"Lab","player_choice":"Got Potions","floor":12.0,"gold_loss":0.0,"damage_taken":0.0},{"damage_healed":0.0,"max_hp_gain":0.0,"max_hp_loss":0.0,"gold_gain":0.0,"event_name":"The Mausoleum","player_choice":"Opened","floor":21.0,"gold_loss":0.0,"damage_taken":0.0,"relics_obtained":["Smiling Mask"]},{"damage_healed":0.0,"max_hp_gain":0.0,"max_hp_loss":0.0,"gold_gain":0.0,"cards_transformed":["Defend_B","Strike_B"],"event_name":"Drug Dealer","player_choice":"Became Test Subject","floor":22.0,"gold_loss":0.0,"damage_taken":0.0,"cards_obtained":["Chill","Blizzard"]},{"damage_healed":0.0,"max_hp_gain":0.0,"max_hp_loss":0.0,"gold_gain":999.0,"event_name":"MindBloom","player_choice":"Gold","floor":36.0,"gold_loss":0.0,"damage_taken":0.0,"cards_obtained":["Normality","Normality"]},{"cards_removed":["Strike_B"],"damage_healed":0.0,"max_hp_gain":0.0,"max_hp_loss":0.0,"gold_gain":0.0,"event_name":"Falling","player_choice":"Removed Attack","floor":41.0,"gold_loss":0.0,"damage_taken":0.0},{"damage_healed":0.0,"max_hp_gain":0.0,"max_hp_loss":0.0,"gold_gain":0.0,"event_name":"Mysterious Sphere","player_choice":"Fight","floor":42.0,"gold_loss":0.0,"damage_taken":0.0},{"damage_healed":0,"gold_gain":0,"player_choice":"Memory 3","damage_taken":10,"max_hp_gain":0,"max_hp_loss":0,"event_name":"SensoryStone","floor":46,"gold_loss":0}],"is_beta":false,"boss_relics":[{"not_picked":["Runic Dome","FrozenCore"],"picked":"Velvet Choker"},{"not_picked":["Empty Cage","Philosopher\u0027s Stone"],"picked":"SacredBark"}],"items_purged_floors":[38,47],"is_endless":false,"potions_floor_spawned":[4,6,13,14,16,18,24,33,35,45],"ascension_level":7}}