{"host":"ci7ivtocgfxh0ueo","time":1608132129,"event":{"mods":["BaseMod","GifTheSpireLib","Minty Spire (QoL Compilation)","StSLib"],"gold_per_floor":[115,89,105,105,123,152,65,83,83,83,83],"floor_reached":10,"playtime":218,"items_purged":[],"score":126,"play_id":"756c8bd2-354a-4c9d-ae82-34ffb1b456f5","local_time":"20201216232209","is_ascension_mode":true,"campfire_choices":[],"circlet_count":0,"master_deck":["AscendersBane","Strike_R","Strike_R","Strike_R","Strike_R","Strike_R","Defend_R","Defend_R","Defend_R","Defend_R","Bash","Pommel Strike","Armaments","Uppercut","Rampage"],"relics":["Busted Crown","Matryoshka","Juzu Bracelet","Question Card"],"acts_visited":["Exordium"],"potions_floor_usage":[5],"damage_taken":[{"damage":6,"enemies":"Cultist","floor":1,"turns":3},{"damage":2,"enemies":"Jaw Worm","floor":3,"turns":4},{"damage":0,"enemies":"Small Slimes","floor":5,"turns":3},{"damage":46,"enemies":"Lagavulin","floor":6,"turns":8},{"damage":1,"enemies":"Blue Slaver","floor":8,"turns":4},{"damage":30,"enemies":"Gremlin Nob","floor":10,"turns":3}],"seed_played":"2340928818605162357","potions_obtained":[{"floor":5,"key":"Fruit Juice"},{"floor":8,"key":"SpeedPotion"}],"is_trial":false,"path_per_floor":["M","$","M","?","M","E","$","M","T","E"],"character_chosen":"IRONCLAD","items_purchased":["Armaments","Uppercut"],"campfire_rested":0,"item_purchase_floors":[2,7],"current_hp_per_floor":[62,62,60,65,70,24,24,23,23,0,0],"gold":83,"neow_bonus":"BOSS_RELIC","is_daily":false,"chose_seed":false,"campfire_upgraded":0,"win_rate":0.0,"timestamp":1608132129,"path_taken":["M","?","M","?","M","E","?","?","T","E"],"items_purchased_type":["Card","Card"],"build_version":"2020-12-13","purchased_purges":0,"victory":false,"max_hp_per_floor":[75,75,75,80,85,85,85,85,85,85,85],"card_choices":[{"not_picked":[],"picked":"Pommel Strike","floor":1},{"not_picked":["Havoc"],"picked":"SKIP","floor":3},{"not_picked":["Clothesline"],"picked":"SKIP","floor":5},{"not_picked":["Battle Trance"],"picked":"SKIP","floor":6},{"not_picked":[],"picked":"Rampage","floor":8}],"player_experience":1258252,"relics_obtained":[{"floor":6,"key":"Matryoshka"},{"floor":9,"key":"Juzu Bracelet"},{"floor":9,"key":"Question Card"}],"event_choices":[{"damage_healed":0,"gold_gain":0,"player_choice":"Donut","damage_taken":0,"max_hp_gain":5,"max_hp_loss":0,"event_name":"Big Fish","floor":4,"gold_loss":0}],"is_beta":false,"boss_relics":[],"items_purged_floors":[],"is_endless":false,"potions_floor_spawned":[5,8],"killed_by":"Gremlin Nob","ascension_level":17}}