{"host":"jt62yzdgnrkmwwqv","time":1608122838,"event":{"mods":["AchievementEnabler","BaseMod","CapriCore","Colored Map","Colored Powertips","GungeonMod","Lobotomy","LobotomyExtend","Minty Spire (QoL Compilation)","StSLib","SuperFastMode","The Animator","The Construct","The Immortal"],"gold_per_floor":[114,130,150,164,176,210,210,237,237,237,237,272,284,356,368,484,496,496],"floor_reached":17,"playtime":1244,"items_purged":[],"score":385,"play_id":"b524469a-7727-4502-8af9-84c3290ef17f","local_time":"20201216214718","is_ascension_mode":true,"campfire_choices":[{"floor":7,"key":"RECALL"},{"floor":10,"key":"REST"},{"floor":13,"key":"REST"},{"floor":15,"key":"REST"}],"circlet_count":1,"master_deck":["Deadly Poison+1","Escape Plan+1","Backflip+1","Tactician+1","Acrobatics+1","Crippling Poison"],"relics":["Ring of the Snake","DemoMod:Metronome","TwistedFunnel","Sundial","Snake Skull","LetterFromLob","Runic Dome","Busted Crown","Circlet","RedMistMask","DemoMod:GlassGuonStoneRelic","InkBottle","DemoMod:Bottle","War Paint","DemoMod:PinkGuonStone","MawBank","Torii","Sozu"],"acts_visited":["Exordium","TheCity"],"potions_floor_usage":[],"damage_taken":[{"damage":0,"enemies":"Cultist","floor":1,"turns":2},{"damage":0,"enemies":"2 Louse","floor":2,"turns":2},{"damage":0,"enemies":"Small Slimes","floor":3,"turns":1},{"damage":0,"enemies":"Exordium Wildlife","floor":4,"turns":1},{"damage":0,"enemies":"3 Louse","floor":5,"turns":1},{"damage":0,"enemies":"Gremlin Nob","floor":6,"turns":1},{"damage":0,"enemies":"Lagavulin","floor":8,"turns":1},{"damage":0,"enemies":"Gremlin Nob","floor":12,"turns":2},{"damage":0,"enemies":"Gremlin Nob","floor":14,"turns":1},{"damage":0,"enemies":"Hexaghost","floor":16,"turns":1}],"seed_played":"3384234447245295858","potions_obtained":[{"floor":3,"key":"Weak Potion"},{"floor":12,"key":"GamblersBrew"},{"floor":14,"key":"CunningPotion"}],"is_trial":false,"path_per_floor":["M","M","M","M","M","E","R","E","T","R","?","E","R","?","R","B",null],"character_chosen":"THE_SILENT","items_purchased":[],"campfire_rested":3,"item_purchase_floors":[],"current_hp_per_floor":[70,70,70,70,70,70,70,70,70,70,65,65,77,77,77,77,77,77],"gold":496,"neow_bonus":"RANDOM_COMMON_RELIC","is_daily":false,"chose_seed":false,"campfire_upgraded":0,"win_rate":0.0,"timestamp":1608122838,"path_taken":["M","M","M","M","M","E","R","E","T","R","?","E","R","?","R","BOSS"],"items_purchased_type":[],"build_version":"2020-12-13","purchased_purges":0,"victory":false,"max_hp_per_floor":[70,70,70,70,70,70,70,70,70,70,77,77,77,77,77,77,77,77],"card_choices":[{"not_picked":["Cloak And Dagger","Outmaneuver","Catalyst"],"picked":"SKIP","floor":1},{"not_picked":["Deadly Poison"],"picked":"SKIP","floor":2},{"not_picked":["Dagger Spray"],"picked":"SKIP","floor":3},{"not_picked":["Quick Slash"],"picked":"SKIP","floor":4},{"not_picked":[],"picked":"Dodge and Roll","floor":5},{"not_picked":["Glass Knife"],"picked":"SKIP","floor":6},{"not_picked":["Backflip"],"picked":"SKIP","floor":8},{"not_picked":["Dagger Throw"],"picked":"SKIP","floor":12},{"not_picked":[],"picked":"Crippling Poison","floor":14}],"player_experience":221616,"relics_obtained":[{"floor":1,"key":"LetterFromLob"},{"floor":2,"key":"RedMistMask"},{"floor":6,"key":"InkBottle"},{"floor":8,"key":"DemoMod:Bottle"},{"floor":9,"key":"War Paint"},{"floor":12,"key":"MawBank"},{"floor":14,"key":"Torii"}],"event_choices":[{"damage_healed":0,"gold_gain":0,"player_choice":"Success","damage_taken":12,"relics_obtained":["DemoMod:PinkGuonStone"],"max_hp_gain":0,"max_hp_loss":0,"event_name":"Scrap Ooze","floor":11,"gold_loss":0},{"damage_healed":0,"gold_gain":0,"player_choice":"Searched \u00271\u0027 times","damage_taken":0,"max_hp_gain":0,"max_hp_loss":0,"event_name":"Dead Adventurer","floor":14,"gold_loss":0}],"is_beta":false,"boss_relics":[{"not_picked":["Ring of the Serpent","Snecko Eye"],"picked":"Sozu"}],"items_purged_floors":[],"is_endless":false,"potions_floor_spawned":[3,12,14],"ascension_level":2}}