{"host":"7tvb1em0d2fx72q7","time":1608148206,"event":{"mods":["BaseMod","Challenge The Spire","Minty Spire (QoL Compilation)","StSLib","everything is the same but u backflip on backflip"],"gold_per_floor":[115,115,115,133,146,178,178,196,196,15,15,34,67,26,26,99,99,118,118,135,135,135],"floor_reached":21,"playtime":1025,"items_purged":["Strike_G"],"score":369,"play_id":"2b760771-5231-4c26-abc8-565fb1c078bd","local_time":"20201216145006","is_ascension_mode":true,"campfire_choices":[{"floor":7,"key":"REST"},{"floor":11,"key":"REST"},{"floor":15,"key":"REST"}],"circlet_count":0,"master_deck":["AscendersBane","Strike_G","Strike_G","Strike_G","Defend_G","Defend_G","Defend_G","Defend_G","Defend_G","Survivor","Neutralize","Dagger Throw","Die Die Die","Poisoned Stab","Heel Hook","Crippling Poison","Flying Knee","Leg Sweep","Dagger Spray","Deadly Poison","Storm of Steel","Catalyst","Glass Knife","Well Laid Plans+1","Decay","Dodge and Roll"],"relics":["Ring of the Snake","NeowsBlessing","Vajra","Pear","Bag of Marbles","Paper Crane","SlaversCollar"],"acts_visited":["Exordium","TheCity"],"potions_floor_usage":[6],"damage_taken":[{"damage":0,"enemies":"Small Slimes","floor":1,"turns":1},{"damage":0,"enemies":"Jaw Worm","floor":4,"turns":1},{"damage":0,"enemies":"Cultist","floor":5,"turns":1},{"damage":12,"enemies":"Lagavulin","floor":6,"turns":6},{"damage":20,"enemies":"Gremlin Gang","floor":8,"turns":3},{"damage":7,"enemies":"Red Slaver","floor":12,"turns":3},{"damage":11,"enemies":"3 Sentries","floor":13,"turns":5},{"damage":10,"enemies":"Hexaghost","floor":16,"turns":8},{"damage":7,"enemies":"Chosen","floor":18,"turns":3},{"damage":22,"enemies":"Spheric Guardian","floor":20,"turns":6},{"damage":40,"enemies":"Snecko","floor":21,"turns":5}],"seed_played":"-2044031845681863050","potions_obtained":[{"floor":1,"key":"Block Potion"},{"floor":6,"key":"EssenceOfSteel"}],"is_trial":false,"path_per_floor":["M","?","?","M","M","E","R","M","T","$","R","M","E","$","R","B",null,"M","?","M","M"],"character_chosen":"THE_SILENT","items_purchased":["Leg Sweep","Dagger Spray","Catalyst"],"campfire_rested":3,"item_purchase_floors":[10,10,14],"current_hp_per_floor":[59,14,14,14,14,12,34,14,14,14,36,29,18,18,40,30,65,58,58,36,0,0],"gold":135,"neow_bonus":"THREE_ENEMY_KILL","is_daily":false,"chose_seed":false,"campfire_upgraded":0,"win_rate":0.0,"timestamp":1608148206,"path_taken":["M","?","?","?","M","E","R","M","T","$","R","?","E","?","R","BOSS","M","?","M","M"],"items_purchased_type":["Card","Card","Card"],"build_version":"2020-12-13","purchased_purges":1,"victory":false,"max_hp_per_floor":[66,66,66,66,66,76,76,76,76,76,76,76,76,76,76,76,76,76,76,76,76,76],"card_choices":[{"not_picked":["Outmaneuver","Deflect"],"picked":"Dagger Throw","floor":1},{"not_picked":["Noxious Fumes","Terror"],"picked":"Poisoned Stab","floor":4},{"not_picked":["Underhanded Strike","Outmaneuver"],"picked":"Heel Hook","floor":5},{"not_picked":["Grand Finale","All Out Attack"],"picked":"Crippling Poison","floor":6},{"not_picked":["Deflect","Outmaneuver"],"picked":"Flying Knee","floor":8},{"not_picked":["Accuracy","Deflect"],"picked":"Deadly Poison","floor":12},{"not_picked":["Prepared","Envenom"],"picked":"Storm of Steel","floor":13},{"not_picked":["Tools of the Trade","Bullet Time"],"picked":"Glass Knife","floor":16},{"not_picked":["Bane+1","Backflip"],"picked":"Well Laid Plans+1","floor":18},{"not_picked":["Quick Slash","Dagger Throw"],"picked":"Dodge and Roll","floor":20}],"player_experience":1845580,"relics_obtained":[{"floor":6,"key":"Pear"},{"floor":9,"key":"Bag of Marbles"},{"floor":13,"key":"Paper Crane"}],"event_choices":[{"damage_healed":0,"gold_gain":0,"player_choice":"Success","damage_taken":45,"relics_obtained":["Vajra"],"max_hp_gain":0,"max_hp_loss":0,"event_name":"Scrap Ooze","floor":2,"gold_loss":0},{"damage_healed":0,"gold_gain":0,"cards_transformed":["Strike_G"],"player_choice":"Transformed","damage_taken":0,"max_hp_gain":0,"max_hp_loss":0,"event_name":"Transmorgrifier","floor":3,"gold_loss":0,"cards_obtained":["Die Die Die"]},{"damage_healed":0,"gold_gain":0,"player_choice":"Smashed Altar","damage_taken":0,"max_hp_gain":0,"max_hp_loss":0,"event_name":"Forgotten Altar","floor":19,"gold_loss":0,"cards_obtained":["Decay"]}],"is_beta":false,"boss_relics":[{"not_picked":["Ectoplasm","SacredBark"],"picked":"SlaversCollar"}],"items_purged_floors":[10],"is_endless":false,"potions_floor_spawned":[1,6],"killed_by":"Snecko","ascension_level":19}}