{"host":"syse7109pvnv9ewm","time":1608080463,"event":{"mods":["AchievementEnabler","Act Like it!","Aspiration","BaseMod","Beaked The Cultist","Bestiary","Better Altar","Better Match","Better Note","Better Sensory Stone","Better Skull","Better Third Choice","CCEM","Challenge The Spire","Colored Map","Conspire","Custom Start","DeckTracker","Dio Mod","Ekko","Elementarium","Energized Spire","Halation","Hallownest","Highlight Path","Hubris","Infinite Spire","Keyboard Shortcuts","Kratos Character Expansion","Menagerie","Minty Spire (QoL Compilation)","Practice Mode","Random Character Button","Relic Stats","Replay The Spire","Retaliation","Reworked Bosses","Robot Space Explorer","Spicy Shops","StSLib","The Animator","The Blue Laboratory","The Bug Knight","The Cursed","The Death Knight","The Dragon Tamer","The Edgeheg","The Gatherer","TheWitcher","Thieving Mod"],"gold_per_floor":[113,126,126,126,126,158,173,199,278,278,308,328,328,7,7,111,111,123,123,138,231,260,304,304,332,332],"floor_reached":25,"playtime":1986,"items_purged":[],"score":264,"play_id":"66ed6e39-9dbb-48d2-ad25-f63d0c09f8da","local_time":"20201216020103","is_ascension_mode":false,"campfire_choices":[{"floor":10,"key":"REST"},{"floor":13,"key":"RECALL"},{"data":"TheCursedMod:HellsGateOpen","floor":15,"key":"SMITH"},{"floor":24,"key":"REST"}],"circlet_count":0,"master_deck":["TheCursedMod:Strike_TheCursed","TheCursedMod:Strike_TheCursed","TheCursedMod:Strike_TheCursed","TheCursedMod:Strike_TheCursed","TheCursedMod:Defend_TheCursed","TheCursedMod:Defend_TheCursed+1","TheCursedMod:Defend_TheCursed","TheCursedMod:Defend_TheCursed+1","TheCursedMod:CursedWand","TheCursedMod:CleanUpWorkshop","TheCursedMod:Dregs","TheCursedMod:RavingStaff","TheCursedMod:TacticalStrike","ReplayTheSpireMod:Omega Cannon+1","TheCursedMod:RapidMovement","TheCursedMod:SoulReap","TheCursedMod:CursedAmulet","TheCursedMod:CursedAmulet+1","TheCursedMod:Obscuration+1","TheCursedMod:HellsGateOpen+1","TheCursedMod:AntiAging+1","TheCursedMod:WearCloak+1","DeathKnight:Hysteria","hubris:Greed","TheCursedMod:CircleOfFlame+1","TheCursedMod:ForbiddenAlchemy+1","TheCursedMod:ReleasedKnowledge+1","hubris:Greed","TheCursedMod:EmpowerCircles","TheCursedMod:CircleOfCorruption+1"],"relics":["TheCursedMod:BlackMagic101","CCEMRelics:Barrel","hubris:TinFlute","War Paint","CaptainsWheel","Toxic Egg 2","Pantograph","Blue Candle","Black Star","Potion Belt","The Courier","Replay:Bandana"],"acts_visited":["Exordium","TheCity"],"potions_floor_usage":[11,22,22,23,23,25,25],"damage_taken":[{"damage":3,"enemies":"conspire:RoseBush","floor":1,"turns":3},{"damage":3,"enemies":"2 Louse","floor":2,"turns":2},{"damage":24,"enemies":"Gremlin Nob","floor":6,"turns":4},{"damage":0,"enemies":"Cultist","floor":7,"turns":2},{"damage":2,"enemies":"HollowMod:MossKnight","floor":8,"turns":7},{"damage":30,"enemies":"Lagavulin","floor":11,"turns":6},{"damage":0,"enemies":"Exordium Wildlife","floor":12,"turns":3},{"damage":60,"enemies":"Slime Boss","floor":16,"turns":11},{"damage":16,"enemies":"Shell Parasite","floor":18,"turns":6},{"damage":19,"enemies":"Spheric Guardian","floor":20,"turns":10},{"damage":4,"enemies":"conspire:HollyBat","floor":22,"turns":11},{"damage":58,"enemies":"Slavers","floor":23,"turns":6},{"damage":52,"enemies":"Centurion and Healer","floor":25,"turns":9}],"seed_played":"4448569060542474022","potions_obtained":[{"floor":2,"key":"BlessingOfTheForge"},{"floor":8,"key":"Weak Potion"},{"floor":16,"key":"blueLaboratory:TrueEctoplasm"},{"floor":18,"key":"DDmod:CleansePotion"}],"is_trial":false,"path_per_floor":["M","M","?","?","?","E","M","E","T","R","E","M","R","$","R","B",null,"M","?","M","?","M","E","R","M"],"character_chosen":"THE_CURSED","items_purchased":["Blue Candle","TheCursedMod:HellsGateOpen"],"campfire_rested":2,"item_purchase_floors":[14,14],"current_hp_per_floor":[79,76,76,67,67,43,43,46,46,70,45,50,50,50,50,28,82,69,69,61,61,60,9,36,0,0],"gold":332,"neow_bonus":"TEN_PERCENT_HP_BONUS","is_daily":false,"chose_seed":false,"campfire_upgraded":1,"win_rate":0.0,"timestamp":1608080463,"path_taken":["M","M","?","?","?","E","M","E","T","R","E","M","R","$","R","BOSS","M","?","M","?","M","E","R","M"],"items_purchased_type":["Relic","Card"],"build_version":"2020-12-13","purchased_purges":0,"victory":false,"max_hp_per_floor":[82,82,82,82,82,82,82,82,82,82,82,82,82,82,82,82,82,85,85,88,88,91,91,91,94,94],"relic_stats":{"counters":[13,80],"Pantograph":25,"Blue Candle":[11],"Black Star":1,"War Paint":["TheCursedMod:Defend_TheCursed","TheCursedMod:Defend_TheCursed"],"obtain_stats":[{"CCEMRelics:Barrel":4,"Potion Belt":21,"TheCursedMod:BlackMagic101":0,"CaptainsWheel":8,"Replay:Bandana":23,"Pantograph":11,"Blue Candle":14,"The Courier":23,"Black Star":17,"War Paint":6,"Toxic Egg 2":9,"hubris:TinFlute":5},{"CCEMRelics:Barrel":2,"Potion Belt":10,"TheCursedMod:BlackMagic101":0,"CaptainsWheel":5,"Replay:Bandana":12,"Pantograph":6,"Blue Candle":7,"The Courier":12,"Black Star":8,"War Paint":3,"Toxic Egg 2":5,"hubris:TinFlute":2},{"CCEMRelics:Barrel":5,"Potion Belt":54,"TheCursedMod:BlackMagic101":0,"CaptainsWheel":18,"Replay:Bandana":71,"Pantograph":24,"Blue Candle":27,"The Courier":71,"Black Star":38,"War Paint":9,"Toxic Egg 2":18,"hubris:TinFlute":5}]},"card_choices":[{"not_picked":["TheCursedMod:Grudge","TheCursedMod:SpitefulStrike"],"picked":"TheCursedMod:RavingStaff","floor":1},{"not_picked":["TheCursedMod:FleshFromBone","TheCursedMod:Stretching"],"picked":"TheCursedMod:TacticalStrike","floor":2},{"not_picked":["TheCursedMod:CursedShiv","TheCursedMod:Hemoplague"],"picked":"TheCursedMod:RapidMovement","floor":6},{"not_picked":["TheCursedMod:Hemoplague","TheCursedMod:CircleOfWindfury"],"picked":"TheCursedMod:SoulReap","floor":7},{"not_picked":["TheCursedMod:FleshFromBone","TheCursedMod:Torture"],"picked":"TheCursedMod:CursedAmulet","floor":8},{"not_picked":["TheCursedMod:CircleOfCorruption+1","TheCursedMod:SmokeScreen+1"],"picked":"TheCursedMod:CursedAmulet+1","floor":11},{"not_picked":["TheCursedMod:FleshFromBone+1","TheCursedMod:EmpowerCircles"],"picked":"TheCursedMod:Obscuration+1","floor":12},{"not_picked":["TheCursedMod:ForbiddenAlchemy+1","TheCursedMod:CursedRelics"],"picked":"TheCursedMod:AntiAging+1","floor":16},{"not_picked":["TheCursedMod:VitalStrike","TheCursedMod:RapidMovement+1"],"picked":"TheCursedMod:WearCloak+1","floor":18},{"not_picked":["TheCursedMod:Wield","TheCursedMod:CursedBlade"],"picked":"TheCursedMod:CircleOfFlame+1","floor":20},{"not_picked":["TheCursedMod:CursedMace","TheCursedMod:Torture+1"],"picked":"TheCursedMod:ForbiddenAlchemy+1","floor":21},{"not_picked":["TheCursedMod:Stretching+1","TheCursedMod:VitalStrike"],"picked":"TheCursedMod:ReleasedKnowledge+1","floor":21},{"not_picked":["TheCursedMod:FleshFromBone+1","TheCursedMod:CursedBlade"],"picked":"TheCursedMod:EmpowerCircles","floor":22},{"not_picked":["TheCursedMod:CircleOfAmplification+1","TheCursedMod:Obscuration+1"],"picked":"TheCursedMod:CircleOfCorruption+1","floor":23}],"player_experience":176361,"relics_obtained":[{"floor":6,"key":"War Paint"},{"floor":8,"key":"CaptainsWheel"},{"floor":9,"key":"Toxic Egg 2"},{"floor":11,"key":"Pantograph"},{"floor":21,"key":"Potion Belt"},{"floor":23,"key":"The Courier"},{"floor":23,"key":"Replay:Bandana"}],"event_choices":[{"damage_healed":0,"gold_gain":0,"player_choice":"Ignored","damage_taken":0,"max_hp_gain":0,"max_hp_loss":0,"event_name":"Golden Wing","floor":3,"gold_loss":0},{"damage_healed":0,"gold_gain":0,"player_choice":"Gave Potion","damage_taken":0,"relics_obtained":["hubris:TinFlute"],"max_hp_gain":0,"max_hp_loss":0,"event_name":"WeMeetAgain","floor":5,"gold_loss":0},{"cards_removed":["ReplayTheSpireMod:Omega Cannon"],"damage_healed":0,"gold_gain":0,"player_choice":"Take \u0026 Give","damage_taken":0,"max_hp_gain":0,"max_hp_loss":0,"event_name":"betterNote:BetterNote","floor":19,"gold_loss":0,"cards_obtained":["DeathKnight:Hysteria"]}],"is_beta":false,"boss_relics":[{"not_picked":["Pandora\u0027s Box","halation:Yufonium"],"picked":"Black Star"}],"items_purged_floors":[],"is_endless":false,"potions_floor_spawned":[2,8,16,18],"killed_by":"Centurion and Healer","ascension_level":0}}