{"host":"y89x8uui45kcjy42","time":1608115671,"event":{"mods":["2.2 Compatiblity","BaseMod","CapriCore","Colored Map","Colored Powertips","Custom Start","Friendly Minions","Highlight Path","Keyboard Shortcuts","Minty Spire (QoL Compilation)","Relic Stats","Slay the Relics Exporter","StSLib","SuperFastMode","The Gatherer","Waifu the Spire"],"gold_per_floor":[113,2,2,2,23,59,59,103,127,158,181,181,81,97,97,221,221,246,271,284,284,284,284,323,323,323,341,20,53,67,86,86,210,210,224,282,282,308,321,321,345,359,408,408,422,422,422,422],"floor_reached":46,"playtime":1997,"items_purged":["Gatherer:Strike_Gatherer","Gatherer:Strike_Gatherer","Gatherer:FragileHammer"],"score":504,"play_id":"bbe0ee23-5dd7-468f-b104-867a172d26fc","local_time":"20201216194751","is_ascension_mode":true,"metric_token":1053,"campfire_choices":[{"data":"Gatherer:Liquidism","floor":7,"key":"SMITH"},{"data":"Gatherer:Centralize","floor":12,"key":"SMITH"},{"data":"Gatherer:UpgradeBag","floor":15,"key":"SMITH"},{"data":"Gatherer:AlchemyTrial","floor":23,"key":"SMITH"},{"data":"Gatherer:FlowerWhip+2","floor":25,"key":"SMITH"},{"data":"Gatherer:Misfortune","floor":32,"key":"SMITH"},{"data":"Gatherer:Nutrients","floor":40,"key":"SMITH"},{"floor":44,"key":"REST"}],"circlet_count":0,"master_deck":["Gatherer:Centralize+1","Gatherer:FlowerWhip+3","Gatherer:AlchemyTrial+1","Gatherer:Liquidism+1","Gatherer:UpgradeBag+1","Gatherer:MindSearch+1","Gatherer:FlowerShield+3","Gatherer:Nutrients+1","Gatherer:PoisonMastery","Gatherer:Frenzy","Gatherer:Misfortune+1","Gatherer:Duplicator","Gatherer:Examine","Gatherer:WitheringStrike","Gatherer:TacticalStrike","Gatherer:Pollute+1","Gatherer:Snatch+1","Gatherer:SealedBomb+1","Gatherer:Duality+1","Gatherer:CollectorsShot+1"],"relics":["Gatherer:AlchemyBag","NeowsBlessing","Golden Idol","Ancient Tea Set","Toy Ornithopter","Happy Flower","Pandora\u0027s Box","Nloth\u0027s Gift","Gremlin Horn","Molten Egg 2","War Paint","Boot","Snecko Eye","Unceasing Top","Vajra","Potion Belt"],"acts_visited":["Exordium","TheCity","TheBeyond"],"potions_floor_usage":[8,10,16,24,27,29,30,33,33,46,46,46],"damage_taken":[{"damage":0,"enemies":"Jaw Worm","floor":1,"turns":1},{"damage":0,"enemies":"Small Slimes","floor":5,"turns":1},{"damage":9,"enemies":"3 Sentries","floor":6,"turns":2},{"damage":28,"enemies":"Lagavulin","floor":8,"turns":8},{"damage":46,"enemies":"3 Sentries","floor":10,"turns":13},{"damage":0,"enemies":"Cultist","floor":11,"turns":4},{"damage":16,"enemies":"Exordium Wildlife","floor":14,"turns":4},{"damage":32,"enemies":"The Guardian","floor":16,"turns":20},{"damage":30,"enemies":"2 Thieves","floor":18,"turns":4},{"damage":10,"enemies":"Shell Parasite","floor":19,"turns":4},{"damage":11,"enemies":"Snecko","floor":20,"turns":4},{"damage":5,"enemies":"Book of Stabbing","floor":24,"turns":4},{"damage":15,"enemies":"Shelled Parasite and Fungi","floor":27,"turns":2},{"damage":47,"enemies":"Slavers","floor":29,"turns":4},{"damage":54,"enemies":"Snake Plant","floor":30,"turns":3},{"damage":10,"enemies":"Sentry and Sphere","floor":31,"turns":3},{"damage":20,"enemies":"Collector","floor":33,"turns":5},{"damage":0,"enemies":"Orb Walker","floor":35,"turns":2},{"damage":53,"enemies":"2 Orb Walkers","floor":36,"turns":3},{"damage":0,"enemies":"3 Shapes","floor":39,"turns":4},{"damage":12,"enemies":"Transient","floor":41,"turns":5},{"damage":4,"enemies":"Maw","floor":42,"turns":4},{"damage":23,"enemies":"Jaw Worm Horde","floor":45,"turns":3},{"damage":23,"enemies":"Nemesis","floor":46,"turns":4}],"seed_played":"2823583380405171754","potions_obtained":[{"floor":1,"key":"DuplicationPotion"},{"floor":5,"key":"SpeedPotion"},{"floor":14,"key":"AttackPotion"},{"floor":16,"key":"DistilledChaos"},{"floor":18,"key":"DistilledChaos"},{"floor":20,"key":"SteroidPotion"},{"floor":30,"key":"ColorlessPotion"},{"floor":31,"key":"AttackPotion"},{"floor":33,"key":"FearPotion"},{"floor":36,"key":"GhostInAJar"},{"floor":42,"key":"ColorlessPotion"}],"is_trial":false,"path_per_floor":["M","$","?","?","M","E","R","E","T","E","M","R","$","M","R","B",null,"M","M","M","?","?","R","E","R","T","M","$","E","M","M","R","B",null,"M","?","?","T","M","R","M","M","T","R","M","E"],"character_chosen":"THE_GATHERER","items_purchased":["Gatherer:AlchemyTrial","War Paint","ColorlessPotion"],"campfire_rested":1,"item_purchase_floors":[2,28,28],"current_hp_per_floor":[72,72,54,59,59,50,50,22,22,54,54,54,54,38,38,11,77,47,37,26,26,26,26,26,26,26,16,16,30,50,40,40,30,77,77,24,24,24,24,24,12,8,8,31,8,0,0,0],"gold":422,"neow_bonus":"THREE_ENEMY_KILL","is_daily":false,"chose_seed":false,"campfire_upgraded":7,"win_rate":0.0,"timestamp":1608115671,"path_taken":["M","$","?","?","M","E","R","E","T","E","M","R","?","?","R","BOSS","M","M","M","?","?","R","E","R","T","?","$","E","M","M","R","BOSS","M","?","?","?","M","R","M","M","T","R","?","E"],"items_purchased_type":["Card","Relic","Potion"],"build_version":"2020-12-13","purchased_purges":3,"victory":false,"max_hp_per_floor":[72,72,72,77,77,77,77,77,77,77,77,77,77,77,77,77,77,77,77,77,77,77,77,77,77,77,77,77,77,77,77,77,77,77,77,77,77,77,77,77,77,77,77,77,77,77,77,77],"relic_stats":{"Happy Flower":[28],"Gremlin Horn":[11,11],"counters":[24,111],"Golden Idol":152,"Snecko Eye":[40,45,42,45],"Pandora\u0027s Box":["Gatherer:Frenzy","Gatherer:Misfortune","Gatherer:FragileHammer","Gatherer:BalancedGrowth","Gatherer:Duplicator","Gatherer:Examine","Gatherer:WitheringStrike","Gatherer:TacticalStrike"],"Nloth\u0027s Gift":1,"War Paint":["Gatherer:FlowerShield","Gatherer:MindSearch"],"Boot":[24],"obtain_stats":[{"Potion Belt":43,"NeowsBlessing":0,"Happy Flower":10,"Gremlin Horn":24,"Golden Idol":3,"Vajra":38,"Gatherer:FloralEgg":8,"War Paint":28,"Ancient Tea Set":6,"Boot":29,"Snecko Eye":34,"Pandora\u0027s Box":17,"Molten Egg 2":26,"Nloth\u0027s Gift":22,"Gatherer:AlchemyBag":0,"Toy Ornithopter":9,"Unceasing Top":36},{"Potion Belt":22,"NeowsBlessing":0,"Happy Flower":5,"Gremlin Horn":12,"Golden Idol":1,"Vajra":19,"Gatherer:FloralEgg":4,"War Paint":13,"Ancient Tea Set":3,"Boot":14,"Snecko Eye":17,"Pandora\u0027s Box":8,"Molten Egg 2":12,"Nloth\u0027s Gift":11,"Gatherer:AlchemyBag":0,"Toy Ornithopter":4,"Unceasing Top":19},{"Potion Belt":104,"NeowsBlessing":0,"Happy Flower":25,"Gremlin Horn":69,"Golden Idol":1,"Vajra":91,"Gatherer:FloralEgg":12,"War Paint":71,"Ancient Tea Set":4,"Boot":75,"Snecko Eye":86,"Pandora\u0027s Box":53,"Molten Egg 2":69,"Nloth\u0027s Gift":65,"Gatherer:AlchemyBag":0,"Toy Ornithopter":12,"Unceasing Top":91}],"Toy Ornithopter":55,"Unceasing Top":[0]},"card_choices":[{"not_picked":["Gatherer:ScrollOfWall","Gatherer:FlowerShield","Gatherer:TacticalStrike"],"picked":"SKIP","floor":1},{"not_picked":["Gatherer:RottenStipe","Gatherer:Polymorphism"],"picked":"Gatherer:Liquidism","floor":5},{"not_picked":["Gatherer:GatherMaterial","Gatherer:FragileHammer","Gatherer:ScherryThrow"],"picked":"SKIP","floor":6},{"not_picked":["Gatherer:FruitForce","Gatherer:FragileHammer"],"picked":"Gatherer:UpgradeBag","floor":8},{"not_picked":["Gatherer:Pollute","Gatherer:ScentOfRosmari"],"picked":"Gatherer:MindSearch","floor":10},{"not_picked":["Gatherer:UpgradeBag","Gatherer:SaveValuables"],"picked":"Gatherer:FlowerShield","floor":11},{"not_picked":["Gatherer:OddSpoils","Gatherer:Snatch"],"picked":"Gatherer:Nutrients","floor":14},{"not_picked":["Gatherer:ScrollOfPurity","Gatherer:Photoscythe"],"picked":"Gatherer:PoisonMastery","floor":16},{"not_picked":["Gatherer:ScherryThrow","Gatherer:WoolGloves+1"],"picked":"Gatherer:Pollute+1","floor":18},{"not_picked":["Gatherer:ScherryThrow","Gatherer:Enchant+1","Gatherer:FlowerShield"],"picked":"SKIP","floor":19},{"not_picked":["Gatherer:TreeGrowth","Gatherer:Herbalism","Gatherer:Transmute"],"picked":"SKIP","floor":20},{"not_picked":["Gatherer:CarefulStrike+1","Gatherer:FragileHammer","Gatherer:ScrollOfPurity"],"picked":"SKIP","floor":24},{"not_picked":["Gatherer:EnergyBasket","Gatherer:SmartManeuver","Gatherer:CarefulStrike+1"],"picked":"SKIP","floor":27},{"not_picked":["Gatherer:RecoveryHerb","Gatherer:GrowBook"],"picked":"Gatherer:Snatch+1","floor":29},{"not_picked":["Gatherer:ScentOfRosmari+1","Gatherer:Misfortune+1","Gatherer:Polymorphism+1"],"picked":"SKIP","floor":30},{"not_picked":["Gatherer:VenomBarrier","Gatherer:ScrollOfWall","Gatherer:Pollute"],"picked":"SKIP","floor":31},{"not_picked":["Gatherer:Snatch+1","Gatherer:FlowerShield"],"picked":"Gatherer:SealedBomb+1","floor":35},{"not_picked":["Gatherer:AromaProtection+1","Gatherer:CollectorsShot+1"],"picked":"Gatherer:Duality+1","floor":39},{"not_picked":["Gatherer:WoolGloves+1","Gatherer:Frenzy+1"],"picked":"Gatherer:CollectorsShot+1","floor":41},{"not_picked":["Gatherer:FlowerBeam+1","Gatherer:AromaProtection+1","Gatherer:Frenzy+1"],"picked":"SKIP","floor":42},{"not_picked":["Gatherer:LuckyClover","Gatherer:FragileHammer+1","Gatherer:Polymorphism+1"],"picked":"SKIP","floor":45}],"player_experience":501432,"relics_obtained":[{"floor":6,"key":"Ancient Tea Set"},{"floor":8,"key":"Gatherer:FloralEgg"},{"floor":9,"key":"Toy Ornithopter"},{"floor":10,"key":"Happy Flower"},{"floor":24,"key":"Gremlin Horn"},{"floor":26,"key":"Molten Egg 2"},{"floor":29,"key":"Boot"},{"floor":36,"key":"Unceasing Top"},{"floor":38,"key":"Vajra"},{"floor":43,"key":"Potion Belt"}],"event_choices":[{"damage_healed":0,"gold_gain":0,"player_choice":"Take Damage","damage_taken":18,"relics_obtained":["Golden Idol"],"max_hp_gain":0,"max_hp_loss":0,"event_name":"Golden Idol","floor":3,"gold_loss":0},{"damage_healed":0,"gold_gain":0,"player_choice":"Donut","damage_taken":0,"max_hp_gain":5,"max_hp_loss":0,"event_name":"Big Fish","floor":4,"gold_loss":0},{"damage_healed":0,"gold_gain":0,"player_choice":"Ignored","damage_taken":0,"max_hp_gain":0,"max_hp_loss":0,"event_name":"Cursed Tome","floor":21,"gold_loss":0},{"damage_healed":0,"gold_gain":0,"player_choice":"Traded Relic","damage_taken":0,"relics_obtained":["Nloth\u0027s Gift"],"max_hp_gain":0,"max_hp_loss":0,"event_name":"N\u0027loth","floor":22,"relics_lost":["Gatherer:FloralEgg"],"gold_loss":0},{"damage_healed":0,"gold_gain":0,"player_choice":"Fight","damage_taken":0,"max_hp_gain":0,"max_hp_loss":0,"event_name":"Mysterious Sphere","floor":36,"gold_loss":0},{"cards_removed":["Gatherer:BalancedGrowth"],"damage_healed":0,"gold_gain":0,"player_choice":"Removed Power","damage_taken":0,"max_hp_gain":0,"max_hp_loss":0,"event_name":"Falling","floor":37,"gold_loss":0}],"is_beta":false,"boss_relics":[{"not_picked":["Sozu","Runic Pyramid"],"picked":"Pandora\u0027s Box"},{"not_picked":["Fusion Hammer","Velvet Choker"],"picked":"Snecko Eye"}],"items_purged_floors":[2,13,28],"is_endless":false,"potions_floor_spawned":[1,5,14,16,18,20,30,31,33,36,42],"killed_by":"Nemesis","ascension_level":1}}