{"host":"2d0rd30cigwncx1y","time":1608135430,"event":{"mods":["BaseMod","Colored Map","Colored Powertips","Downfall","MarisaÅiñ∂âJÅ@ñÇóùçπÅj","Minty Spire (QoL Compilation)","Replay The Spire","StSLib","The Alterego","The Servant 0.9.4"],"gold_per_floor":[99,99,162,203,315,362,397,425,467,479,506,537,549,580,607,714,726,738,767,793,805,852,864,902,943,955,1030,1086,1098,649,649,661,760,760,760,760,789,839,855,855,855,855,874,902,902,384,394,401,412,412],"floor_reached":51,"playtime":5197,"items_purged":["Hallucinations","champ:Defend","champ:Defend"],"score":1138,"play_id":"926f82df-ad3d-4a6a-94fb-380f5f28dfc0","local_time":"20201216171710","is_ascension_mode":false,"campfire_choices":[{"data":"champ:Taunt","floor":1.0,"key":"SMITH"},{"data":"champ:FocusedDefense","floor":10.0,"key":"SMITH"},{"data":"champ:HoldFirm","floor":18.0,"key":"SMITH"},{"data":"champ:BringItOn","floor":23.0,"key":"SMITH"},{"data":"champ:PerfectedStrike","floor":26.0,"key":"SMITH"},{"data":"champ:HoldFirm","floor":35.0,"key":"SMITH"},{"data":"champ:IgnorePain","floor":40.0,"key":"SMITH"},{"data":"champ:ShieldWall","floor":42.0,"key":"SMITH"}],"circlet_count":0,"master_deck":["champ:Strike","champ:Strike","champ:Strike","champ:Strike","champ:Defend","champ:Execute","champ:Taunt+1","champ:PerfectedStrike+1","champ:Circumvent","champ:FocusedDefense+1","champ:FalseCounter","champ:ShieldWall+1","champ:TornadoPunch","champ:RapidStrikes","champ:Circumvent","champ:RisingSlash","champ:FlashCut","champ:BringItOn+1","champ:HoldFirm+1","champ:BladeFlurry+1","champ:FocusedDefense+1","champ:RisingSlash+1","champ:HoldFirm+1","champ:GladiatorsShout","champ:Riposte","champ:DefensiveStyle","champ:DefensiveShout+1","champ:IgnorePain+1","champ:GladiatorsShout+1","champ:StanceDance+1","champ:BringItOn","champ:Lariat+1","expansioncontent:DefensiveStance","champ:RapidStrikes","Secret Technique","champ:PerfectedStrike"],"relics":["champ:ChampionCrown","downfall:HeartsMalice","MawBank","Nunchaku","Dream Catcher","Happy Flower","Garlic","Velvet Choker","ReplayTheSpireMod:Ring of Collecting","Ring of Misfortune","ReplayTheSpireMod:Lightbulb","Ring of Fury","Durian","alterego_mod:FleetingLove","champ:BerserkersGuideToSlaughter","Potion Belt","downfall:RedIOU","Sozu","Pen Nib","Du-Vu Doll","Snack Pack","Bag of Preparation","Medical Kit","Bronze Scales"],"acts_visited":["Exordium","TheCity","TheBeyond"],"potions_floor_usage":[],"damage_taken":[{"damage":0.0,"enemies":"Cultist","floor":2.0,"turns":1.0},{"damage":0.0,"enemies":"Gremlin Nob","floor":3.0,"turns":1.0},{"damage":0.0,"enemies":"Gremlin Nob","floor":4.0,"turns":1.0},{"damage":15.0,"enemies":"3 Sentries","floor":6.0,"turns":10.0},{"damage":5.0,"enemies":"Jaw Worm","floor":8.0,"turns":3.0},{"damage":19.0,"enemies":"Lagavulin","floor":9.0,"turns":7.0},{"damage":1.0,"enemies":"Small Slimes","floor":11.0,"turns":2.0},{"damage":6.0,"enemies":"Red Slaver","floor":12.0,"turns":3.0},{"damage":5.0,"enemies":"Large Slime","floor":14.0,"turns":5.0},{"damage":5.0,"enemies":"Blue Slaver","floor":15.0,"turns":2.0},{"damage":41.0,"enemies":"downfall:Defect","floor":16.0,"turns":8.0},{"damage":13.0,"enemies":"Spheric Guardian","floor":19.0,"turns":3.0},{"damage":6.0,"enemies":"Shell Parasite","floor":20.0,"turns":4.0},{"damage":19.0,"enemies":"Slavers","floor":22.0,"turns":7.0},{"damage":0.0,"enemies":"Snake Plant","floor":25.0,"turns":3.0},{"damage":1.0,"enemies":"Gremlin Leader","floor":27.0,"turns":5.0},{"damage":4.0,"enemies":"3 Cultists","floor":28.0,"turns":3.0},{"damage":0.0,"enemies":"downfall:FleeingMerchant","floor":30.0,"turns":4.0},{"damage":0.0,"enemies":"Snecko","floor":32.0,"turns":4.0},{"damage":3.0,"enemies":"downfall:Ironclad","floor":33.0,"turns":7.0},{"damage":0.0,"enemies":"R_Hoarder","floor":37.0,"turns":6.0},{"damage":27.0,"enemies":"Mind Bloom Boss Battle","floor":38.0,"turns":10.0},{"damage":0.0,"enemies":"Orb Walker","floor":39.0,"turns":2.0},{"damage":9.0,"enemies":"3 Darklings","floor":43.0,"turns":5.0},{"damage":3.0,"enemies":"Nemesis","floor":44.0,"turns":7.0},{"damage":0.0,"enemies":"downfall:FleeingMerchant","floor":46.0,"turns":4.0},{"damage":0.0,"enemies":"Sphere and 2 Shapes","floor":47.0,"turns":4.0},{"damage":0.0,"enemies":"downfall:FleeingMerchant","floor":48.0,"turns":4.0},{"damage":0,"enemies":"4 Shapes","floor":49,"turns":3},{"damage":14,"enemies":"downfall:Silent","floor":50,"turns":7}],"seed_played":"7781928767814699461","potions_obtained":[{"floor":4.0,"key":"Dexterity Potion"},{"floor":6.0,"key":"Block Potion"},{"floor":11.0,"key":"SneckoOil"},{"floor":14.0,"key":"Explosive Potion"},{"floor":19.0,"key":"SteroidPotion"},{"floor":20.0,"key":"Explosive Potion"},{"floor":32.0,"key":"FearPotion"},{"floor":33.0,"key":"Elixir"}],"is_trial":false,"path_per_floor":["R","M","?","E","?","E","T","M","E","R","M","M","?","M","M","B",null,"R","M","M","?","E","R","T","M","R","E","M","?","$","?","M","B",null,"R","?","E","?","M","R","T","R","M","E","?","$","M","$","M","B",null],"character_chosen":"THE_CHAMP","items_purchased":["champ:BerserkersGuideToSlaughter","champ:DefensiveStyle","Potion Belt","Medical Kit","champ:RapidStrikes","Secret Technique","Bronze Scales","champ:PerfectedStrike"],"campfire_rested":0,"item_purchase_floors":[30,30,30,46,46,46,48,48],"current_hp_per_floor":[90,90,90,90,90,80,80,80,61,61,60,59,59,54,54,18,90,90,82,81,81,67,67,67,67,67,71,72,72,72,72,72,69,95,95,95,95,68,68,68,68,68,63,62,62,64,66,68,70,62],"gold":412,"neow_bonus":"THREE_ENEMY_KILL","is_daily":false,"chose_seed":false,"campfire_upgraded":8,"win_rate":0.0,"timestamp":1608135430,"path_taken":["R","?","?","E","?","E","T","M","E","R","M","M","?","?","M","BOSS","R","M","M","?","E","R","T","M","R","E","M","?","$","?","M","BOSS","R","?","E","?","M","R","T","R","M","E","?","$","?","$","M","BOSS"],"items_purchased_type":["Relic","Card","Relic","Relic","Card","Card","Relic","Card"],"build_version":"2020-12-13","purchased_purges":3,"victory":true,"max_hp_per_floor":[90,90,90,90,90,90,90,90,90,90,90,90,90,90,90,90,90,90,90,90,90,90,90,90,90,90,95,95,95,95,95,95,95,95,95,95,95,95,95,95,95,95,95,95,95,95,95,95,95,95],"card_choices":[{"not_picked":["champ:Shatter","champ:FightOn"],"picked":"champ:PerfectedStrike","floor":2.0},{"not_picked":["champ:BerserkerStyle","champ:BringItOn"],"picked":"champ:Circumvent","floor":3.0},{"not_picked":["champ:FanOfKnives","champ:CrookedStrike"],"picked":"champ:FocusedDefense","floor":4.0},{"not_picked":["champ:ArenaPreparation","champ:Encircle"],"picked":"champ:FalseCounter","floor":6.0},{"not_picked":["champ:StanceDance","champ:Backstep"],"picked":"champ:ShieldWall","floor":8.0},{"not_picked":["champ:PerfectForm","champ:CalledShot"],"picked":"champ:TornadoPunch","floor":9.0},{"not_picked":["champ:RisingSlash","champ:TornadoPunch"],"picked":"champ:RapidStrikes","floor":11.0},{"not_picked":["champ:FocusedBerserking","champ:PerfectedStrike"],"picked":"champ:Circumvent","floor":12.0},{"not_picked":["champ:FaceSlap","champ:AdrenalArmor"],"picked":"champ:FlashCut","floor":14.0},{"not_picked":["champ:EndlessRage","champ:Encircle"],"picked":"champ:BringItOn","floor":15.0},{"not_picked":["champ:Devastate","champ:DancingMaster"],"picked":"champ:HoldFirm","floor":16.0},{"not_picked":["champ:Encircle","champ:BringItOn"],"picked":"champ:BladeFlurry+1","floor":19.0},{"not_picked":["champ:Circumvent+1","champ:GladiatorStyle+1"],"picked":"champ:FocusedDefense+1","floor":20.0},{"not_picked":["champ:CheapShot","champ:EndlessRage","champ:FanOfKnives"],"picked":"SKIP","floor":22.0},{"not_picked":["champ:ShieldWall+1","champ:Backstep"],"picked":"champ:RisingSlash+1","floor":25.0},{"not_picked":["champ:Haymaker","champ:TornadoPunch+1"],"picked":"champ:HoldFirm","floor":27.0},{"not_picked":["champ:BladeFlurry","champ:BringItOn"],"picked":"champ:GladiatorsShout","floor":28.0},{"not_picked":["champ:ArenaPreparation","champ:CheapShot"],"picked":"champ:Riposte","floor":30.0},{"not_picked":["champ:BladeFlurry","champ:Encircle+1"],"picked":"champ:DefensiveShout+1","floor":32.0},{"not_picked":["champ:CheapShot","champ:DancingMaster"],"picked":"champ:IgnorePain","floor":33.0},{"not_picked":["champ:Duel","champ:DefensiveShout+1"],"picked":"champ:GladiatorsShout+1","floor":37.0},{"not_picked":["champ:Riposte","champ:Encircle"],"picked":"champ:StanceDance+1","floor":39.0},{"not_picked":["champ:Circumvent+1","champ:FaceSlap"],"picked":"champ:BringItOn","floor":43.0},{"not_picked":["champ:FocusedDefense","champ:DefensiveShout"],"picked":"champ:Lariat+1","floor":44.0},{"not_picked":["expansioncontent:DecasProtection","Replay:SS_hec_2"],"picked":"expansioncontent:DefensiveStance","floor":45.0},{"not_picked":["champ:FocusedDefense+1","champ:Shatter+1","champ:Circumvent+1"],"picked":"SKIP","floor":46.0},{"not_picked":["champ:SkillfulDodge+1","champ:Backstep","champ:FanOfKnives+1"],"picked":"SKIP","floor":47.0},{"not_picked":["champ:HeartStrike","champ:ShieldWall","champ:Haymaker+1"],"picked":"SKIP","floor":48.0},{"not_picked":["champ:RecklessLeap","champ:Shatter+1","champ:FanOfKnives"],"picked":"SKIP","floor":49}],"player_experience":64880,"relics_obtained":[{"floor":3.0,"key":"MawBank"},{"floor":4.0,"key":"Nunchaku"},{"floor":6.0,"key":"Dream Catcher"},{"floor":7.0,"key":"Happy Flower"},{"floor":9.0,"key":"Garlic"},{"floor":21.0,"key":"ReplayTheSpireMod:Ring of Collecting"},{"floor":21.0,"key":"Ring of Misfortune"},{"floor":22.0,"key":"ReplayTheSpireMod:Lightbulb"},{"floor":24.0,"key":"Ring of Fury"},{"floor":24.0,"key":"Replay:Bandana"},{"floor":27.0,"key":"Durian"},{"floor":37.0,"key":"Pen Nib"},{"floor":38.0,"key":"Du-Vu Doll"},{"floor":41.0,"key":"Snack Pack"},{"floor":44.0,"key":"Bag of Preparation"}],"event_choices":[{"damage_healed":0.0,"max_hp_gain":0.0,"max_hp_loss":0.0,"gold_gain":0.0,"cards_transformed":["champ:Defend"],"event_name":"Transmorgrifier","player_choice":"Transformed","floor":13.0,"gold_loss":0.0,"damage_taken":0.0,"cards_obtained":["champ:RisingSlash"]},{"damage_healed":0.0,"max_hp_gain":0.0,"max_hp_loss":0.0,"gold_gain":0.0,"event_name":"Secret Garden","player_choice":"Choice 1","floor":29.0,"gold_loss":0.0,"damage_taken":0.0,"relics_obtained":["alterego_mod:FleetingLove"]}],"is_beta":false,"boss_relics":[{"not_picked":["Ectoplasm","SacredBark"],"picked":"Velvet Choker"},{"not_picked":["Replay:Drink Me","Philosopher\u0027s Stone"],"picked":"Sozu"}],"items_purged_floors":[30,46,48],"is_endless":false,"potions_floor_spawned":[4,6,11,14,19,20,32,33,37,43,49],"ascension_level":0}}