{"host":"zsm7bdfo51n66z45","time":1608086496,"event":{"mods":["AchievementEnabler","BaseMod","Colored Powertips","Minty Spire (QoL Compilation)","Relic Stats","Spicy Shops","StSLib","TheBandit","Waifu the Spire"],"gold_per_floor":[415,428,428,442,457,457,0,0,0,10,110,125,135,148,148,248,298,317,317,332,332,312,312,330,340,340,340,162,162,162,162],"floor_reached":29,"playtime":1362,"items_purged":[],"score":369,"play_id":"8f7caf69-3413-4839-934b-8a4c21f4cc49","local_time":"20201215204136","daily_mods":["SealedDeck","Hoarder","Heirloom"],"is_ascension_mode":false,"campfire_choices":[{"floor":6,"key":"REST"},{"floor":15,"key":"REST"},{"floor":23,"key":"REST"},{"data":"wariomod:BoomAndDoom","floor":27,"key":"SMITH"}],"circlet_count":0,"master_deck":["wariomod:HappyHop","wariomod:HappyHop","wariomod:Bombshield","wariomod:Bombshield","wariomod:Bombshield","wariomod:AwfulLook","wariomod:AwfulLook","wariomod:AwfulLook","wariomod:Bombtime","wariomod:Bombtime","wariomod:Bombtime","wariomod:Bombshield","wariomod:Bombshield","wariomod:Bombshield","wariomod:BlastDash","wariomod:BlastDash","wariomod:BlastDash","wariomod:SilenceBombs","wariomod:SilenceBombs","wariomod:SilenceBombs","wariomod:SimpleShield","wariomod:SimpleShield+1","wariomod:SimpleShield","wariomod:Boomsmack","wariomod:Boomsmack","wariomod:Boomsmack","wariomod:Leapslam","wariomod:Leapslam","wariomod:Leapslam","wariomod:BoomBoom","wariomod:BoomBoom","wariomod:BoomBoom","wariomod:Boomsmack","wariomod:Boomsmack","wariomod:Boomsmack","wariomod:Boomsmack","wariomod:Boomsmack","wariomod:Boomsmack","wariomod:Bomblaster","wariomod:Bomblaster","wariomod:Bomblaster","wariomod:BoomAndDoom","wariomod:BoomAndDoom","wariomod:BoomAndDoom+1","wariomod:Boomsmack","wariomod:Boomsmack","wariomod:Boomsmack","wariomod:Bombshield","wariomod:Bombshield","wariomod:Bombshield","wariomod:EmptyMind","wariomod:EmptyMind","wariomod:EmptyMind","wariomod:BlastDash","wariomod:BlastDash","wariomod:BlastDash","wariomod:PoisonBombs","wariomod:PoisonBombs","wariomod:PoisonBombs","wariomod:Boomsmack","wariomod:Boomsmack","wariomod:Boomsmack","wariomod:HastyRush","wariomod:HastyRush","wariomod:HastyRush","wariomod:Boomsmack+1","wariomod:Boomsmack+1","wariomod:Boomsmack+1","wariomod:BoomBoom","wariomod:BoomBoom","wariomod:BoomBoom"],"relics":["wariomod:TheHat","Old Coin","Lizard Tail","Regal Pillow","Bronze Scales","Tiny House","MutagenicStrength","Bottled Lightning"],"acts_visited":["Exordium","TheCity"],"potions_floor_usage":[16,16,20,25,25],"damage_taken":[{"damage":0,"enemies":"2 Louse","floor":1,"turns":2},{"damage":17,"enemies":"Cultist","floor":2,"turns":6},{"damage":14,"enemies":"Jaw Worm","floor":4,"turns":5},{"damage":4,"enemies":"Red Slaver","floor":5,"turns":5},{"damage":26,"enemies":"Blue Slaver","floor":10,"turns":5},{"damage":5,"enemies":"2 Fungi Beasts","floor":12,"turns":3},{"damage":6,"enemies":"Looter","floor":13,"turns":4},{"damage":4,"enemies":"Gremlin Gang","floor":14,"turns":3},{"damage":66,"enemies":"Hexaghost","floor":16,"turns":11},{"damage":0,"enemies":"3 Byrds","floor":18,"turns":2},{"damage":42,"enemies":"Shell Parasite","floor":20,"turns":9},{"damage":22,"enemies":"Snake Plant","floor":24,"turns":6},{"damage":5,"enemies":"Snecko","floor":25,"turns":4},{"damage":45,"enemies":"3 Cultists","floor":29,"turns":3}],"seed_played":"-7488636477362847841","potions_obtained":[{"floor":2,"key":"CultistPotion"},{"floor":5,"key":"LiquidMemories"},{"floor":12,"key":"Strength Potion"},{"floor":17,"key":"Regen Potion"},{"floor":18,"key":"DistilledChaos"},{"floor":22,"key":"LiquidMemories"},{"floor":24,"key":"Fire Potion"}],"is_trial":true,"path_per_floor":["M","M","?","M","M","R","$","$","T","M","?","M","M","M","R","B",null,"M","?","M","?","?","R","M","M","T","R","$","M"],"character_chosen":"THE_BANDIT","items_purchased":["Lizard Tail","wariomod:Boomsmack","wariomod:Bombshield","Regal Pillow","wariomod:EmptyMind","wariomod:BoomBoom","Block Potion","Block Potion"],"campfire_rested":3,"item_purchase_floors":[7,7,7,7,7,28,28,28],"current_hp_per_floor":[80,63,63,49,45,69,69,69,69,33,33,28,40,36,75,32,85,85,85,58,58,58,85,63,58,58,58,58,0,0,0],"gold":162,"neow_bonus":"","is_daily":false,"chose_seed":false,"campfire_upgraded":1,"win_rate":0.0,"timestamp":1608086496,"path_taken":["M","M","?","?","?","R","?","$","T","M","?","M","?","M","R","BOSS","M","?","M","?","?","R","M","M","T","R","$","M"],"items_purchased_type":["Relic","Card","Card","Relic","Card","Card","Potion","Potion"],"build_version":"2020-12-13","purchased_purges":0,"victory":false,"max_hp_per_floor":[80,80,80,80,80,80,80,80,80,80,80,80,80,80,80,80,85,85,85,85,85,85,85,85,85,85,85,85,85,85,85],"relic_stats":{"Lizard Tail":322,"Regal Pillow":17,"counters":[14,68],"Bronze Scales":[213],"obtain_stats":[{"Lizard Tail":7,"Regal Pillow":7,"Tiny House":17,"wariomod:TheHat":0,"Bronze Scales":9,"MutagenicStrength":21,"Bottled Lightning":26,"Old Coin":0},{"Lizard Tail":4,"Regal Pillow":4,"Tiny House":9,"wariomod:TheHat":0,"Bronze Scales":4,"MutagenicStrength":11,"Bottled Lightning":13,"Old Coin":0},{"Lizard Tail":18,"Regal Pillow":18,"Tiny House":44,"wariomod:TheHat":0,"Bronze Scales":18,"MutagenicStrength":55,"Bottled Lightning":65,"Old Coin":0}]},"card_choices":[{"not_picked":["wariomod:Goblast","wariomod:DisarmingMoves"],"picked":"wariomod:BoomBoom","floor":1},{"not_picked":["wariomod:Bombshield","wariomod:SmackSlam"],"picked":"wariomod:Boomsmack","floor":2},{"not_picked":["wariomod:DeepDig","wariomod:Bombshield"],"picked":"wariomod:Bomblaster","floor":4},{"not_picked":["wariomod:Game","wariomod:Immortalize"],"picked":"wariomod:BoomAndDoom","floor":5},{"not_picked":["wariomod:BodyBlock","wariomod:ChargeForth"],"picked":"wariomod:BlastDash","floor":10},{"not_picked":["wariomod:SelfImprison","wariomod:DanceDash","wariomod:SimpleShield"],"picked":"SKIP","floor":12},{"not_picked":["wariomod:GreaterGuard","wariomod:SimpleShield","wariomod:TreasureDig"],"picked":"SKIP","floor":13},{"not_picked":["wariomod:SpaceSwap","wariomod:CursedSpaces","wariomod:SmackSlam"],"picked":"SKIP","floor":14},{"not_picked":["wariomod:EnergizedBombs","wariomod:BoomForm"],"picked":"wariomod:PoisonBombs","floor":16},{"not_picked":["wariomod:f","wariomod:SpikeSlash"],"picked":"wariomod:Boomsmack","floor":18},{"not_picked":["wariomod:SmackSlam","wariomod:DoubleDip","wariomod:HastyRush"],"picked":"SKIP","floor":20},{"not_picked":["wariomod:SmackSlam","wariomod:DoubleDip"],"picked":"wariomod:HastyRush","floor":20},{"not_picked":["wariomod:BodyBlock","wariomod:Immortalize","wariomod:Leapslam"],"picked":"SKIP","floor":24},{"not_picked":["wariomod:Hopshield","wariomod:DoubleDash"],"picked":"wariomod:Boomsmack+1","floor":25}],"player_experience":154001,"relics_obtained":[{"floor":9,"key":"Bronze Scales"},{"floor":26,"key":"Bottled Lightning"}],"event_choices":[{"damage_healed":0,"gold_gain":0,"player_choice":"1 cards matched","damage_taken":0,"max_hp_gain":0,"max_hp_loss":0,"event_name":"Match and Keep!","floor":3,"gold_loss":0,"cards_obtained":["wariomod:Boomsmack"]},{"damage_healed":0,"gold_gain":100,"player_choice":"Pray","damage_taken":0,"max_hp_gain":0,"max_hp_loss":0,"event_name":"Golden Shrine","floor":11,"gold_loss":0},{"cards_removed":["wariomod:HappyHop"],"damage_healed":0,"gold_gain":0,"player_choice":"Elegance","damage_taken":0,"max_hp_gain":0,"max_hp_loss":0,"event_name":"Back to Basics","floor":19,"gold_loss":0},{"damage_healed":0,"gold_gain":0,"player_choice":"Inject Mutagens","damage_taken":0,"relics_obtained":["MutagenicStrength"],"max_hp_gain":0,"max_hp_loss":0,"event_name":"Drug Dealer","floor":21,"gold_loss":0},{"damage_healed":0,"gold_gain":0,"player_choice":"Bought 1 Potion","damage_taken":0,"max_hp_gain":0,"max_hp_loss":0,"event_name":"The Woman in Blue","floor":22,"gold_loss":0}],"is_beta":false,"boss_relics":[{"not_picked":["Coffee Dripper","Philosopher\u0027s Stone"],"picked":"Tiny House"}],"items_purged_floors":[],"is_endless":false,"potions_floor_spawned":[2,5,12,14,18,24],"killed_by":"3 Cultists","ascension_level":0}}