{"host":"h7phgxvratutj9mx","time":1608112165,"event":{"mods":["BaseMod","Highlight Path","Minty Spire (QoL Compilation)","Quick Restart"],"gold_per_floor":[116,116,134,153,103,130,130,149,196,227,227,238,257,268,268,370,370,382,397,397,0,12,12,30,30,30],"floor_reached":25,"playtime":1029,"items_purged":[],"score":239,"play_id":"ab16b2b7-0c8a-4553-ac86-7914a1d36bf8","local_time":"25631216164925","is_ascension_mode":true,"campfire_choices":[{"data":"Eruption","floor":7,"key":"SMITH"},{"floor":15,"key":"REST"},{"floor":23,"key":"REST"}],"circlet_count":0,"master_deck":["Strike_P","Strike_P","Strike_P","Defend_P","Defend_P","Defend_P","Defend_P","Eruption+1","Vigilance","BattleHymn","Crescendo","FearNoEvil","MasterReality","EmptyFist","Prostrate","Consecrate","FlyingSleeves","DevaForm","Prostrate+1","Evaluate"],"relics":["PureWater","NeowsBlessing","Ornamental Fan","Happy Flower","Akabeko","Busted Crown","PreservedInsect","Bottled Flame"],"acts_visited":["Exordium","TheCity"],"potions_floor_usage":[12,16,16,18],"damage_taken":[{"damage":0,"enemies":"Small Slimes","floor":1,"turns":2},{"damage":0,"enemies":"Cultist","floor":3,"turns":1},{"damage":0,"enemies":"2 Louse","floor":4,"turns":1},{"damage":6,"enemies":"Gremlin Nob","floor":6,"turns":3},{"damage":13,"enemies":"Exordium Thugs","floor":8,"turns":5},{"damage":18,"enemies":"Lagavulin","floor":10,"turns":5},{"damage":2,"enemies":"Looter","floor":12,"turns":2},{"damage":10,"enemies":"Red Slaver","floor":13,"turns":2},{"damage":3,"enemies":"3 Louse","floor":14,"turns":3},{"damage":7,"enemies":"Hexaghost","floor":16,"turns":7},{"damage":11,"enemies":"3 Byrds","floor":18,"turns":4},{"damage":9,"enemies":"Spheric Guardian","floor":19,"turns":3},{"damage":39,"enemies":"Snake Plant","floor":22,"turns":5},{"damage":25,"enemies":"Sentry and Sphere","floor":24,"turns":6},{"damage":7,"enemies":"Centurion and Healer","floor":25,"turns":3}],"seed_played":"-2260534959629597024","potions_obtained":[{"floor":8,"key":"EssenceOfSteel"},{"floor":10,"key":"Regen Potion"},{"floor":11,"key":"Fruit Juice"},{"floor":11,"key":"SkillPotion"},{"floor":12,"key":"Fire Potion"},{"floor":13,"key":"Block Potion"},{"floor":16,"key":"SteroidPotion"},{"floor":24,"key":"Ancient Potion"}],"is_trial":false,"path_per_floor":["M","?","M","M","?","E","R","M","T","E","?","M","M","M","R","B",null,"M","M","?","$","M","R","M","M"],"character_chosen":"WATCHER","items_purchased":["PreservedInsect","Bottled Flame"],"campfire_rested":2,"item_purchase_floors":[21,21],"current_hp_per_floor":[72,72,72,72,72,66,66,53,53,35,35,38,28,25,48,56,77,66,57,57,57,18,41,16,9,9],"gold":30,"neow_bonus":"THREE_ENEMY_KILL","is_daily":false,"chose_seed":false,"campfire_upgraded":1,"win_rate":0.0,"timestamp":1608112165,"path_taken":["M","?","?","?","?","E","R","M","T","E","?","M","?","M","R","BOSS","M","M","?","$","M","R","M","M"],"items_purchased_type":["Relic","Relic"],"build_version":"2020-12-13","purchased_purges":0,"victory":false,"max_hp_per_floor":[72,72,72,72,72,72,72,72,72,72,72,77,77,77,77,77,77,77,77,77,77,77,77,77,77,77],"card_choices":[{"not_picked":["CrushJoints","FlyingSleeves"],"picked":"BattleHymn","floor":1},{"not_picked":["Protect","CrushJoints"],"picked":"Crescendo","floor":3},{"not_picked":["Worship","FlyingSleeves"],"picked":"FearNoEvil","floor":4},{"not_picked":["SashWhip","Evaluate"],"picked":"MasterReality","floor":6},{"not_picked":["Nirvana","FollowUp"],"picked":"EmptyFist","floor":8},{"not_picked":["Pray","Sanctity"],"picked":"Prostrate","floor":10},{"not_picked":["EmptyBody","CrushJoints"],"picked":"Consecrate","floor":12},{"not_picked":["Vengeance","Crescendo","Conclude"],"picked":"SKIP","floor":13},{"not_picked":["Crescendo","Protect"],"picked":"FlyingSleeves","floor":14},{"not_picked":["Omniscience","Alpha"],"picked":"DevaForm","floor":16},{"not_picked":[],"picked":"Prostrate+1","floor":18},{"not_picked":[],"picked":"Evaluate","floor":19},{"not_picked":["Protect+1"],"picked":"SKIP","floor":22},{"not_picked":["Adaptation+1"],"picked":"SKIP","floor":24}],"player_experience":479963,"relics_obtained":[{"floor":6,"key":"Ornamental Fan"},{"floor":9,"key":"Happy Flower"},{"floor":10,"key":"Akabeko"}],"event_choices":[{"damage_healed":0,"gold_gain":0,"player_choice":"Cursed","damage_taken":0,"max_hp_gain":0,"max_hp_loss":0,"event_name":"Wheel of Change","floor":2,"gold_loss":0,"cards_obtained":["Decay"]},{"cards_removed":["Decay"],"damage_healed":0,"gold_gain":0,"player_choice":"Card Removal","damage_taken":0,"max_hp_gain":0,"max_hp_loss":0,"event_name":"The Cleric","floor":5,"gold_loss":50},{"damage_healed":0,"gold_gain":0,"player_choice":"Got Potions","damage_taken":0,"max_hp_gain":0,"max_hp_loss":0,"event_name":"Lab","floor":11,"gold_loss":0},{"cards_removed":["Strike_P"],"damage_healed":0,"gold_gain":0,"player_choice":"Card Removal","damage_taken":0,"max_hp_gain":0,"max_hp_loss":0,"event_name":"Wheel of Change","floor":20,"gold_loss":0}],"is_beta":false,"boss_relics":[{"not_picked":["SacredBark","Fusion Hammer"],"picked":"Busted Crown"}],"items_purged_floors":[],"is_endless":false,"potions_floor_spawned":[8,10,12,13,14,16,24],"killed_by":"Centurion and Healer","ascension_level":2}}