{"host":"0cnf9zf1gia27zti","time":1608089855,"event":{"mods":["BaseMod","BetterRewards","Card Forge","Colored Map","Colored Powertips","Conspire","Downfall","Minty Spire (QoL Compilation)","Practice Mode","Quick Restart","Replay The Spire","Robot Space Explorer","Shade Mod","Spicy Shops","StSLib"],"gold_per_floor":[112,190,207,41,52,52,52],"floor_reached":6,"playtime":1772,"items_purged":["Shame"],"score":84,"play_id":"77b49ef5-3b03-48f4-ba0b-227d32499d59","local_time":"20201216033735","is_ascension_mode":true,"campfire_choices":[],"circlet_count":0,"master_deck":["AscendersBane","Strike_G","Strike_G","Strike_G","Strike_G","Strike_G","Defend_G","Defend_G","Defend_G","Defend_G","Defend_G","Survivor","Neutralize","Noxious Fumes","Burst","Well Laid Plans+1","Deadly Poison","Noxious Fumes"],"relics":["Ring of the Snake","Hammer of Thor","Seething Fire","Anvil of the Gods","Mummified Hand","Membership Card","Singing Bowl","Blue Doll","ReplayTheSpireMod:CursedCoin","Happy Flower","Pear"],"acts_visited":["Exordium"],"potions_floor_usage":[6],"damage_taken":[{"damage":0,"enemies":"Small Slimes","floor":1,"turns":5},{"damage":0,"enemies":"2 Louse","floor":3,"turns":3},{"damage":0,"enemies":"Cultist","floor":5,"turns":4},{"damage":5,"enemies":"Lagavulin","floor":6,"turns":4}],"seed_played":"-3553959697729275759","potions_obtained":[{"floor":1,"key":"CultistPotion"},{"floor":2,"key":"Doom Potion"},{"floor":2,"key":"DuplicationPotion"},{"floor":3,"key":"DuplicationPotion"}],"is_trial":false,"path_per_floor":["M","?","M","$","M","E"],"character_chosen":"THE_SILENT","items_purchased":["Mummified Hand","Noxious Fumes","Membership Card","Singing Bowl","Blue Doll","ReplayTheSpireMod:CursedCoin","Burst","Well Laid Plans+1","Pear","Noxious Fumes"],"campfire_rested":0,"item_purchase_floors":[0,0,0,0,0,0,0,0,4,4],"current_hp_per_floor":[33,7,9,19,21,16,16],"gold":52,"neow_bonus":"","is_daily":false,"chose_seed":false,"campfire_upgraded":0,"win_rate":0.0,"timestamp":1608089855,"path_taken":["M","?","M","$","?","E"],"items_purchased_type":["Relic","Card","Relic","Relic","Relic","Relic","Card","Card","Relic","Card"],"build_version":"2020-12-13","purchased_purges":1,"victory":false,"max_hp_per_floor":[72,74,76,86,88,88,88],"card_choices":[{"not_picked":["Deflect","Poisoned Stab","Underhanded Strike"],"picked":"Singing Bowl","floor":1},{"not_picked":["Blade Dance","Sucker Punch","Replay:Poison Smokescreen"],"picked":"Singing Bowl","floor":2},{"not_picked":["Dagger Throw","Backstab","conspire:DoublingDagger"],"picked":"Singing Bowl","floor":3},{"not_picked":["Distraction","ReplayTheSpireMod:Scrap Shanks","Bullet Time"],"picked":"Singing Bowl","floor":5}],"player_experience":2068378,"relics_obtained":[{"floor":2,"key":"Happy Flower"}],"event_choices":[],"is_beta":false,"boss_relics":[],"items_purged_floors":[0],"is_endless":false,"potions_floor_spawned":[1,3],"killed_by":"Lagavulin","ascension_level":13}}