{"host":"ljavmhyz2e552xgo","time":1608153596,"event":{"mods":["BaseMod","Better Third Choice","Downfall","Friendly Minions","Minty Spire (QoL Compilation)","Permanent Neow","Spicy Shops","StSLib"],"gold_per_floor":[99,113,113,113,126,141,141,66,166,191,209,209,209,229,243,340,340,265,283,6,6,20,20,20,39,39,69,81,81,97,97,115,219,219,144,164,164,192,192,208,208,208,235,235,255,272,33,6,21,21],"floor_reached":51,"playtime":4574,"items_purged":[],"score":779,"play_id":"bc933bfc-e8b9-4b1e-9a93-8dedeb06c407","local_time":"20201216151956","is_ascension_mode":false,"campfire_choices":[{"data":"sneckomod:TailWhip","floor":1.0,"key":"SMITH"},{"floor":3.0,"key":"RECALL"},{"data":"sneckomod:QuickBite","floor":8.0,"key":"SMITH"},{"data":"sneckomod:MorePower","floor":18.0,"key":"SMITH"},{"data":"sneckomod:SoulRoll","floor":21.0,"key":"SMITH"},{"data":"sneckomod:Cheat","floor":26,"key":"SMITH"},{"data":"sneckomod:UnlimitedRolls","floor":35,"key":"SMITH"},{"data":"expansioncontent:SuperHexaguard","floor":42,"key":"SMITH"},{"floor":44,"key":"REST"}],"circlet_count":0,"master_deck":["sneckomod:Strike","sneckomod:Strike+1","sneckomod:Strike","sneckomod:Defend","sneckomod:Defend","sneckomod:Defend","sneckomod:TailWhip+1","sneckomod:SnekBite+1","sneckomod:Unknown","sneckomod:Unknown+1","sneckomod:QuickBite+1","sneckomod:UnknownDexterity","sneckomod:UnknownBlock+1","sneckomod:UnknownVulnerable","sneckomod:SoulDraw+1","sneckomod:UnknownExhaust","sneckomod:UnknownUncommonSkill","sneckomod:MorePower+1","sneckomod:UnknownRarePower+1","sneckomod:SoulRoll+1","sneckomod:UnknownEthereal+1","sneckomod:SoulCleanse","sneckomod:UnknownUncommonPower","sneckomod:UnknownRarePower+1","sneckomod:Cheat+1","sneckomod:UnknownClassGREEN+1","sneckomod:DiceBlock+1","sneckomod:Unknown2Cost+1","sneckomod:UnknownUncommonPower","Shame","sneckomod:UnknownColorless+1","sneckomod:UnknownBlock+1","sneckomod:UnlimitedRolls+1","sneckomod:UnknownColorless+1","sneckomod:QuickBite+1","expansioncontent:LastStand","expansioncontent:SuperHexaguard+1","expansioncontent:AwakenDeath","sneckomod:UnknownRarePower+1","sneckomod:Nope+1","sneckomod:QuickBite+1","sneckomod:UnknownClassGREEN+1","sneckomod:SnakeSap+1","sneckomod:UnknownClassGUARDIAN+1","sneckomod:SoulRoll+1","sneckomod:UnknownCommonSkill"],"relics":["sneckomod:SuperSneckoSoul","Potion Belt","Mercury Hourglass","downfall:HeartBlessingRed","Omamori","Sozu","downfall:HeartBlessingGreen","Membership Card","FossilizedHelix","TheAbacus","Bottled Flame","Singing Bowl","downfall:HeartBlessingBlue","Boot","Kunai","TungstenRod","Strange Spoon","Blood Vial","MealTicket","Mango"],"acts_visited":["Exordium","TheCity","TheBeyond"],"potions_floor_usage":[33],"damage_taken":[{"damage":3.0,"enemies":"Jaw Worm","floor":2.0,"turns":3.0},{"damage":0.0,"enemies":"2 Louse","floor":5.0,"turns":3.0},{"damage":0.0,"enemies":"Small Slimes","floor":6.0,"turns":3.0},{"damage":27.0,"enemies":"Gremlin Nob","floor":10.0,"turns":5.0},{"damage":9.0,"enemies":"Blue Slaver","floor":11.0,"turns":3.0},{"damage":0.0,"enemies":"Gremlin Gang","floor":14.0,"turns":2.0},{"damage":5.0,"enemies":"3 Louse","floor":15.0,"turns":3.0},{"damage":17.0,"enemies":"downfall:Silent","floor":16.0,"turns":5.0},{"damage":4.0,"enemies":"Chosen","floor":19.0,"turns":3.0},{"damage":0.0,"enemies":"downfall:FleeingMerchant","floor":20.0,"turns":4.0},{"damage":0,"enemies":"Shell Parasite","floor":22,"turns":2},{"damage":8,"enemies":"3 Cultists","floor":25,"turns":7},{"damage":38,"enemies":"Slavers","floor":27,"turns":6},{"damage":0,"enemies":"Snecko","floor":28,"turns":4},{"damage":18,"enemies":"Shelled Parasite and Fungi","floor":30,"turns":6},{"damage":0,"enemies":"Snake Plant","floor":32,"turns":4},{"damage":5,"enemies":"downfall:Defect","floor":33,"turns":5},{"damage":1,"enemies":"Orb Walker","floor":36,"turns":4},{"damage":65,"enemies":"Giant Head","floor":38,"turns":9},{"damage":17,"enemies":"3 Darklings","floor":40,"turns":3},{"damage":64,"enemies":"Reptomancer","floor":43,"turns":6},{"damage":16,"enemies":"4 Shapes","floor":45,"turns":6},{"damage":12,"enemies":"Maw","floor":46,"turns":9},{"damage":5,"enemies":"downfall:FleeingMerchant","floor":47,"turns":4},{"damage":12,"enemies":"downfall:FleeingMerchant","floor":48,"turns":4},{"damage":0,"enemies":"Transient","floor":49,"turns":5},{"damage":34,"enemies":"downfall:Watcher","floor":50,"turns":9}],"seed_played":"8017934320833310739","potions_obtained":[{"floor":5.0,"key":"BlessingOfTheForge"},{"floor":11.0,"key":"Ancient Potion"},{"floor":14.0,"key":"Slimebound:ThreeZeroPotion"}],"is_trial":false,"path_per_floor":["R","M","R","?","M","M","T","R","?","E","M","?","?","M","M","B",null,"R","M","$","R","M","?","T","M","R","E","M","?","M","?","M","B",null,"R","M","?","E","?","M","T","R","E","R","M","M","$","$","M","B",null],"character_chosen":"THE_SNECKO","items_purchased":["Membership Card","FossilizedHelix","TheAbacus","Strange Spoon","Blood Vial","MealTicket","Mango","sneckomod:UnknownCommonSkill"],"campfire_rested":1,"item_purchase_floors":[20,20,20,47,47,47,48,48],"current_hp_per_floor":[90,87,87,62,63,64,64,64,64,38,32,32,56,57,53,36,98,98,99,100,100,101,81,81,74,74,41,43,43,29,29,31,33,150,160,160,150,96,140,127,127,127,69,112,96,84,83,104,112,88],"gold":21,"neow_bonus":"UPGRADE_CARD","is_daily":false,"chose_seed":false,"campfire_upgraded":7,"win_rate":0.0,"timestamp":1608153596,"path_taken":["R","M","R","?","M","M","T","R","?","E","M","?","?","M","M","BOSS","R","M","$","R","M","?","T","M","R","E","M","?","M","?","M","BOSS","R","?","?","E","?","M","T","R","E","R","M","M","$","$","M","BOSS"],"items_purchased_type":["Relic","Relic","Relic","Relic","Relic","Relic","Relic","Card"],"build_version":"2020-12-13","purchased_purges":0,"victory":true,"max_hp_per_floor":[90,90,90,90,91,92,92,92,92,93,96,96,96,97,98,98,98,98,99,100,100,101,106,106,107,107,108,110,110,114,114,116,118,150,160,160,160,160,140,144,144,144,146,146,146,146,150,166,168,168],"card_choices":[{"not_picked":["sneckomod:UnknownStrike","sneckomod:Unknown0Cost"],"picked":"sneckomod:QuickBite","floor":2.0},{"not_picked":["sneckomod:UnknownClassPURPLE","sneckomod:UnknownStrike"],"picked":"sneckomod:UnknownDexterity","floor":5.0},{"not_picked":["sneckomod:DiceBlock","sneckomod:UnknownStrike"],"picked":"sneckomod:UnknownBlock","floor":6.0},{"not_picked":["sneckomod:QuickBite","sneckomod:DiceBoulder"],"picked":"sneckomod:UnknownVulnerable","floor":10.0},{"not_picked":["sneckomod:IronFang","sneckomod:UnknownWeak"],"picked":"sneckomod:SoulDraw","floor":11.0},{"not_picked":["sneckomod:UnknownWeak","sneckomod:DiceBlock"],"picked":"sneckomod:UnknownExhaust","floor":14.0},{"not_picked":["sneckomod:UnknownBlock","sneckomod:RainOfDice"],"picked":"sneckomod:UnknownUncommonSkill","floor":15.0},{"not_picked":["sneckomod:DangerNoodle","sneckomod:UnlimitedRolls"],"picked":"sneckomod:MorePower","floor":16.0},{"not_picked":["sneckomod:UnknownCommonAttack+1","sneckomod:UnknownClassGREEN+1"],"picked":"sneckomod:UnknownRarePower+1","floor":19.0},{"not_picked":["sneckomod:UnknownVulnerable","sneckomod:DiceBoulder"],"picked":"sneckomod:SoulRoll","floor":19.0},{"not_picked":["sneckomod:UnknownExhaust+1","sneckomod:UnknownClassPURPLE+1"],"picked":"sneckomod:UnknownEthereal+1","floor":20.0},{"not_picked":["sneckomod:UnknownCommonAttack","sneckomod:DiceBlock"],"picked":"sneckomod:SoulCleanse","floor":20.0},{"not_picked":["sneckomod:WideSting+1","sneckomod:UnknownCommonSkill+1"],"picked":"sneckomod:UnknownUncommonPower","floor":22},{"not_picked":["sneckomod:UnknownBlock+1","sneckomod:UnknownClassHEXA_GHOST_PURPLE+1"],"picked":"sneckomod:UnknownRarePower+1","floor":25},{"not_picked":["sneckomod:QuickBite","sneckomod:WideSting"],"picked":"sneckomod:Cheat","floor":25},{"not_picked":["sneckomod:UnknownClassTHE_CHAMP_GRAY+1","sneckomod:UnknownClassBLUE+1"],"picked":"sneckomod:UnknownClassGREEN+1","floor":27},{"not_picked":["sneckomod:QuickBite+1","sneckomod:SoulCleanse"],"picked":"sneckomod:DiceBlock+1","floor":27},{"not_picked":["sneckomod:UnknownVulnerable+1","sneckomod:UnknownBlock+1"],"picked":"sneckomod:Unknown2Cost+1","floor":28},{"not_picked":["sneckomod:UnknownClassTHE_CHAMP_GRAY","sneckomod:WideSting"],"picked":"sneckomod:UnknownUncommonPower","floor":28},{"not_picked":["sneckomod:UnknownExhaust+1","sneckomod:UnknownClassGREEN+1","sneckomod:UnknownStrike+1"],"picked":"Singing Bowl","floor":30},{"not_picked":["sneckomod:UnknownUncommonSkill","sneckomod:UnknownClassRED","sneckomod:WideSting+1"],"picked":"Singing Bowl","floor":30},{"not_picked":["sneckomod:UnknownRareSkill+1","sneckomod:UnknownClassTHE_CHAMP_GRAY+1"],"picked":"sneckomod:UnknownColorless+1","floor":32},{"not_picked":["sneckomod:QuickMove","sneckomod:UnknownX"],"picked":"sneckomod:UnknownBlock+1","floor":32},{"not_picked":["sneckomod:UnknownX+1","sneckomod:UnknownClassBLUE+1","sneckomod:Unknown0Cost+1"],"picked":"Singing Bowl","floor":33},{"not_picked":["sneckomod:UnknownColorless","sneckomod:Unknown3Cost"],"picked":"sneckomod:UnlimitedRolls","floor":33},{"not_picked":["sneckomod:UnknownWeak+1","sneckomod:UnknownVulnerable+1"],"picked":"sneckomod:UnknownColorless+1","floor":36},{"not_picked":["sneckomod:UnknownWeak+1","sneckomod:UnknownCommonSkill"],"picked":"sneckomod:QuickBite+1","floor":36},{"not_picked":["expansioncontent:Flail","expansioncontent:ChargeUp"],"picked":"expansioncontent:LastStand","floor":37},{"not_picked":["expansioncontent:HyperBeam","expansioncontent:YouAreMine"],"picked":"expansioncontent:SuperHexaguard","floor":37},{"not_picked":["expansioncontent:LastStand","expansioncontent:Chronoboost"],"picked":"expansioncontent:AwakenDeath","floor":37},{"not_picked":["sneckomod:UnknownStrength+1","sneckomod:UnknownExhaust+1"],"picked":"sneckomod:UnknownRarePower+1","floor":38},{"not_picked":["sneckomod:QuickMove+1","sneckomod:TrashToTreasure+1"],"picked":"sneckomod:Nope+1","floor":38},{"not_picked":["sneckomod:UnknownClassGREEN+1","sneckomod:UnknownCommonSkill+1","sneckomod:UnknownColorless+1"],"picked":"Singing Bowl","floor":40},{"not_picked":["sneckomod:Unknown1Cost+1","sneckomod:UnknownClassPURPLE+1","sneckomod:DiceBlock"],"picked":"Singing Bowl","floor":40},{"not_picked":["sneckomod:UnknownStrike+1","sneckomod:Unknown0Cost+1","sneckomod:UnknownStrength+1"],"picked":"Singing Bowl","floor":43},{"not_picked":["sneckomod:SoulCleanse","sneckomod:UnknownClassHEXA_GHOST_PURPLE"],"picked":"sneckomod:QuickBite+1","floor":43},{"not_picked":["sneckomod:UnknownEthereal+1","sneckomod:UnknownUncommonAttack+1"],"picked":"sneckomod:UnknownClassGREEN+1","floor":45},{"not_picked":["sneckomod:UnknownExhaust","sneckomod:QuickMove"],"picked":"sneckomod:SnakeSap+1","floor":45},{"not_picked":["sneckomod:Unknown2Cost+1","sneckomod:UnknownEthereal+1"],"picked":"sneckomod:UnknownClassGUARDIAN+1","floor":46},{"not_picked":["sneckomod:Unknown1Cost+1","sneckomod:UnknownStrike+1"],"picked":"sneckomod:SoulRoll+1","floor":46},{"not_picked":["sneckomod:UnknownColorless+1","sneckomod:UnknownDexterity+1","sneckomod:UnknownClassGREEN+1"],"picked":"Singing Bowl","floor":47},{"not_picked":["sneckomod:DefensiveFlair+1","sneckomod:SoulDraw","sneckomod:UnknownDexterity"],"picked":"Singing Bowl","floor":47},{"not_picked":["sneckomod:UnknownStrike+1","sneckomod:DiceBlock","sneckomod:WideSting+1"],"picked":"Singing Bowl","floor":48},{"not_picked":["sneckomod:TrashToTreasure+1","sneckomod:WideSting+1","sneckomod:QuickBite"],"picked":"Singing Bowl","floor":49}],"player_experience":1403610,"relics_obtained":[{"floor":7.0,"key":"Mercury Hourglass"},{"floor":10.0,"key":"Omamori"},{"floor":27,"key":"Bottled Flame"},{"floor":38,"key":"Boot"},{"floor":41,"key":"Kunai"},{"floor":43,"key":"TungstenRod"}],"event_choices":[{"damage_healed":0.0,"max_hp_gain":0.0,"max_hp_loss":0.0,"gold_gain":0.0,"event_name":"betterThird:BetterScrap","player_choice":"Relic ","floor":4.0,"gold_loss":0.0,"damage_taken":25.0,"cards_obtained":["Fire Breathing"]},{"damage_healed":24.0,"max_hp_gain":0.0,"max_hp_loss":0.0,"gold_gain":0.0,"event_name":"Mushrooms","player_choice":"Healed and dodged fight","floor":13.0,"gold_loss":0.0,"damage_taken":0.0,"cards_obtained":["Parasite"]},{"damage_healed":0,"gold_gain":0,"player_choice":"Stole Relic","damage_taken":0,"relics_obtained":["Singing Bowl"],"max_hp_gain":0,"max_hp_loss":0,"event_name":"Addict","floor":29,"gold_loss":0,"cards_obtained":["Shame"]},{"damage_healed":0,"gold_gain":0,"player_choice":"Forge","damage_taken":0,"max_hp_gain":0,"max_hp_loss":0,"event_name":"Accursed Blacksmith","floor":31,"gold_loss":0,"cards_upgraded":["sneckomod:SoulDraw"]}],"is_beta":false,"boss_relics":[{"not_picked":["SacredBark","Pandora\u0027s Box"],"picked":"Sozu"},{"not_picked":["Black Star","SlaversCollar"],"picked":"sneckomod:SuperSneckoSoul"}],"items_purged_floors":[],"is_endless":false,"potions_floor_spawned":[5,11,14,25,27,32,33,40,43,49],"ascension_level":0}}