{"host":"tthpht10oetb1q7t","time":1608120580,"event":{"mods":["AchievementEnabler","Act Like it!","BaseMod","GifTheSpireLib","Hubris","Infinite Spire","Minty Spire (QoL Compilation)","Permanent Neow","Quick Restart","Replay The Spire","Shade Mod","StSLib","SuperFastMode","The Administrix","The Bladedancer"],"gold_per_floor":[121,121,121,121,47,47,61,61,61,61,81,81,109,128,128,233,233,243,243,254,272,197,197],"floor_reached":22,"playtime":1672,"items_purged":["AdministrixMod:WifeLightning+1"],"score":184,"play_id":"b4e24e51-6d74-44ed-91a4-03986d4e1c94","local_time":"20201216130940","is_ascension_mode":false,"campfire_choices":[{"data":"AdministrixMod:WifeLightning","floor":6,"key":"SMITH"},{"data":"AdministrixMod:RegentEdict","floor":8,"key":"SMITH"},{"data":"AdministrixMod:TouchOfCinnabar","floor":12,"key":"SMITH"},{"data":"AdministrixMod:TouchOfCinnabar","floor":15,"key":"SMITH"}],"circlet_count":0,"master_deck":["AdministrixMod:Strike_Administrix","AdministrixMod:Strike_Administrix","AdministrixMod:Strike_Administrix","AdministrixMod:RedCloak","AdministrixMod:Defend_Administrix","AdministrixMod:Defend_Administrix","AdministrixMod:Defend_Administrix","AdministrixMod:Defend_Administrix","AdministrixMod:BlueCloak","AdministrixMod:WifeLightning+1","AdministrixMod:RegentEdict+1","AdministrixMod:TouchOfCinnabar+1","AdministrixMod:ExtolVirtue","AdministrixMod:RegentEdict","AdministrixMod:TouchOfCinnabar+1","AdministrixMod:WifeLightning+1","AdministrixMod:XianArts+1","AdministrixMod:RebukeDesires"],"relics":["AdministrixMod:ConductorRitualBaton","infinitespire:Golems Mask","hubris:Towel","hubris:Icosahedron","Prayer Wheel","infinitespire:Broken Mirror","hubris:ScarierMask"],"acts_visited":["Exordium","TheCity"],"potions_floor_usage":[],"damage_taken":[{"damage":4,"enemies":"2 Louse","floor":1,"turns":3},{"damage":4,"enemies":"Jaw Worm","floor":7,"turns":4},{"damage":0,"enemies":"Small Slimes","floor":11,"turns":4},{"damage":23,"enemies":"3 Sentries","floor":13,"turns":13},{"damage":11,"enemies":"Gremlin Gang","floor":14,"turns":3},{"damage":11,"enemies":"Fading Forest","floor":16,"turns":11},{"damage":9,"enemies":"Chosen","floor":18,"turns":7},{"damage":12,"enemies":"Spheric Guardian","floor":20,"turns":8},{"damage":9,"enemies":"Chosen and Byrds","floor":21,"turns":7}],"seed_played":"3606203578034999811","potions_obtained":[{"floor":1,"key":"SteroidPotion"},{"floor":11,"key":"Adrenaline Potion"},{"floor":14,"key":"Regen Potion"}],"is_trial":false,"path_per_floor":["M","?","?","?","$","R","M","R","T","$","M","R","E","M","R","B",null,"M","?","M","M","$"],"character_chosen":"TheAdministrix","items_purchased":["AdministrixMod:WifeLightning"],"campfire_rested":0,"item_purchase_floors":[5],"current_hp_per_floor":[61,58,58,58,58,58,54,54,54,54,54,54,31,20,20,19,65,56,56,44,35,35,35],"gold":197,"neow_bonus":"REMOVE_CARD","is_daily":false,"chose_seed":false,"campfire_upgraded":4,"win_rate":0.0,"timestamp":1608120580,"path_taken":["M","?","?","?","$","R","?","R","T","$","M","R","E","M","R","BOSS","M","?","M","M","$"],"items_purchased_type":["Card"],"build_version":"2020-12-13","purchased_purges":1,"victory":false,"max_hp_per_floor":[65,65,65,65,65,65,65,65,65,65,65,65,65,65,65,65,65,65,65,65,65,65,65],"card_choices":[{"not_picked":["AdministrixMod:NoblePath","AdministrixMod:SyncreticSurge","AdministrixMod:Transition"],"picked":"SKIP","floor":1},{"not_picked":["AdministrixMod:ExtolVirtue","AdministrixMod:TrickOfTheLight"],"picked":"AdministrixMod:RegentEdict","floor":7},{"not_picked":["AdministrixMod:FiendishCrimson","AdministrixMod:Transition"],"picked":"AdministrixMod:TouchOfCinnabar","floor":11},{"not_picked":["AdministrixMod:DreamsMausoleum","AdministrixMod:TouchOfCinnabar"],"picked":"AdministrixMod:ExtolVirtue","floor":11},{"not_picked":["AdministrixMod:PassageOfAges","AdministrixMod:TrickOfTheLight","AdministrixMod:ImmortalPurity"],"picked":"SKIP","floor":13},{"not_picked":["AdministrixMod:CrackingPangu","AdministrixMod:GirlsDoItBetter"],"picked":"AdministrixMod:RegentEdict","floor":14},{"not_picked":["AdministrixMod:ExtolVirtue","AdministrixMod:CenturiesAscent"],"picked":"AdministrixMod:TouchOfCinnabar","floor":14},{"not_picked":["AdministrixMod:Schism","AdministrixMod:DeathByGlamour"],"picked":"AdministrixMod:WifeLightning","floor":16},{"not_picked":["AdministrixMod:HopeInTheDark","AdministrixMod:GuanyinBlessing","AdministrixMod:Transition+1"],"picked":"SKIP","floor":18},{"not_picked":["AdministrixMod:UnstableVigor","AdministrixMod:Convergence","AdministrixMod:DreamsMausoleum+1"],"picked":"SKIP","floor":18},{"not_picked":["AdministrixMod:BishamonBlessing","AdministrixMod:DiversionaryTactic+1"],"picked":"AdministrixMod:XianArts+1","floor":20},{"not_picked":["AdministrixMod:CosmosControl","AdministrixMod:CenturiesAscent","AdministrixMod:Metempsychosis"],"picked":"SKIP","floor":20},{"not_picked":["AdministrixMod:FuneraryRites+1","AdministrixMod:QuietConspiracy"],"picked":"AdministrixMod:RebukeDesires","floor":21},{"not_picked":["AdministrixMod:SyncreticSurge+1","AdministrixMod:PlateOfAntiquity","AdministrixMod:UnstableVigor"],"picked":"SKIP","floor":21}],"player_experience":73246,"relics_obtained":[{"floor":9,"key":"Prayer Wheel"},{"floor":13,"key":"infinitespire:Broken Mirror"}],"event_choices":[{"damage_healed":0,"gold_gain":0,"player_choice":"Success","damage_taken":3,"relics_obtained":["infinitespire:Golems Mask"],"max_hp_gain":0,"max_hp_loss":0,"event_name":"Scrap Ooze","floor":2,"gold_loss":0},{"damage_healed":0,"gold_gain":0,"player_choice":"Upgraded","damage_taken":0,"max_hp_gain":0,"max_hp_loss":0,"event_name":"Upgrade Shrine","floor":19,"gold_loss":0,"cards_upgraded":["AdministrixMod:TouchOfCinnabar"]},{"damage_healed":0,"gold_gain":0,"player_choice":"Upgraded","damage_taken":0,"max_hp_gain":0,"max_hp_loss":0,"event_name":"Upgrade Shrine","floor":19,"gold_loss":0,"cards_upgraded":["AdministrixMod:WifeLightning"]}],"is_beta":false,"boss_relics":[{"not_picked":["ReplayTheSpireMod:SealedPack","Replay:Ancient Bell"],"picked":"hubris:ScarierMask"}],"items_purged_floors":[22],"is_endless":false,"potions_floor_spawned":[1,11,14,18,21],"ascension_level":0}}