{"host":"svwqvw2il1zfkkg0","time":1608159144,"event":{"mods":["AchievementEnabler","BaseMod","BetterRewards","Colored Map","Colored Powertips","Custom Start","Downfall","GifTheSpireLib","Highlight Path","Hubris","Infinite Spire","Minty Spire (QoL Compilation)","Quick Restart","Replay The Spire","Shop Mod","StSLib","SuperFastMode"],"gold_per_floor":[112,126,145,159,173,173,206,234,234,155,155,166,199,217,217,315,365,381,84,84,84,84,98,110,110,140,153,178,178,198,198,218,218,218,318,318,337,355,55,67,67,67,93,93,120,120,120,134,434,434,434,434],"floor_reached":53,"playtime":1857,"items_purged":["Parasite"],"score":819,"play_id":"2ddaac70-d80d-4c50-bca4-68657495ad08","local_time":"20201216145224","is_ascension_mode":false,"campfire_choices":[{"data":"Replay:Poison Smokescreen","floor":6,"key":"SMITH"},{"floor":11,"key":"REST"},{"floor":15,"key":"REST"},{"floor":25,"key":"REST"},{"floor":29,"key":"REST"},{"floor":34,"key":"REST"},{"data":"Burst","floor":42,"key":"SMITH"},{"data":"Catalyst","floor":44,"key":"SMITH"},{"data":"Catalyst","floor":46,"key":"SMITH"},{"data":"Draining Mist","floor":51,"key":"SMITH"}],"circlet_count":0,"master_deck":["Strike_G","Strike_G","Strike_G","Strike_G+1","Defend_G","Defend_G","Defend_G","Defend_G","Defend_G","Survivor","Neutralize","Noxious Fumes","Replay:Poison Smokescreen+1","Sucker Punch","Backstab","Poisoned Stab","Deadly Poison","Draining Mist+1","Catalyst+1","Bouncing Flask","Flying Knee","Unload","Masterful Stab","Dagger Throw+1","Poisoned Stab","Replay:Poison Smokescreen+1","Sucker Punch","Prepared","Catalyst+1","Dagger Spray","Bane","Quick Slash+1","Sucker Punch+1","Burst+1","Backflip+1"],"relics":["Ring of the Snake","Toy Ornithopter","hubris:SlimyHat","Odd Mushroom","ReplayTheSpireMod:Shallot","Lantern","Peace Pipe","Tiny House","Pen Nib","PreservedInsect","hubris:AncientText","MutagenicStrength","ChewingGum","HandDrill","infinitespire:Beetle Shell","Blood Vial","Old Coin","Cursed Key"],"acts_visited":["Exordium","TheCity","TheBeyond"],"potions_floor_usage":[5,7,13,18,24,24,26,27,30,32,35,43,48,52,52],"damage_taken":[{"damage":9,"enemies":"infinitespire:Voidling","floor":1,"turns":5},{"damage":7,"enemies":"Small Slimes","floor":2,"turns":4},{"damage":0,"enemies":"2 Louse","floor":3,"turns":4},{"damage":5,"enemies":"Blue Slaver","floor":4,"turns":3},{"damage":4,"enemies":"Large Slime","floor":5,"turns":5},{"damage":6,"enemies":"Replay:BlueRogue","floor":7,"turns":5},{"damage":21,"enemies":"The Mushroom Lair","floor":8,"turns":5},{"damage":5,"enemies":"Lots of Slimes","floor":12,"turns":4},{"damage":1,"enemies":"Gremlin Nob","floor":13,"turns":3},{"damage":9,"enemies":"2 Fungi Beasts","floor":14,"turns":3},{"damage":52,"enemies":"Fading Forest","floor":16,"turns":11},{"damage":25,"enemies":"3 Byrds","floor":18,"turns":6},{"damage":8,"enemies":"Shell Parasite","floor":23,"turns":3},{"damage":13,"enemies":"3 Cultists","floor":24,"turns":3},{"damage":31,"enemies":"Slavers","floor":26,"turns":6},{"damage":4,"enemies":"Snecko","floor":27,"turns":3},{"damage":10,"enemies":"Sentry and Sphere","floor":30,"turns":4},{"damage":14,"enemies":"Snake Plant","floor":32,"turns":3},{"damage":48,"enemies":"hubris:MusketHawk","floor":35,"turns":7},{"damage":0,"enemies":"3 Shapes","floor":37,"turns":3},{"damage":0,"enemies":"Orb Walker","floor":38,"turns":2},{"damage":7,"enemies":"Writhing Mass","floor":40,"turns":3},{"damage":0,"enemies":"Nemesis","floor":43,"turns":3},{"damage":0,"enemies":"Maw","floor":48,"turns":5},{"damage":58,"enemies":"Donu and Deca","floor":52,"turns":9}],"seed_played":"1792866973236587859","potions_obtained":[{"floor":4,"key":"Energy Potion"},{"floor":5,"key":"DuplicationPotion"},{"floor":12,"key":"BlessingOfTheForge"},{"floor":16,"key":"SkillPotion"},{"floor":17,"key":"Death Potion"},{"floor":23,"key":"Swift Potion"},{"floor":24,"key":"champ:CounterPotion"},{"floor":27,"key":"Poison Potion"},{"floor":30,"key":"Weak Potion"},{"floor":32,"key":"Fruit Juice"},{"floor":35,"key":"Dexterity Potion"},{"floor":37,"key":"Dexterity Potion"},{"floor":38,"key":"Doom Potion"},{"floor":43,"key":"Strength Potion"}],"is_trial":false,"path_per_floor":["M","M","M","M","M","R","E","?","T","?","R","M","E","M","R","B",null,"M","$","PTL","PTL","?","M","M","R","E","M","T","R","M","?","M","?","R","B",null,"M","M","$","M","?","R","E","R","T","R","?","M","AVR","?","R","B",null],"character_chosen":"THE_SILENT","items_purchased":["Pen Nib","Poisoned Stab","Replay:Poison Smokescreen+1","Fire Potion","HandDrill","Adrenaline Potion","GhostInAJar"],"campfire_rested":5,"item_purchase_floors":[19,19,19,19,39,39,39],"current_hp_per_floor":[65,58,58,53,54,54,53,32,32,32,53,48,52,43,64,22,75,50,50,50,50,50,42,39,61,35,36,36,58,53,53,49,49,73,30,80,80,80,80,73,73,73,76,76,76,76,76,76,73,73,73,15],"gold":434,"neow_bonus":"RANDOM_COMMON_RELIC","is_daily":false,"chose_seed":false,"campfire_upgraded":5,"win_rate":0.0,"timestamp":1608159144,"path_taken":["M","M","?","M","M","R","E","?","T","?","R","?","E","M","R","BOSS","M","$","PTL","PTL","?","M","M","R","E","M","T","R","M","?","M","?","R","BOSS","M","M","$","M","?","R","E","R","T","R","?","?","AVR","?","R","BOSS"],"items_purchased_type":["Relic","Card","Card","Potion","Relic","Potion","Potion"],"build_version":"2020-12-13","purchased_purges":1,"victory":true,"max_hp_per_floor":[70,70,70,70,70,70,70,70,70,70,70,70,70,70,70,70,75,75,75,75,75,75,75,75,75,75,75,75,75,75,75,80,80,80,80,80,80,80,80,80,76,76,76,76,76,76,76,76,73,73,73,73],"card_choices":[{"not_picked":["Reflex","hubris:SlightOfHand"],"picked":"Noxious Fumes","floor":1},{"not_picked":["Blade Dance","ReplayTheSpireMod:Tripwire"],"picked":"Replay:Poison Smokescreen","floor":2},{"not_picked":["Outmaneuver","Accuracy"],"picked":"Sucker Punch","floor":3},{"not_picked":["Choke","Bane"],"picked":"Backstab","floor":4},{"not_picked":["Cloak And Dagger","Malaise"],"picked":"Poisoned Stab","floor":5},{"not_picked":["Blade Dance","Finisher"],"picked":"Deadly Poison","floor":7},{"not_picked":["Poisoned Stab","hubris:SlightOfHand"],"picked":"Draining Mist","floor":8},{"not_picked":["Underhanded Strike","Quick Slash"],"picked":"Catalyst","floor":12},{"not_picked":["Escape Plan","Deadly Poison"],"picked":"Bouncing Flask","floor":13},{"not_picked":["Deflect","Setup"],"picked":"Flying Knee","floor":14},{"not_picked":["Phantasmal Killer","Night Terror"],"picked":"Unload","floor":16},{"not_picked":["Quick Slash","Flying Knee"],"picked":"Masterful Stab","floor":17},{"not_picked":["Cloak And Dagger","Quick Slash"],"picked":"Dagger Throw+1","floor":18},{"not_picked":["Blade Dance","Eviscerate"],"picked":"Sucker Punch","floor":23},{"not_picked":["Night Terror","Hidden Blade"],"picked":"Prepared","floor":24},{"not_picked":["PiercingWail","Reflex","Backflip+1"],"picked":"SKIP","floor":26},{"not_picked":["Finisher","Slice"],"picked":"Catalyst","floor":27},{"not_picked":["Flying Knee","Cloak And Dagger"],"picked":"Dagger Spray","floor":30},{"not_picked":["Calculated Gamble","Tactician+1"],"picked":"Bane","floor":32},{"not_picked":["Skewer","Blade Dance"],"picked":"Quick Slash+1","floor":37},{"not_picked":["Choke","Deflect"],"picked":"Sucker Punch+1","floor":38},{"not_picked":["Deflect+1","Eviscerate+1"],"picked":"Burst","floor":40},{"not_picked":["ReplayTheSpireMod:Shiv Toss","Cloak And Dagger"],"picked":"Backflip+1","floor":43},{"not_picked":["Quick Slash","Sucker Punch+1","PiercingWail"],"picked":"SKIP","floor":48}],"player_experience":386728,"relics_obtained":[{"floor":7,"key":"hubris:SlimyHat"},{"floor":8,"key":"Odd Mushroom"},{"floor":9,"key":"ReplayTheSpireMod:Shallot"},{"floor":13,"key":"Peace Pipe"},{"floor":26,"key":"PreservedInsect"},{"floor":28,"key":"hubris:AncientText"},{"floor":43,"key":"infinitespire:Beetle Shell"},{"floor":45,"key":"Blood Vial"}],"event_choices":[{"damage_healed":0,"gold_gain":0,"player_choice":"Fought Mushrooms","damage_taken":0,"max_hp_gain":0,"max_hp_loss":0,"event_name":"Mushrooms","floor":8,"gold_loss":0},{"damage_healed":0,"gold_gain":0,"player_choice":"Paid Gold","damage_taken":0,"relics_obtained":["Lantern"],"max_hp_gain":0,"max_hp_loss":0,"event_name":"WeMeetAgain","floor":10,"gold_loss":79},{"damage_healed":0,"gold_gain":0,"player_choice":"Inject Mutagens","damage_taken":0,"relics_obtained":["MutagenicStrength"],"max_hp_gain":0,"max_hp_loss":0,"event_name":"Drug Dealer","floor":33,"gold_loss":0},{"damage_healed":0,"gold_gain":0,"player_choice":"Max HP","damage_taken":0,"max_hp_gain":0,"max_hp_loss":4,"event_name":"Winding Halls","floor":41,"gold_loss":0},{"damage_healed":0,"gold_gain":0,"player_choice":"Ignored","damage_taken":0,"max_hp_gain":0,"max_hp_loss":0,"event_name":"NoteForYourself","floor":47,"gold_loss":0},{"cards_removed":["Strike_G"],"damage_healed":0,"gold_gain":0,"player_choice":"Offered Basic","damage_taken":0,"max_hp_gain":0,"max_hp_loss":0,"event_name":"Bonfire Elementals","floor":50,"gold_loss":0}],"is_beta":false,"boss_relics":[{"not_picked":["Snecko Eye","Velvet Choker"],"picked":"Tiny House"},{"not_picked":["hubris:Stopwatch","HoveringKite"],"picked":"ChewingGum"}],"items_purged_floors":[49],"is_endless":false,"potions_floor_spawned":[4,5,12,13,16,23,24,27,30,32,35,37,38,43],"ascension_level":0}}