{"host":"i41n6wh529970c2c","time":1608099576,"event":{"mods":["Act Like it!","BaseMod","BetterRewards","Friendly Minions","Gold Saver","Hermit","Minty Spire (QoL Compilation)","Replay The Spire","Shop Mod","StSLib"],"gold_per_floor":[524,534,534,552,566,566,578,578,603,632,68,98,131,152,152,266,266,290,364,388,388,430,430,473,388,388,421,440,281,156,178,178,286,286,325,325,362,371,58,97,0,25,25,25,51,66,95,126,126,126,126],"floor_reached":50,"playtime":13686,"items_purged":["Defend_B","Zap","Defend_B"],"score":1487,"play_id":"91a829c4-1e2a-4de7-a1d1-58f4dc42e602","local_time":"20201216011936","is_ascension_mode":true,"campfire_choices":[{"data":"Apotheosis","floor":6.0,"key":"SMITH"},{"floor":8.0,"key":"REST"},{"floor":15.0,"key":"REST"},{"floor":23.0,"key":"REST"},{"floor":32.0,"key":"REST"},{"floor":49,"key":"REST"}],"circlet_count":1,"master_deck":["Strike_B+1","Strike_B+1","Strike_B","Strike_B","Defend_B","Defend_B","Apotheosis+1","Leap","Redo","All For One","Go for the Eyes","Beam Cell","Buffer","ReplayTheSpireMod:Brewmster+1","Beam Cell","Conserve Battery","Hologram","Reprogram","ReplayTheSpireMod:Omega Cannon","Creative AI","Conserve Battery","Streamline","Undo","Self Repair+1","Gash","Hyperbeam+1","Gash+1","Aggregate+1","Reprogram+1","Beam Cell+1","Hologram+1","Rebound+1","Bandage Up","Double Energy+1","Gash+1","Parasite"],"relics":["Cracked Core","HandDrill","Pantograph","Gambling Chip","Prayer Wheel","Pet Ghost","Replay:Antivirus Software","Replay:Bottled Flurry","CeramicFish","Circlet","SlaversCollar","Sundial","MutagenicStrength","Prayer Wheel","Simple Rune","ReplayTheSpireMod:Shallot","Iron Hammer","Golden Egg","ReplayTheSpireMod:DimensionalGlitch","StrikeDummy","Orichalcum","Red Mask","Vajra","Replay:Kaleidoscope","Quantum Egg","Bag of Preparation"],"acts_visited":["Exordium","TheCity","TheBeyond"],"potions_floor_usage":[40,40,40,40,42,45,45,46,47,47,48,48,48,50,50],"damage_taken":[{"damage":3.0,"enemies":"Jaw Worm","floor":1.0,"turns":4.0},{"damage":0.0,"enemies":"Cultist","floor":2.0,"turns":3.0},{"damage":5.0,"enemies":"Small Slimes","floor":4.0,"turns":5.0},{"damage":16.0,"enemies":"2 Fungi Beasts","floor":5.0,"turns":3.0},{"damage":0.0,"enemies":"Gremlin Gang","floor":7.0,"turns":5.0},{"damage":0.0,"enemies":"3 Sentries","floor":10.0,"turns":4.0},{"damage":0.0,"enemies":"Lagavulin","floor":13.0,"turns":5.0},{"damage":0.0,"enemies":"Blue Slaver","floor":14.0,"turns":3.0},{"damage":0.0,"enemies":"Slime Boss","floor":16.0,"turns":3.0},{"damage":6.0,"enemies":"Shell Parasite","floor":18.0,"turns":6.0},{"damage":2.0,"enemies":"2 Thieves","floor":20.0,"turns":4.0},{"damage":2.0,"enemies":"Cultist and Chosen","floor":22.0,"turns":6.0},{"damage":18.0,"enemies":"Slavers","floor":24.0,"turns":5.0},{"damage":36.0,"enemies":"Gremlin Leader","floor":27.0,"turns":5.0},{"damage":17.0,"enemies":"Snake Plant","floor":28.0,"turns":3.0},{"damage":0.0,"enemies":"Centurion and Healer","floor":31.0,"turns":4.0},{"damage":38.0,"enemies":"Pondfish","floor":33.0,"turns":8.0},{"damage":0.0,"enemies":"Orb Walker","floor":35.0,"turns":2.0},{"damage":0.0,"enemies":"3 Darklings","floor":37.0,"turns":1.0},{"damage":0,"enemies":"Giant Head","floor":40,"turns":7},{"damage":0,"enemies":"R_Hoarder","floor":42,"turns":3},{"damage":0,"enemies":"Giant Head","floor":45,"turns":7},{"damage":0,"enemies":"Transient","floor":46,"turns":5},{"damage":35,"enemies":"Writhing Mass","floor":47,"turns":5},{"damage":45,"enemies":"Reptomancer","floor":48,"turns":4},{"damage":65,"enemies":"Replay:Hell Engine","floor":50,"turns":4}],"seed_played":"-7425996001969393280","potions_obtained":[{"floor":2.0,"key":"SteroidPotion"},{"floor":5.0,"key":"Adrenaline Potion"},{"floor":7.0,"key":"Explosive Potion"},{"floor":14.0,"key":"Fruit Juice"},{"floor":18.0,"key":"Fire Potion"},{"floor":27.0,"key":"Fire Potion"},{"floor":33.0,"key":"LiquidMemories"},{"floor":35.0,"key":"FocusPotion"},{"floor":46,"key":"Dexterity Potion"},{"floor":47,"key":"Explosive Potion"},{"floor":48,"key":"PowerPotion"}],"is_trial":false,"path_per_floor":["M","M","?","M","M","R","M","R","T","E","$","?","E","M","R","B",null,"M","?","M","?","M","R","E","?","T","E","M","$","$","M","R","B",null,"M","?","M","?","$","E","?","E","T","$","E","M","M","E","R","B"],"character_chosen":"DEFECT","items_purchased":["HandDrill","Pantograph","Apotheosis","Buffer","ReplayTheSpireMod:Brewmster","Replay:Bottled Flurry","Self Repair","StrikeDummy","Double Energy"],"campfire_rested":5,"item_purchase_floors":[0,0,0,11,11,11,29,39,39],"current_hp_per_floor":[35,35,35,30,14,14,14,36,36,36,36,36,36,36,58,80,80,74,54,52,52,50,74,69,69,69,33,16,16,16,26,50,43,80,80,80,80,80,80,80,80,80,80,80,80,80,53,11,35,0,0],"gold":126,"neow_bonus":"","is_daily":false,"chose_seed":false,"campfire_upgraded":1,"win_rate":0.0,"timestamp":1608099576,"path_taken":["M","M","?","?","M","R","M","R","T","E","$","?","E","M","R","BOSS","M","?","?","?","M","R","E","?","T","E","M","?","$","?","R","BOSS","M","?","?","?","$","E","?","E","T","?","E","?","M","E","R","BOSS"],"items_purchased_type":["Relic","Relic","Card","Card","Card","Relic","Card","Relic","Card"],"build_version":"2020-12-13","purchased_purges":3,"victory":false,"max_hp_per_floor":[75,75,75,75,75,75,75,75,75,75,75,75,75,75,75,80,80,80,80,80,80,80,80,80,80,80,80,80,80,80,80,80,80,80,80,80,80,80,80,80,80,80,80,80,80,80,80,80,80,80,80],"card_choices":[{"not_picked":["Darkness","Compile Driver","BasicCrystalCard"],"picked":"SKIP","floor":1.0},{"not_picked":["Hologram","Barrage"],"picked":"Leap","floor":2.0},{"not_picked":["Sweeping Beam","Beam Cell"],"picked":"ReplayTheSpireMod:Fabricate Wheel","floor":4.0},{"not_picked":["Loop","Chill","Hologram"],"picked":"SKIP","floor":5.0},{"not_picked":["Sweeping Beam","FIFO Queue"],"picked":"Go for the Eyes","floor":7.0},{"not_picked":["Barrage","Time Bomb","Ball Lightning"],"picked":"SKIP","floor":7.0},{"not_picked":["Redo","BasicCrystalCard"],"picked":"Beam Cell","floor":10.0},{"not_picked":["Crystallizer","Capacitor","Turbo"],"picked":"SKIP","floor":13.0},{"not_picked":["BasicCrystalCard","Barrage"],"picked":"Beam Cell","floor":14.0},{"not_picked":["BasicCrystalCard","Blizzard","Hologram"],"picked":"SKIP","floor":14.0},{"not_picked":["All For One","Meteor Strike"],"picked":"ReplayTheSpireMod:Fabricate Wheel","floor":16.0},{"not_picked":["Turbo","Barrage"],"picked":"Conserve Battery","floor":18.0},{"not_picked":["Compile Driver","ReplaySolidLightProjector","Beam Cell"],"picked":"SKIP","floor":18.0},{"not_picked":["Reinforced Body","Chaos+1"],"picked":"Hologram","floor":19.0},{"not_picked":["BasicCrystalCard","Go for the Eyes"],"picked":"Reprogram","floor":19.0},{"not_picked":["Storm","Loop"],"picked":"ReplayTheSpireMod:Omega Cannon","floor":20.0},{"not_picked":["Turbo","Sweeping Beam","Melter+1"],"picked":"SKIP","floor":20.0},{"not_picked":["Doom and Gloom","Loop+1"],"picked":"Conserve Battery","floor":22.0},{"not_picked":["Fusion","Compile Driver"],"picked":"Streamline","floor":22.0},{"not_picked":["Stack+1","Barrage","Compile Driver+1"],"picked":"SKIP","floor":22.0},{"not_picked":["ReplayRNGCard","Defragment"],"picked":"Undo","floor":24.0},{"not_picked":["Chill+1","Tempest+1","Rip and Tear"],"picked":"SKIP","floor":27.0},{"not_picked":["Streamline","Ball Lightning","Conserve Battery"],"picked":"SKIP","floor":28.0},{"not_picked":["Steam","Conserve Battery","Auto Shields"],"picked":"SKIP","floor":28.0},{"not_picked":["Conserve Battery","FTL+1","Fusion+1"],"picked":"SKIP","floor":28.0},{"not_picked":["Chill","FTL"],"picked":"Gash","floor":31.0},{"not_picked":["Auto Shields","Conserve Battery","Coolheaded"],"picked":"SKIP","floor":31.0},{"not_picked":["FIFO Queue","Auto Shields","Stack+1"],"picked":"SKIP","floor":31.0},{"not_picked":["Mirror Shield","Fission"],"picked":"Hyperbeam","floor":33.0},{"not_picked":["Hologram+1","Panic Button+1"],"picked":"Gash+1","floor":35.0},{"not_picked":["Turbo","Consume"],"picked":"Aggregate+1","floor":35.0},{"not_picked":["Doom and Gloom","Steam"],"picked":"Reprogram+1","floor":35.0},{"not_picked":["Go for the Eyes+1","BasicCrystalCard"],"picked":"Beam Cell+1","floor":37.0},{"not_picked":["ReplayTheSpireMod:GoodbyeWorld+1","Conserve Battery+1"],"picked":"Hologram+1","floor":37.0},{"not_picked":["Cold Snap+1","Beam Cell+1"],"picked":"Rebound+1","floor":37.0},{"not_picked":["ReplayTheSpireMod:Trickstab","Mind Blast"],"picked":"Bandage Up","floor":38.0},{"not_picked":["Genetic Algorithm+1","Self Repair"],"picked":"Gash+1","floor":40},{"not_picked":["Thunder Strike","Redo+1","Panic Button"],"picked":"SKIP","floor":42},{"not_picked":["Beam Cell+1","Compile Driver","Rebound+1"],"picked":"SKIP","floor":45},{"not_picked":["Steam Power","Coolheaded","Chaos"],"picked":"SKIP","floor":46},{"not_picked":["ReplayTheSpireMod:Reroute Power+1","Rebound+1","Barrage"],"picked":"SKIP","floor":46},{"not_picked":["Turbo","Doom and Gloom+1","Go for the Eyes"],"picked":"SKIP","floor":46},{"not_picked":["Darkness","Cold Snap+1","Barrage+1"],"picked":"SKIP","floor":47},{"not_picked":["Reboot","Compile Driver","Beam Cell"],"picked":"SKIP","floor":47},{"not_picked":["BasicCrystalCard+1","ReplayTheSpireMod:Calculation Training+1","Redo"],"picked":"SKIP","floor":47},{"not_picked":["Amplify","Steam","Rebound"],"picked":"SKIP","floor":48}],"player_experience":778243,"relics_obtained":[{"floor":9.0,"key":"Pet Ghost"},{"floor":10.0,"key":"Replay:Antivirus Software"},{"floor":13.0,"key":"Dead Branch"},{"floor":19.0,"key":"Sundial"},{"floor":24.0,"key":"Simple Rune"},{"floor":26.0,"key":"Iron Hammer"},{"floor":27.0,"key":"Golden Egg"},{"floor":40,"key":"Orichalcum"},{"floor":42,"key":"Vajra"},{"floor":43,"key":"Replay:Kaleidoscope"},{"floor":45,"key":"Quantum Egg"},{"floor":48,"key":"Bag of Preparation"}],"event_choices":[{"damage_healed":0.0,"max_hp_gain":0.0,"max_hp_loss":0.0,"gold_gain":0.0,"cards_transformed":["Dualcast"],"event_name":"Transmorgrifier","player_choice":"Transformed","floor":3.0,"gold_loss":0.0,"damage_taken":0.0,"cards_obtained":["Redo"]},{"damage_healed":0.0,"max_hp_gain":0.0,"max_hp_loss":0.0,"gold_gain":30.0,"event_name":"Dead Adventurer","player_choice":"Searched \u00273\u0027 times","floor":12.0,"gold_loss":0.0,"damage_taken":0.0,"relics_obtained":["CeramicFish"]},{"damage_healed":0.0,"max_hp_gain":0.0,"max_hp_loss":0.0,"gold_gain":0.0,"event_name":"Drug Dealer","player_choice":"Inject Mutagens","floor":21.0,"gold_loss":0.0,"damage_taken":0.0,"relics_obtained":["MutagenicStrength"]},{"damage_healed":0.0,"max_hp_gain":0.0,"max_hp_loss":0.0,"gold_gain":0.0,"event_name":"Addict","player_choice":"Obtained Relic","floor":25.0,"gold_loss":85.0,"damage_taken":0.0,"relics_obtained":["ReplayTheSpireMod:Shallot"]},{"damage_healed":0.0,"max_hp_gain":0.0,"max_hp_loss":0.0,"gold_gain":0.0,"event_name":"Upgrade Shrine","player_choice":"Upgraded","floor":36.0,"gold_loss":0.0,"damage_taken":0.0,"cards_upgraded":["ReplayTheSpireMod:Brewmster"]},{"damage_healed":0.0,"max_hp_gain":0.0,"max_hp_loss":0.0,"gold_gain":0.0,"event_name":"SensoryStone","player_choice":"Memory 1","floor":38.0,"gold_loss":0.0,"damage_taken":0.0},{"damage_healed":0,"gold_gain":0,"player_choice":"Paid","damage_taken":0,"relics_obtained":["Red Mask"],"max_hp_gain":0,"max_hp_loss":0,"event_name":"Tomb of Lord Red Mask","floor":41,"gold_loss":97}],"is_beta":false,"boss_relics":[{"not_picked":["Runic Dome","Honey Jar"],"picked":"SlaversCollar"},{"not_picked":["Philosopher\u0027s Stone","Astrolabe"],"picked":"ReplayTheSpireMod:DimensionalGlitch"}],"items_purged_floors":[11,29,30],"is_endless":false,"potions_floor_spawned":[2,5,7,13,14,18,20,27,33,35,46,47,48],"killed_by":"Replay:Hell Engine","ascension_level":4}}