{"host":"eydwxg59205c3vtl","time":1608144071,"event":{"mods":["2.2 Compatiblity","BaseMod","Colored Map","Colored Powertips","Hubris","Minty Spire (QoL Compilation)","StSLib","The Necromancer"],"gold_per_floor":[110,110,122,138,155,155,185,185,210,236,246,246,273,11,11,85,85,95,114,39,39,51,51,51,51,51,51,68,94,94,104,104,178,178,197,212,231,231,249,249,276,276,302,65,65,78,105,30,30,30,30],"floor_reached":52,"playtime":1924,"items_purged":["Writhe"],"score":1950,"play_id":"e01986c9-96f2-4d03-bf6c-889ac832c54b","local_time":"20201216134111","is_ascension_mode":true,"campfire_choices":[{"data":"Cleave","floor":6.0,"key":"SMITH"},{"data":"Uppercut","floor":8.0,"key":"SMITH"},{"floor":12.0,"key":"REST"},{"data":"Seeing Red","floor":15.0,"key":"SMITH"},{"data":"Iron Wave","floor":23,"key":"SMITH"},{"data":"Pommel Strike","floor":25,"key":"SMITH"},{"floor":32,"key":"REST"},{"data":"Heavy Blade","floor":40,"key":"SMITH"},{"data":"Bash","floor":42,"key":"SMITH"},{"data":"Pommel Strike","floor":45,"key":"SMITH"},{"data":"Shockwave","floor":49,"key":"SMITH"}],"circlet_count":0,"master_deck":["AscendersBane","Strike_R","Strike_R","Defend_R","Defend_R","Defend_R","Defend_R+1","Bash+1","Uppercut+1","Shrug It Off+1","Cleave+1","Uppercut+1","Pommel Strike+1","Seeing Red+1","Reaper","Iron Wave+1","Shockwave+1","Pommel Strike+1","Shrug It Off","Headbutt","Limit Break","Twin Strike","Heavy Blade+1","Iron Wave","Reaper","Shockwave+1","Dropkick","Clothesline","Limit Break"],"relics":["Burning Blood","War Paint","Regal Pillow","Dream Catcher","hubris:Metronome","Gremlin Horn","hubris:Backtick","Brimstone","hubris:Towel","MutagenicStrength","Blood Vial","Meat on the Bone","Happy Flower","hubris:BlackHole","hubris:Zylophone","Strawberry","Pen Nib","Kunai"],"acts_visited":["Exordium","TheCity","TheBeyond"],"potions_floor_usage":[29,33,47,51],"damage_taken":[{"damage":7.0,"enemies":"Jaw Worm","floor":1.0,"turns":3.0},{"damage":3.0,"enemies":"Cultist","floor":3.0,"turns":4.0},{"damage":8.0,"enemies":"Small Slimes","floor":4.0,"turns":3.0},{"damage":9.0,"enemies":"Blue Slaver","floor":5.0,"turns":5.0},{"damage":19.0,"enemies":"Gremlin Nob","floor":7.0,"turns":4.0},{"damage":22.0,"enemies":"3 Sentries","floor":10.0,"turns":8.0},{"damage":7.0,"enemies":"Exordium Wildlife","floor":11.0,"turns":5.0},{"damage":11.0,"enemies":"Lagavulin","floor":13.0,"turns":6.0},{"damage":80.0,"enemies":"Hexaghost","floor":16.0,"turns":11.0},{"damage":13.0,"enemies":"Spheric Guardian","floor":18.0,"turns":3.0},{"damage":19,"enemies":"3 Byrds","floor":19,"turns":4},{"damage":10,"enemies":"Cultist and Chosen","floor":22,"turns":4},{"damage":8,"enemies":"Centurion and Healer","floor":28,"turns":3},{"damage":32,"enemies":"Slavers","floor":29,"turns":6},{"damage":15,"enemies":"Snecko","floor":31,"turns":3},{"damage":56,"enemies":"Collector","floor":33,"turns":6},{"damage":28,"enemies":"3 Shapes","floor":35,"turns":2},{"damage":8,"enemies":"Orb Walker","floor":36,"turns":3},{"damage":0,"enemies":"Jaw Worm Horde","floor":37,"turns":2},{"damage":0,"enemies":"Maw","floor":39,"turns":3},{"damage":11,"enemies":"Nemesis","floor":41,"turns":3},{"damage":0,"enemies":"3 Darklings","floor":46,"turns":2},{"damage":0,"enemies":"Reptomancer","floor":47,"turns":2},{"damage":37,"enemies":"Donu and Deca","floor":50,"turns":3},{"damage":3,"enemies":"hubris:GrandSnecko","floor":51,"turns":3}],"seed_played":"1906996619966307285","potions_obtained":[{"floor":1.0,"key":"SteroidPotion"},{"floor":3.0,"key":"BloodPotion"},{"floor":19,"key":"Explosive Potion"},{"floor":28,"key":"Strength Potion"},{"floor":31,"key":"Explosive Potion"},{"floor":33,"key":"Regen Potion"}],"is_trial":false,"path_per_floor":["M","?","M","M","M","R","E","R","T","E","M","R","E","$","R","B",null,"M","M","?","?","M","R","?","R","T","$","M","E","?","M","R","B",null,"M","M","M","?","M","R","E","R","T","$","R","M","E","$","R","B","B",null],"character_chosen":"IRONCLAD","items_purchased":["Gremlin Horn","Pen Nib","Dropkick"],"campfire_rested":2,"item_purchase_floors":[14,44,44],"current_hp_per_floor":[67,67,70,68,65,65,52,52,52,36,35,72,67,67,67,8,58,51,44,44,44,40,40,40,40,40,40,60,48,48,53,75,37,66,46,46,74,74,75,75,70,70,77,77,77,82,82,82,82,63,82],"gold":30,"neow_bonus":"TRANSFORM_CARD","is_daily":false,"chose_seed":false,"campfire_upgraded":9,"win_rate":0.0,"timestamp":1608144071,"path_taken":["M","?","?","M","M","R","E","R","T","E","M","R","E","$","R","BOSS","M","M","?","?","?","R","?","R","T","$","M","E","?","M","R","BOSS","M","M","M","?","M","R","E","R","T","$","R","M","E","?","R","BOSS","BOSS"],"items_purchased_type":["Relic","Relic","Card"],"build_version":"2020-12-13","purchased_purges":1,"victory":true,"max_hp_per_floor":[75,75,75,75,75,75,75,75,75,75,75,75,75,75,75,75,75,75,75,75,75,75,75,75,75,75,75,75,75,75,75,75,75,75,75,75,75,75,75,75,75,75,82,82,82,82,82,82,82,82,82],"card_choices":[{"not_picked":["Evolve","Perfected Strike"],"picked":"Shrug It Off","floor":1.0},{"not_picked":["True Grit","Anger","Burning Pact"],"picked":"SKIP","floor":3.0},{"not_picked":["Entrench","Pummel"],"picked":"Cleave","floor":4.0},{"not_picked":["Thunderclap","Havoc"],"picked":"Uppercut","floor":5.0},{"not_picked":["Wild Strike","Intimidate"],"picked":"Pommel Strike","floor":7.0},{"not_picked":["Havoc","Sword Boomerang","Heavy Blade"],"picked":"SKIP","floor":10.0},{"not_picked":["Juggernaut","Anger","Perfected Strike"],"picked":"SKIP","floor":11.0},{"not_picked":["Burning Pact","Flex"],"picked":"Seeing Red","floor":12.0},{"not_picked":["Battle Trance","Bludgeon","Anger"],"picked":"SKIP","floor":13.0},{"not_picked":["Feed","Berserk"],"picked":"Reaper","floor":16.0},{"not_picked":["Clash+1","Dual Wield","Reckless Charge"],"picked":"SKIP","floor":18.0},{"not_picked":["Shockwave","Sentinel"],"picked":"Iron Wave","floor":19},{"not_picked":["Blood for Blood","Thunderclap"],"picked":"Shockwave+1","floor":22},{"not_picked":["Evolve+1","Entrench","Cleave"],"picked":"SKIP","floor":28},{"not_picked":["Flex+1","Uppercut"],"picked":"Pommel Strike","floor":29},{"not_picked":["Anger","Dark Embrace"],"picked":"Shrug It Off","floor":31},{"not_picked":["Shockwave","Battle Trance+1"],"picked":"Headbutt","floor":32},{"not_picked":["Fiend Fire","Impervious"],"picked":"Limit Break","floor":33},{"not_picked":["Iron Wave","Metallicize"],"picked":"Twin Strike","floor":35},{"not_picked":["Intimidate","Infernal Blade"],"picked":"Heavy Blade","floor":36},{"not_picked":["Body Slam","Shrug It Off"],"picked":"Iron Wave","floor":37},{"not_picked":["Inflame","Rupture","Armaments"],"picked":"SKIP","floor":39},{"not_picked":["Cleave","Wild Strike"],"picked":"Shockwave","floor":41},{"not_picked":["Sever Soul","Wild Strike"],"picked":"Clothesline","floor":46},{"not_picked":["Armaments","Dropkick"],"picked":"Limit Break","floor":47}],"player_experience":537111,"relics_obtained":[{"floor":7.0,"key":"War Paint"},{"floor":9.0,"key":"Regal Pillow"},{"floor":10.0,"key":"Dream Catcher"},{"floor":13.0,"key":"hubris:Metronome"},{"floor":26,"key":"Blood Vial"},{"floor":29,"key":"Meat on the Bone"},{"floor":41,"key":"hubris:Zylophone"},{"floor":43,"key":"Strawberry"},{"floor":47,"key":"Kunai"}],"event_choices":[{"damage_healed":0.0,"max_hp_gain":0.0,"max_hp_loss":0.0,"gold_gain":0.0,"event_name":"Upgrade Shrine","player_choice":"Upgraded","floor":2.0,"gold_loss":0.0,"damage_taken":0.0,"cards_upgraded":["Uppercut"]},{"cards_removed":["Strike_R"],"damage_healed":0,"gold_gain":0,"player_choice":"Gave Gold","damage_taken":0,"max_hp_gain":0,"max_hp_loss":0,"event_name":"Beggar","floor":20,"gold_loss":75},{"damage_healed":0,"gold_gain":0,"player_choice":"Inject Mutagens","damage_taken":0,"relics_obtained":["MutagenicStrength"],"max_hp_gain":0,"max_hp_loss":0,"event_name":"Drug Dealer","floor":24,"gold_loss":0},{"damage_healed":0,"gold_gain":0,"player_choice":"Opened","damage_taken":0,"relics_obtained":["Happy Flower"],"max_hp_gain":0,"max_hp_loss":0,"event_name":"The Mausoleum","floor":30,"gold_loss":0,"cards_obtained":["Writhe"]},{"damage_healed":0,"gold_gain":0,"cards_transformed":["Strike_R"],"player_choice":"Transformed","damage_taken":0,"max_hp_gain":0,"max_hp_loss":0,"event_name":"Transmorgrifier","floor":38,"gold_loss":0,"cards_obtained":["Reaper"]}],"is_beta":false,"boss_relics":[{"not_picked":["hubris:CrackedHourglass","Busted Crown"],"picked":"hubris:Backtick"},{"not_picked":["Black Star","Pandora\u0027s Box"],"picked":"hubris:BlackHole"}],"items_purged_floors":[48],"is_endless":false,"potions_floor_spawned":[1,3,7,13,19,28,31,33,35,37,46],"ascension_level":20}}