{"host":"i3w38rq1z4slkels","time":1608112694,"event":{"mods":["2.2 Compatiblity","Act Like it!","BaseMod","Better Match","Better Vampires","BetterRewards","Conspire","Downfall","Minty Spire (QoL Compilation)","Rare Cards Sparkle","Replay The Spire","StSLib"],"gold_per_floor":[99,119,269,269,289,316,316,316,316,91,101,101,4,16,16,30,45,45,45],"floor_reached":18,"playtime":893,"items_purged":["Slimebound:Icky"],"score":123,"play_id":"ca6477e3-ec49-4ee4-875e-d5df9ae1a95b","local_time":"20201216165814","is_ascension_mode":true,"campfire_choices":[{"floor":1,"key":"RECALL"},{"data":"sneckomod:ImprovisedAttack","floor":10,"key":"SMITH"},{"data":"sneckomod:Unknown","floor":12,"key":"SMITH"}],"circlet_count":0,"master_deck":["sneckomod:Strike","sneckomod:Strike","sneckomod:Strike","sneckomod:Defend","sneckomod:Defend","sneckomod:Defend","sneckomod:TailWhip","sneckomod:SnekBite","sneckomod:Unknown+1","sneckomod:Unknown","sneckomod:ImprovisedAttack+1","sneckomod:UnlimitedRolls","sneckomod:PureSnecko","Spreading Infection","sneckomod:Restock+1"],"relics":["Philosopher\u0027s Stone","Calipers","downfall:HeartBlessingRed","downfall:HeartBlessingGreen","downfall:HeartBlessingBlue","ReplayTheSpireMod:CursedCoin"],"acts_visited":["Exordium"],"potions_floor_usage":[6],"damage_taken":[{"damage":3,"enemies":"Jaw Worm","floor":2,"turns":2},{"damage":9,"enemies":"Small Slimes","floor":5,"turns":2},{"damage":15,"enemies":"3 Sentries","floor":6,"turns":9},{"damage":1,"enemies":"Cultist","floor":11,"turns":3},{"damage":3,"enemies":"downfall:FleeingMerchant","floor":13,"turns":4},{"damage":0,"enemies":"Lots of Slimes","floor":14,"turns":3},{"damage":7,"enemies":"Large Slime","floor":16,"turns":3},{"damage":3,"enemies":"Exordium Thugs","floor":17,"turns":2},{"damage":59,"enemies":"downfall:Defect","floor":18,"turns":6}],"seed_played":"8179369498903926155","potions_obtained":[{"floor":2,"key":"Swift Potion"},{"floor":4,"key":"downfall:CursedFountainPotion"},{"floor":14,"key":"ColorlessPotion"},{"floor":16,"key":"Explosive Potion"},{"floor":17,"key":"Regen Potion"}],"is_trial":false,"path_per_floor":["R","M","?","?","M","E","PTL","PTL","T","R","M","R","$","M","?","M","M","B"],"character_chosen":"THE_SNECKO","items_purchased":["ReplayTheSpireMod:CursedCoin","sneckomod:Restock"],"campfire_rested":0,"item_purchase_floors":[13,13],"current_hp_per_floor":[90,87,87,87,78,63,63,63,63,73,72,72,69,69,69,62,59,0,0],"gold":45,"neow_bonus":"BOSS_RELIC","is_daily":false,"chose_seed":false,"campfire_upgraded":2,"win_rate":0.0,"timestamp":1608112694,"path_taken":["R","M","?","?","?","E","PTL","PTL","T","R","M","R","$","M","?","?","M","BOSS"],"items_purchased_type":["Relic","Card"],"build_version":"2020-12-13","purchased_purges":1,"victory":false,"max_hp_per_floor":[90,90,90,90,90,90,90,90,90,100,100,100,100,100,100,100,100,100,100],"card_choices":[{"not_picked":["sneckomod:UnknownWeak","sneckomod:WideSting"],"picked":"sneckomod:ImprovisedAttack","floor":2},{"not_picked":["sneckomod:UnknownUncommonAttack","sneckomod:UnknownWeak","sneckomod:UnknownBlock"],"picked":"SKIP","floor":5},{"not_picked":["sneckomod:Nope","sneckomod:UnknownWeak"],"picked":"sneckomod:UnlimitedRolls","floor":6},{"not_picked":["sneckomod:UnknownClassHEXA_GHOST_PURPLE","sneckomod:UnknownWeak","sneckomod:ImprovisedAttack"],"picked":"SKIP","floor":11},{"not_picked":["sneckomod:QuickMove","sneckomod:QuickBite"],"picked":"sneckomod:PureSnecko","floor":13},{"not_picked":["sneckomod:Nope","sneckomod:UnknownBlock","sneckomod:SoulDraw"],"picked":"SKIP","floor":14},{"not_picked":["sneckomod:UnknownClassPURPLE","sneckomod:DiceCrush","sneckomod:UnknownVulnerable"],"picked":"SKIP","floor":16},{"not_picked":["sneckomod:QuickBite","sneckomod:SoulRoll","sneckomod:IronFang"],"picked":"SKIP","floor":17}],"player_experience":432768,"relics_obtained":[{"floor":6,"key":"Calipers"}],"event_choices":[{"damage_healed":0,"gold_gain":0,"player_choice":"Upgraded","damage_taken":0,"max_hp_gain":0,"max_hp_loss":0,"event_name":"Upgrade Shrine","floor":15,"gold_loss":0,"cards_upgraded":["sneckomod:Restock"]}],"is_beta":false,"boss_relics":[],"items_purged_floors":[13],"is_endless":false,"potions_floor_spawned":[2,14,16,17],"killed_by":"downfall:Defect","ascension_level":2}}