{"host":"8o45mh5p3pp1o2mi","time":1608138234,"event":{"mods":["BaseMod","Downfall","Minty Spire (QoL Compilation)","Replay The Spire","StSLib"],"gold_per_floor":[99,117,129,140,173,273,296,446,496,496,546,560,610,66,78,177,177,177,177,162,162,162,162,162,162,162,162,162,162,162,162,162,162,162,162,162,162,162,162,162,162,162,162,162,162,162,72,72,72,72],"floor_reached":51,"playtime":4129,"items_purged":["Slimebound:Defend_Slimebound"],"score":804,"play_id":"fa90b607-5604-4324-878c-67f01040a110","local_time":"20201216170354","is_ascension_mode":false,"campfire_choices":[{"floor":1.0,"key":"DIG"},{"data":"Slimebound:OozeBath","floor":10.0,"key":"SMITH"},{"data":"Slimebound:PrepareCrush","floor":18.0,"key":"SMITH"},{"data":"Slimebound:AcidTongue","floor":25.0,"key":"SMITH"},{"data":"Slimebound:OneTwoCombo","floor":27,"key":"SMITH"},{"floor":35,"key":"RECALL"},{"data":"Slimebound:DouseInSlime","floor":40,"key":"SMITH"},{"data":"Slimebound:LeechLife","floor":43,"key":"SMITH"}],"circlet_count":0,"master_deck":["Slimebound:Strike_Slimebound","Slimebound:Tackle","Slimebound:Defend_Slimebound","Slimebound:Defend_Slimebound","Slimebound:Split","Slimebound:CorrosiveSpit","Slimebound:GoopSpray","Slimebound:PressTheAttack","Slimebound:MassRepurpose","Slimebound:LeechingTouch","Slimebound:SplitLeeching","Slimebound:OozeBath+1","Slimebound:FinishingTackle","Slimebound:PrepareCrush+1","Slimebound:AcidTongue+1","Slimebound:SlimeSpikes","Slimebound:OneTwoCombo+1","Slimebound:SlimeTap","Slimebound:RollThrough","Slimebound:Grow+1","Slimebound:SplitAcid","Slimebound:Repurpose","Pot Of Greed","Pot Of Greed","Slimebound:ProtectTheBoss","Slimebound:RallyTheTroops","Slimebound:SplitMire+1","Slimebound:LevelUp","Slimebound:LeechLife+1","Slimebound:RejuvenatingLick+1","Slimebound:SamplingLick+1","Slimebound:DouseInSlime+1","Purity","Slimebound:SlimeTap","Slimebound:LeadByExample+1","Slimebound:SplitAcid","Slimebound:Prepare","Slimebound:SplitLeeching","Slimebound:SlimeSlap"],"relics":["Slimebound:AbsorbEndCombat","Juzu Bracelet","Ice Cream","downfall:CloakOfManyFaces","CultistMask","FaceOfCleric","NlothsMask","GremlinMask","SsserpentHead","Lizard Tail","CaptainsWheel","ClockworkSouvenir","Ectoplasm","Mirror","Replay:Grab Bag","Painkiller Herb","Replay:Bronze Core","Black Star","SlaversCollar","Peace Pipe","Replay:Towering Pillar of Hats","Replay:PocketPolymizer","Divine Protection","MawBank","Pantograph"],"acts_visited":["Exordium","TheCity","TheBeyond"],"potions_floor_usage":[32,33,47,50,50],"damage_taken":[{"damage":11.0,"enemies":"Jaw Worm","floor":2.0,"turns":4.0},{"damage":9.0,"enemies":"Cultist","floor":3.0,"turns":4.0},{"damage":8.0,"enemies":"2 Louse","floor":4.0,"turns":2.0},{"damage":27.0,"enemies":"Replay:BlueRogue","floor":5.0,"turns":6.0},{"damage":43.0,"enemies":"downfall:FaceTrader","floor":6.0,"turns":8.0},{"damage":11.0,"enemies":"Red Slaver","floor":12.0,"turns":2.0},{"damage":16.0,"enemies":"downfall:FleeingMerchant","floor":14.0,"turns":4.0},{"damage":31.0,"enemies":"Exordium Thugs","floor":15.0,"turns":5.0},{"damage":46.0,"enemies":"downfall:Ironclad","floor":16.0,"turns":9.0},{"damage":7.0,"enemies":"Spheric Guardian","floor":19.0,"turns":4.0},{"damage":21.0,"enemies":"downfall:FleeingMerchant","floor":20.0,"turns":4.0},{"damage":0.0,"enemies":"Snecko","floor":21.0,"turns":3.0},{"damage":9.0,"enemies":"Chosen and Byrds","floor":22.0,"turns":4.0},{"damage":14.0,"enemies":"Shelled Parasite and Fungi","floor":23.0,"turns":4.0},{"damage":23.0,"enemies":"Gremlin Leader","floor":26.0,"turns":6.0},{"damage":32,"enemies":"Snake Plant","floor":29,"turns":3},{"damage":25,"enemies":"Centurion and Healer","floor":31,"turns":4},{"damage":30,"enemies":"Shelled Parasite and Fungi","floor":32,"turns":4},{"damage":85,"enemies":"downfall:Silent","floor":33,"turns":7},{"damage":50,"enemies":"2 Orb Walkers","floor":36,"turns":3},{"damage":30,"enemies":"3 Shapes","floor":37,"turns":4},{"damage":44,"enemies":"3 Darklings","floor":38,"turns":4},{"damage":33,"enemies":"Nemesis","floor":39,"turns":5},{"damage":33,"enemies":"R_Hoarder","floor":44,"turns":7},{"damage":38,"enemies":"4 Shapes","floor":45,"turns":5},{"damage":12,"enemies":"Maw","floor":46,"turns":5},{"damage":12,"enemies":"downfall:FleeingMerchant","floor":47,"turns":4},{"damage":22,"enemies":"Jaw Worm Horde","floor":49,"turns":3},{"damage":40,"enemies":"downfall:Defect","floor":50,"turns":5}],"seed_played":"-5833830792218457822","potions_obtained":[{"floor":3.0,"key":"Strength Potion"},{"floor":6.0,"key":"champ:CounterPotion"},{"floor":16.0,"key":"Slimebound:SlimyTonguePotion"},{"floor":19.0,"key":"SkillPotion"},{"floor":28,"key":"PowerPotion"},{"floor":29,"key":"Slimebound:SpawnSlimePotion"},{"floor":36,"key":"champ:CounterPotion"},{"floor":37,"key":"champ:CounterPotion"},{"floor":49,"key":"Strength Potion"}],"is_trial":false,"path_per_floor":["R","M","M","M","E","?","T","?","?","R","T","M","?","$","M","B",null,"R","M","$","M","M","M","T","R","E","R","?","M","?","M","M","B",null,"T","?","?","?","E","T","T","T","T","E","?","?","T","?","?","B",null],"character_chosen":"SLIMEBOUND","items_purchased":["Slimebound:AcidTongue","CaptainsWheel","ClockworkSouvenir"],"campfire_rested":0,"item_purchase_floors":[14,14,14],"current_hp_per_floor":[66,66,62,62,55,48,48,48,48,48,48,42,42,47,37,36,70,70,71,66,73,74,75,75,75,76,76,76,61,61,53,44,47,80,80,55,56,47,65,65,65,65,65,85,76,87,88,88,75,90],"gold":72,"neow_bonus":"TEN_PERCENT_HP_BONUS","is_daily":false,"chose_seed":false,"campfire_upgraded":6,"win_rate":0.0,"timestamp":1608138234,"path_taken":["R","M","M","M","E","?","T","?","?","R","?","M","?","$","M","BOSS","R","M","$","M","M","M","T","R","E","R","?","M","?","M","M","BOSS","T","?","?","?","E","T","T","?","T","E","?","?","T","?","?","BOSS"],"items_purchased_type":["Card","Relic","Relic"],"build_version":"2020-12-13","purchased_purges":1,"victory":true,"max_hp_per_floor":[66,66,66,66,66,66,66,66,66,66,66,67,67,68,69,70,70,70,71,72,73,74,75,75,75,76,76,76,77,77,78,79,80,80,80,81,82,83,84,84,84,84,84,85,86,87,88,88,89,90],"card_choices":[{"not_picked":["Slimebound:ViciousTackle","Slimebound:MegaLick"],"picked":"Slimebound:GoopSpray","floor":2.0},{"not_picked":["Slimebound:ComboTackle","Slimebound:SamplingLick"],"picked":"Slimebound:PressTheAttack","floor":3.0},{"not_picked":["Slimebound:SplitMire","Slimebound:SplitBruiser"],"picked":"Slimebound:MassRepurpose","floor":4.0},{"not_picked":["Slimebound:ComboTackle","Slimebound:SlimeBrawl"],"picked":"Slimebound:LeechingTouch","floor":5.0},{"not_picked":["Slimebound:FlameTackle","Slimebound:DuplicatedForm"],"picked":"Slimebound:SplitLeeching","floor":6.0},{"not_picked":["Slimebound:SlimeBrawl","Slimebound:SplitLeeching"],"picked":"Slimebound:FinishingTackle","floor":12.0},{"not_picked":["Slimebound:SlimeSpikes","Slimebound:SplitBruiser"],"picked":"Slimebound:PrepareCrush","floor":14.0},{"not_picked":["Slimebound:GrowthPunch","Slimebound:LeechingTouch"],"picked":"Slimebound:SlimeSpikes","floor":15.0},{"not_picked":["Slimebound:PrepareCrush","Slimebound:OozeBath"],"picked":"Slimebound:OneTwoCombo","floor":16.0},{"not_picked":["Slimebound:Schlurp","Slimebound:SlimeSpikes"],"picked":"Slimebound:SlimeTap","floor":19.0},{"not_picked":["Slimebound:ViciousTackle","Slimebound:Schlurp"],"picked":"Slimebound:RollThrough","floor":20.0},{"not_picked":["Slimebound:LeechEnergy","Slimebound:ViciousTackle"],"picked":"Slimebound:Grow+1","floor":21.0},{"not_picked":["Slimebound:Schlurp+1","Slimebound:ComboTackle+1"],"picked":"Slimebound:SplitAcid","floor":22.0},{"not_picked":["Slimebound:PressTheAttack","Slimebound:BestDefense"],"picked":"Slimebound:Repurpose","floor":23.0},{"not_picked":["Slimebound:Prepare","Slimebound:Schlurp+1"],"picked":"Slimebound:ProtectTheBoss","floor":26.0},{"not_picked":["Slimebound:GrowthPunch","Slimebound:Prepare"],"picked":"Slimebound:RallyTheTroops","floor":29},{"not_picked":["Slimebound:FormOfPuddle","Slimebound:BestDefense"],"picked":"Slimebound:SplitMire+1","floor":31},{"not_picked":["Slimebound:Equalize+1","Slimebound:SplitBruiser"],"picked":"Slimebound:LevelUp","floor":32},{"not_picked":["Slimebound:PrepareCrush","Slimebound:OozeBath"],"picked":"Slimebound:LeechLife","floor":33},{"not_picked":["Slimebound:Dissolve","Slimebound:SamplingLick+1"],"picked":"Slimebound:RejuvenatingLick+1","floor":36},{"not_picked":["Slimebound:LeechEnergy","Slimebound:LeechingTouch+1","Slimebound:SlimeSpikes+1"],"picked":"SKIP","floor":37},{"not_picked":["Slimebound:SlimeSpikes+1","Slimebound:FinishingTackle"],"picked":"Slimebound:SamplingLick+1","floor":38},{"not_picked":["Slimebound:LevelUp+1","Slimebound:Schlurp+1"],"picked":"Slimebound:DouseInSlime","floor":39},{"not_picked":["Slimebound:GrowthPunch+1","Slimebound:SlimeSpikes"],"picked":"Slimebound:LeadByExample+1","floor":44},{"not_picked":["Slimebound:AcidTongue+1","Slimebound:PrepareCrush"],"picked":"Slimebound:SplitAcid","floor":45},{"not_picked":["Slimebound:LeechingTouch+1","Slimebound:LeechEnergy"],"picked":"Slimebound:Prepare","floor":46},{"not_picked":["Slimebound:GrowthPunch","Slimebound:ComboTackle"],"picked":"Slimebound:SplitLeeching","floor":47},{"not_picked":["Slimebound:RollThrough+1","Slimebound:HauntingLick"],"picked":"Slimebound:SlimeSlap","floor":49}],"player_experience":5687,"relics_obtained":[{"floor":1.0,"key":"Juzu Bracelet"},{"floor":5.0,"key":"Ice Cream"},{"floor":6.0,"key":"downfall:CloakOfManyFaces"},{"floor":11.0,"key":"Lizard Tail"},{"floor":24.0,"key":"Grinning Jar"},{"floor":26.0,"key":"Mirror"},{"floor":36,"key":"Peace Pipe"},{"floor":39,"key":"Replay:Towering Pillar of Hats"},{"floor":39,"key":"Replay:PocketPolymizer"},{"floor":41,"key":"Divine Protection"},{"floor":44,"key":"MawBank"},{"floor":44,"key":"Pantograph"}],"event_choices":[{"damage_healed":0.0,"max_hp_gain":0.0,"max_hp_loss":0.0,"gold_gain":0.0,"cards_transformed":["Slimebound:Strike_Slimebound"],"event_name":"Living Wall","player_choice":"Change","floor":9.0,"gold_loss":0.0,"damage_taken":0.0,"cards_obtained":["Slimebound:OozeBath"]},{"cards_removed":["Slimebound:Defend_Slimebound"],"damage_healed":0.0,"max_hp_gain":0.0,"max_hp_loss":0.0,"gold_gain":0.0,"event_name":"Purifier","player_choice":"Purged","floor":13.0,"gold_loss":0.0,"damage_taken":0.0},{"damage_healed":0,"gold_gain":0,"player_choice":"Got Potions","damage_taken":0,"max_hp_gain":0,"max_hp_loss":0,"event_name":"Lab","floor":30,"gold_loss":0},{"damage_healed":0,"gold_gain":0,"player_choice":"Fight","damage_taken":0,"max_hp_gain":0,"max_hp_loss":0,"event_name":"Mysterious Sphere","floor":36,"gold_loss":0}],"is_beta":false,"boss_relics":[{"not_picked":["SacredBark","Replay:Drink Me"],"picked":"Ectoplasm"},{"not_picked":["Slimebound:TarBlob","Sozu"],"picked":"Replay:Grab Bag"},{"not_picked":["Fusion Hammer","Philosopher\u0027s Stone"],"picked":"Painkiller Herb"},{"not_picked":["ReplayTheSpireMod:Onyx Gauntlets","Busted Crown"],"picked":"Replay:Bronze Core"},{"not_picked":["Astrolabe","Kintsugi"],"picked":"Black Star"},{"not_picked":["Ring of Chaos","Calling Bell"],"picked":"SlaversCollar"}],"items_purged_floors":[47],"is_endless":false,"potions_floor_spawned":[3,6,16,19,21,23,29,36,37,46,49],"ascension_level":0}}