{"host":"2461dio7vetlq1z3","time":1608135515,"event":{"mods":["2.2 Compatiblity","AchievementEnabler","Aspiration","BaseMod","Better Third Choice","Hermit","Minty Spire (QoL Compilation)","Relic Stats","Spicy Shops","StSLib","The Hierophant","Waifu the Spire"],"gold_per_floor":[113,123,123,136,66,66,85,105,175,175,24,59,71,83,83,157,157,157,157],"floor_reached":18,"playtime":653,"items_purged":[],"score":287,"play_id":"11442cbb-06ec-488c-83d4-aaa1b2765d50","local_time":"20201216171835","is_ascension_mode":true,"campfire_choices":[{"data":"Neutralize","floor":6,"key":"SMITH"},{"data":"Wraith Form v2","floor":10,"key":"SMITH"},{"data":"Caltrops","floor":15,"key":"SMITH"}],"circlet_count":0,"master_deck":["AscendersBane","Strike_G","Strike_G","Strike_G","Defend_G","Defend_G","Defend_G","Defend_G","Survivor","Neutralize+1","Wraith Form v2+1","Heel Hook","Dagger Throw","Heel Hook","All Out Attack","aspiration:Lunge","Noxious Fumes","Caltrops+1","Heel Hook","Night Terror"],"relics":["Ring of the Snake","Meat on the Bone","Bag of Marbles","Bird Faced Urn","aspiration:SecretTechniqueScroll"],"acts_visited":["Exordium","TheCity"],"potions_floor_usage":[],"damage_taken":[{"damage":2,"enemies":"Cultist","floor":1,"turns":5},{"damage":0,"enemies":"2 Louse","floor":2,"turns":3},{"damage":0,"enemies":"Small Slimes","floor":4,"turns":3},{"damage":13,"enemies":"Exordium Wildlife","floor":7,"turns":4},{"damage":0,"enemies":"Exordium Thugs","floor":8,"turns":3},{"damage":10,"enemies":"3 Sentries","floor":12,"turns":3},{"damage":2,"enemies":"Red Slaver","floor":13,"turns":4},{"damage":1,"enemies":"Exordium Wildlife","floor":14,"turns":4},{"damage":53,"enemies":"Slime Boss","floor":16,"turns":10},{"damage":0,"enemies":"2 Thieves","floor":18,"turns":1}],"seed_played":"-7269180097972682497","potions_obtained":[{"floor":2,"key":"FairyPotion"},{"floor":7,"key":"SteroidPotion"},{"floor":8,"key":"EntropicBrew"}],"is_trial":false,"path_per_floor":["M","M","?","M","$","R","M","M","T","R","$","E","M","M","R","B",null,"M"],"character_chosen":"THE_SILENT","items_purchased":["aspiration:Lunge","Bag of Marbles"],"campfire_rested":0,"item_purchase_floors":[5,11],"current_hp_per_floor":[57,57,57,57,57,57,44,44,44,44,44,34,34,35,35,20,50,50,50],"gold":157,"neow_bonus":"TRANSFORM_TWO_CARDS","is_daily":false,"chose_seed":false,"campfire_upgraded":3,"win_rate":0.0,"timestamp":1608135515,"path_taken":["M","M","?","M","$","R","M","M","T","R","?","E","M","M","R","BOSS","M"],"items_purchased_type":["Card","Relic"],"build_version":"2020-12-13","purchased_purges":0,"victory":false,"max_hp_per_floor":[60,60,60,60,60,60,60,60,60,60,60,60,60,60,60,60,60,60,60],"relic_stats":{"counters":[10,40],"Bird Faced Urn":[8],"obtain_stats":[{"Bird Faced Urn":12,"Bag of Marbles":11,"aspiration:SecretTechniqueScroll":17,"Ring of the Snake":0,"Meat on the Bone":9},{"Bird Faced Urn":6,"Bag of Marbles":5,"aspiration:SecretTechniqueScroll":9,"Ring of the Snake":0,"Meat on the Bone":5},{"Bird Faced Urn":21,"Bag of Marbles":18,"aspiration:SecretTechniqueScroll":39,"Ring of the Snake":0,"Meat on the Bone":18}],"Ring of the Snake":[20],"Meat on the Bone":12},"card_choices":[{"not_picked":["Backflip","Cloak And Dagger"],"picked":"Dagger Throw","floor":1},{"not_picked":["Finisher","Acrobatics"],"picked":"Heel Hook","floor":2},{"not_picked":["Backflip","Tactician"],"picked":"All Out Attack","floor":4},{"not_picked":["Masterful Stab","Cloak And Dagger"],"picked":"Noxious Fumes","floor":7},{"not_picked":["Noxious Fumes","Cloak And Dagger"],"picked":"Caltrops","floor":8},{"not_picked":["Grand Finale","Flying Knee","Underhanded Strike"],"picked":"SKIP","floor":12},{"not_picked":["Poisoned Stab","Acrobatics","Blade Dance"],"picked":"SKIP","floor":13},{"not_picked":["Dagger Throw","Prepared"],"picked":"Heel Hook","floor":14},{"not_picked":["Bullet Time","Grand Finale"],"picked":"Night Terror","floor":16}],"player_experience":729161,"relics_obtained":[{"floor":9,"key":"Meat on the Bone"},{"floor":12,"key":"Bird Faced Urn"}],"event_choices":[{"cards_removed":["Strike_G"],"damage_healed":0,"gold_gain":0,"player_choice":"Purged","damage_taken":0,"max_hp_gain":0,"max_hp_loss":0,"event_name":"Purifier","floor":3,"gold_loss":0}],"is_beta":false,"boss_relics":[{"not_picked":["aspiration:RitualDagger","Snecko Eye"],"picked":"aspiration:SecretTechniqueScroll"}],"items_purged_floors":[],"is_endless":false,"potions_floor_spawned":[2,7,8],"killed_by":"2 Thieves","ascension_level":15}}