{"host":"sav7uxregyirlf69","time":1608085483,"event":{"mods":["AchievementEnabler","BaseMod","Colored Map","DeckTracker","Keyboard Shortcuts","Minty Spire (QoL Compilation)","READ ME - Guardian Mod","StSLib","SuperFastMode"],"gold_per_floor":[109,34,50,50,50,50,75,75,98,98,113,123,123,136,136,210,210,228,252,107,119,119,119,119,119],"floor_reached":24,"playtime":333,"items_purged":[],"score":438,"play_id":"1b426dc4-da29-4386-9a2f-d2eae625082e","local_time":"20201216112443","is_ascension_mode":true,"campfire_choices":[{"data":"Genetic Algorithm","floor":6,"key":"SMITH"},{"data":"Darkness","floor":13,"key":"SMITH"},{"data":"Dualcast","floor":15,"key":"SMITH"},{"floor":23,"key":"REST"}],"circlet_count":0,"master_deck":["AscendersBane","Zap","Dualcast+1","Genetic Algorithm+1","BootSequence","Darkness+1","Hello World","Loop","Skim","Barrage","All For One","Beam Cell","Flash of Steel","Darkness"],"relics":["Cracked Core","NeowsBlessing","Happy Flower","Strawberry","Pandora\u0027s Box","Bag of Marbles"],"acts_visited":["Exordium","TheCity"],"potions_floor_usage":[16,16,21,24],"damage_taken":[{"damage":0,"enemies":"Jaw Worm","floor":1,"turns":1},{"damage":0,"enemies":"2 Louse","floor":3,"turns":1},{"damage":0,"enemies":"Gremlin Nob","floor":7,"turns":1},{"damage":2,"enemies":"Small Slimes","floor":11,"turns":4},{"damage":11,"enemies":"2 Fungi Beasts","floor":12,"turns":4},{"damage":4,"enemies":"3 Louse","floor":14,"turns":4},{"damage":14,"enemies":"Slime Boss","floor":16,"turns":6},{"damage":31,"enemies":"Chosen","floor":18,"turns":4},{"damage":24,"enemies":"Shell Parasite","floor":21,"turns":4},{"damage":38,"enemies":"Gremlin Leader","floor":24,"turns":2}],"seed_played":"-2060532737917456788","potions_obtained":[{"floor":7,"key":"SpeedPotion"},{"floor":10,"key":"CultistPotion"},{"floor":11,"key":"AttackPotion"},{"floor":18,"key":"AttackPotion"}],"is_trial":false,"path_per_floor":["M","?","M","?","?","R","E","?","T","?","M","M","R","M","R","B",null,"M","T","$","M","?","R","E"],"character_chosen":"DEFECT","items_purchased":["Flash of Steel","FearPotion"],"campfire_rested":1,"item_purchase_floors":[20,20],"current_hp_per_floor":[64,64,64,64,57,57,57,57,64,64,62,51,51,47,47,33,67,36,36,36,12,12,35,0,0],"gold":119,"neow_bonus":"THREE_ENEMY_KILL","is_daily":false,"chose_seed":false,"campfire_upgraded":3,"win_rate":0.0,"timestamp":1608085483,"path_taken":["M","?","M","?","?","R","E","?","T","?","M","M","R","M","R","BOSS","M","?","$","M","?","R","E"],"items_purchased_type":["Card","Potion"],"build_version":"2020-12-13","purchased_purges":0,"victory":false,"max_hp_per_floor":[71,71,71,71,71,71,71,71,78,78,78,78,78,78,78,78,78,78,78,78,78,78,78,78,78],"card_choices":[{"not_picked":["Beam Cell","Capacitor"],"picked":"Genetic Algorithm","floor":1},{"not_picked":["Hologram","Redo","Beam Cell"],"picked":"SKIP","floor":3},{"not_picked":["Stack","Steam","Conserve Battery"],"picked":"SKIP","floor":7},{"not_picked":["Coolheaded","Undo"],"picked":"Darkness","floor":11},{"not_picked":["Beam Cell","Gash","Stack"],"picked":"SKIP","floor":12},{"not_picked":["Stack","Fission"],"picked":"Hello World","floor":14},{"not_picked":["Scrape","Loop","Hologram"],"picked":"SKIP","floor":18},{"not_picked":["Reinforced Body","Sunder"],"picked":"Darkness","floor":21}],"player_experience":917689,"relics_obtained":[{"floor":7,"key":"Happy Flower"},{"floor":9,"key":"Strawberry"},{"floor":19,"key":"Bag of Marbles"}],"event_choices":[{"cards_removed":["Strike_B"],"damage_healed":0,"gold_gain":0,"player_choice":"Card Removal","damage_taken":0,"max_hp_gain":0,"max_hp_loss":0,"event_name":"The Cleric","floor":2,"gold_loss":75},{"damage_healed":0,"gold_gain":0,"cards_transformed":["Strike_B"],"player_choice":"Change","damage_taken":0,"max_hp_gain":0,"max_hp_loss":0,"event_name":"Living Wall","floor":4,"gold_loss":0,"cards_obtained":["BootSequence"]},{"cards_removed":["Defend_B"],"damage_healed":0,"gold_gain":0,"player_choice":"Card Removal","damage_taken":7,"max_hp_gain":0,"max_hp_loss":0,"event_name":"Golden Wing","floor":5,"gold_loss":0},{"damage_healed":0,"gold_gain":0,"player_choice":"Searched \u00270\u0027 times","damage_taken":0,"max_hp_gain":0,"max_hp_loss":0,"event_name":"Dead Adventurer","floor":8,"gold_loss":0},{"damage_healed":0,"gold_gain":0,"player_choice":"Got Potions","damage_taken":0,"max_hp_gain":0,"max_hp_loss":0,"event_name":"Lab","floor":10,"gold_loss":0},{"damage_healed":0,"gold_gain":0,"player_choice":"Ignored","damage_taken":0,"max_hp_gain":0,"max_hp_loss":0,"event_name":"Cursed Tome","floor":22,"gold_loss":0}],"is_beta":false,"boss_relics":[{"not_picked":["Ectoplasm","Coffee Dripper"],"picked":"Pandora\u0027s Box"}],"items_purged_floors":[],"is_endless":false,"potions_floor_spawned":[7,11,12,18],"killed_by":"Gremlin Leader","ascension_level":20}}