{"host":"oi1nj6gqzrtwlr6p","time":1608093345,"event":{"mods":["2.2 Compatiblity","BaseMod","Better Match","Better Note","Block Reminder","Colored Powertips","DeckTracker","Downfall","Energized Spire","Koishi","Marisa????????","Minty Spire (QoL Compilation)","Rare Cards Sparkle","Reimu??????","StSLib","Td1madao Mod","The Administrix","The Senshi","The Servant 0.9.4","The Vixen","The Wild Card"],"gold_per_floor":[99,99,99,99,9,9,9,9,9,9,0,0,0,0,0,0,0,0,0,0,0,0,0,0],"floor_reached":23,"playtime":1885,"items_purged":["Pain"],"score":179,"play_id":"f5196a8e-ac16-4d31-8ba3-b3df72007c24","local_time":"20201215223545","is_ascension_mode":false,"campfire_choices":[{"data":"Guardian:CurlUp","floor":8,"key":"SMITH"},{"floor":15,"key":"REST"}],"circlet_count":0,"master_deck":["Guardian:Strike_Guardian","Guardian:Strike_Guardian","Guardian:Strike_Guardian","Guardian:Strike_Guardian","Guardian:Defend_Guardian","Guardian:Defend_Guardian","Guardian:Defend_Guardian","Guardian:Defend_Guardian","Guardian:CurlUp+1","Guardian:TwinSlam","Guardian:SentryBeam","Guardian:ShieldCharger","Guardian:GemFinder","Guardian:Gem_Lightblue","Guardian:Suspension","Guardian:Gem_Crimson","Guardian:Gem_Lightblue","Guardian:ChargeCore","Guardian:Gem_Red","Guardian:Strike_Guardian","Guardian:ChargeUp","Guardian:Gem_Cyan","Guardian:PiercingHide","Guardian:Gem_Red","Guardian:PrismaticBeam+1","Guardian:Gem_Red","Guardian:Gem_Blue"],"relics":["Ectoplasm","WarpedTongs","Bag of Preparation","theSenshi:SailorFukuRelic","downfall:ShatteredFragment","energizedSpire:HugeHouse","CultistMask"],"acts_visited":["Exordium","TheCity"],"potions_floor_usage":[16,23],"damage_taken":[{"damage":2,"enemies":"2 Louse","floor":1,"turns":3},{"damage":0,"enemies":"Cultist","floor":2,"turns":3},{"damage":7,"enemies":"downfall:FleeingMerchant","floor":5,"turns":4},{"damage":6,"enemies":"Jaw Worm","floor":6,"turns":4},{"damage":7,"enemies":"Gremlin Nob","floor":9,"turns":5},{"damage":7,"enemies":"downfall:FleeingMerchant","floor":11,"turns":4},{"damage":0,"enemies":"2 Fungi Beasts","floor":13,"turns":3},{"damage":7,"enemies":"downfall:FleeingMerchant","floor":14,"turns":4},{"damage":13,"enemies":"downfall:Watcher","floor":16,"turns":8},{"damage":0,"enemies":"3 Byrds","floor":18,"turns":4},{"damage":0,"enemies":"Chosen","floor":20,"turns":6},{"damage":18,"enemies":"Centurion and Healer","floor":21,"turns":6},{"damage":62,"enemies":"Gremlin Leader","floor":23,"turns":8}],"seed_played":"1195979797275687676","potions_obtained":[{"floor":1,"key":"Ancient Potion"},{"floor":13,"key":"AttackPotion"},{"floor":16,"key":"GrandPatriotsElixir:ReiMu"},{"floor":18,"key":"GamblersBrew"},{"floor":21,"key":"champ:CounterPotion"}],"is_trial":false,"path_per_floor":["M","M","?","?","$","M","T","R","?","T","$","?","M","$","R","B",null,"M","?","M","M","?","E"],"character_chosen":"GUARDIAN","items_purchased":[],"campfire_rested":1,"item_purchase_floors":[],"current_hp_per_floor":[78,78,78,78,71,65,65,65,58,58,51,27,27,20,44,31,75,75,75,75,57,57,0,0],"gold":0,"neow_bonus":"BOSS_RELIC","is_daily":false,"chose_seed":false,"campfire_upgraded":1,"win_rate":0.0,"timestamp":1608093345,"path_taken":["M","M","?","?","$","?","T","R","?","?","$","?","M","?","R","BOSS","M","?","?","M","?","E"],"items_purchased_type":[],"build_version":"2020-12-13","purchased_purges":1,"victory":false,"max_hp_per_floor":[80,80,80,80,80,80,80,80,80,80,80,80,80,80,80,80,75,75,75,75,75,75,75,75],"card_choices":[{"not_picked":["Guardian:Gem_Lightblue","Guardian:Recover"],"picked":"Guardian:SentryBeam","floor":1},{"not_picked":["Guardian:Recover","Guardian:ArmoredProtocol"],"picked":"Guardian:ShieldCharger","floor":2},{"not_picked":["Guardian:Gem_Crimson","Guardian:ArmoredProtocol"],"picked":"Guardian:GemFinder","floor":5},{"not_picked":["Guardian:Gem_Green","Guardian:Gem_Red"],"picked":"Guardian:Gem_Lightblue","floor":6},{"not_picked":["Guardian:ShieldCharger","Guardian:Gem_Red"],"picked":"Guardian:Suspension","floor":6},{"not_picked":["Guardian:FastForward","Guardian:PrimingBeam"],"picked":"Guardian:Gem_Cyan","floor":9},{"not_picked":["Guardian:GuardianWhirl","Guardian:Gem_Purple"],"picked":"Guardian:Gem_Crimson","floor":11},{"not_picked":["Guardian:Gem_Lightblue","Guardian:Gem_Green"],"picked":"Guardian:Gem_Cyan","floor":13},{"not_picked":["Guardian:CrystalBeam","Guardian:ShieldSpikes"],"picked":"Guardian:Gem_Lightblue","floor":13},{"not_picked":["Guardian:PrimingBeam","Guardian:Gem_Red"],"picked":"Guardian:ChargeCore","floor":14},{"not_picked":["Guardian:Gem_Cyan","Guardian:Gem_Green"],"picked":"Guardian:Gem_Red","floor":16},{"not_picked":["Guardian:GemFire","Guardian:HyperBeam_Guardian"],"picked":"Guardian:BaubleBeam","floor":16},{"not_picked":["Guardian:Gem_Lightblue","Guardian:Gem_Green"],"picked":"Guardian:Gem_Cyan","floor":18},{"not_picked":["Guardian:Gem_Cyan","Guardian:Gem_Lightblue"],"picked":"Guardian:PiercingHide","floor":18},{"not_picked":["Guardian:Gem_Cyan","Guardian:Gem_Lightblue"],"picked":"Guardian:Gem_Red","floor":20},{"not_picked":["Guardian:TemporalShield","Guardian:RollAttack+1"],"picked":"Guardian:PrismaticBeam+1","floor":20},{"not_picked":["Guardian:Gem_Green","Guardian:Gem_Lightblue"],"picked":"Guardian:Gem_Red","floor":21},{"not_picked":["Guardian:Gem_Lightblue","Guardian:ChargeCore"],"picked":"Guardian:Gem_Blue","floor":21}],"player_experience":362464,"relics_obtained":[{"floor":10,"key":"theSenshi:SailorFukuRelic"}],"event_choices":[{"damage_healed":0,"gold_gain":0,"player_choice":"Trade","damage_taken":0,"relics_obtained":["CultistMask"],"max_hp_gain":0,"max_hp_loss":0,"event_name":"FaceTrader","floor":19,"gold_loss":0},{"damage_healed":0,"gold_gain":0,"player_choice":"Ignored","damage_taken":0,"max_hp_gain":0,"max_hp_loss":0,"event_name":"betterNote:BetterNote","floor":22,"gold_loss":0,"cards_obtained":["SpringWay:ReiMu"]}],"is_beta":false,"boss_relics":[{"not_picked":["Pandora\u0027s Box","Empty Cage"],"picked":"energizedSpire:HugeHouse"}],"items_purged_floors":[5],"is_endless":false,"potions_floor_spawned":[1,13,16,18,21],"killed_by":"Gremlin Leader","ascension_level":0}}