{"host":"dd2mx3pm3ovi0t1n","time":1608117263,"event":{"mods":["2.2 Compatiblity","AchievementEnabler","Aspiration","BaseMod","Beaked The Cultist","Better Altar","Better Match","Better Note","Better Sensory Stone","Better Skull","Better Third Choice","BetterRewards","Colored Map","Colored Powertips","Conspire","Defuse TimeMaze Blight","Downfall","Energized Spire","Friendly Minions","GifTheSpireLib","Halation","Highlight Path","HololiveMod","Hubris","Infinite Spire","Jedi Mod","Minty Spire (QoL Compilation)","Permanent Neow","Quick Restart","Replay The Spire","Shop Mod","Spicy Shops","Spikes Relics","StSLib","Stuff the Spire","TestMod","The Construct","Wandering Minibosses","vexMod"],"gold_per_floor":[99,119,119,153,99,115,115,115,134,134,134,30,81,6,28,129,129,129,54,66,78,118,136,188,207,307,307,307,317,317,317,329,329,348,452,452,452,464,493,171,171,171,194,211,211,241,267,267,280,13,29,29],"floor_reached":53,"playtime":3230,"items_purged":["champ:Strike","champ:Defend"],"score":960,"play_id":"2442b290-6938-4c31-b8ea-78af86a4eda1","local_time":"20201216031423","is_ascension_mode":false,"campfire_choices":[{"data":"champ:Taunt","floor":1,"key":"SMITH"},{"data":"champ:FocusedDefense","floor":8,"key":"SMITH"},{"data":"champ:TornadoPunch","floor":10,"key":"SMITH"},{"data":"beaked:AwakenedForm","floor":18,"key":"SMITH"},{"floor":27,"key":"REST"},{"data":"champ:BerserkerStyle","floor":37,"key":"SMITH"}],"circlet_count":0,"master_deck":["champ:Strike","champ:Strike+1","champ:Strike+1","champ:Defend+1","champ:Defend+1","champ:Defend","champ:Execute","champ:Taunt+1","champ:RisingSlash","champ:GutPunch","champ:FocusedDefense+1","champ:IronFortress","champ:FocusedGladiator","champ:TornadoPunch+1","champ:BerserkerStyle+1","champ:PerfectedStrike","champ:PerfectForm","beaked:AwakenedForm+1","champ:Circumvent+1","champ:ViciousMockery+1","champ:DefensiveShout+1","champ:BerserkersShout","champ:BringItOn","champ:MurderStrike","champ:ShieldWall","champ:CalledShot","champ:Circumvent","champ:Backstep+1","champ:DancingMaster","champ:Circumvent+1","Pot Of Greed","Pot Of Greed","Pot Of Greed","hubris:InfiniteBlow+10","infinitespire:Gouge","ReplayTheSpireMod:Restless Dread","StuffTheSpire:BrainWave","Pot Of Greed","champ:Backstep+1","champ:ShieldWall","champ:FocusedDefense+1","champ:Improvising","champ:Backstep+1"],"relics":["champ:ChampionCrown","testmod-TestBox","testmod-GiftOfSatan","conspire:Dentures","hubris:TinFlute","Replay:Lucky Slots","halation:LettersToHer","Smiling Mask","War Paint","Potion Belt","Letter Opener","Cursed Key","SpikesRelics:DaevaFist","Grinning Jar","HandDrill","MerchantsRug","hubris:Potato","aspiration:Lifesprig","Toxic Egg 2","vexMod:Dragonfruit","conspire:GiftBox","vexMod:GhostlyGear","Lee\u0027s Waffle"],"acts_visited":["Exordium","TheCity","TheBeyond"],"potions_floor_usage":[12,16,25,29,35],"damage_taken":[{"damage":13,"enemies":"Jaw Worm","floor":2,"turns":4},{"damage":17,"enemies":"Gremlin Nob","floor":4,"turns":3},{"damage":13,"enemies":"downfall:FleeingMerchant","floor":5,"turns":4},{"damage":2,"enemies":"Cultist","floor":6,"turns":2},{"damage":17,"enemies":"2 Louse","floor":9,"turns":5},{"damage":33,"enemies":"downfall:FleeingMerchant","floor":12,"turns":4},{"damage":17,"enemies":"Exordium Wildlife","floor":15,"turns":2},{"damage":49,"enemies":"downfall:Defect","floor":16,"turns":5},{"damage":34,"enemies":"Spheric Guardian","floor":20,"turns":5},{"damage":33,"enemies":"Shell Parasite","floor":21,"turns":4},{"damage":43,"enemies":"conspire:Head Lice","floor":22,"turns":6},{"damage":21,"enemies":"3 Cultists","floor":23,"turns":5},{"damage":20,"enemies":"Snake Plant","floor":25,"turns":2},{"damage":38,"enemies":"downfall:LadyInBlue","floor":26,"turns":6},{"damage":3,"enemies":"Centurion and Healer","floor":29,"turns":3},{"damage":43,"enemies":"Cultist and Chosen","floor":32,"turns":4},{"damage":11,"enemies":"Snake Plant","floor":34,"turns":3},{"damage":30,"enemies":"downfall:Silent","floor":35,"turns":7},{"damage":10,"enemies":"Orb Walker","floor":38,"turns":3},{"damage":71,"enemies":"Nemesis","floor":39,"turns":7},{"damage":17,"enemies":"downfall:FleeingMerchant","floor":40,"turns":4},{"damage":0,"enemies":"3 Shapes","floor":44,"turns":4},{"damage":0,"enemies":"Giant Head","floor":46,"turns":6},{"damage":0,"enemies":"conspire:MimicChest","floor":47,"turns":3},{"damage":9,"enemies":"Spire Growth","floor":49,"turns":4},{"damage":2,"enemies":"downfall:FleeingMerchant","floor":50,"turns":3},{"damage":0,"enemies":"Transient","floor":51,"turns":5},{"damage":0,"enemies":"downfall:Watcher","floor":52,"turns":5}],"seed_played":"-6285591450939112542","potions_obtained":[{"floor":2,"key":"ColorlessPotion"},{"floor":6,"key":"LifebloodPotion"},{"floor":9,"key":"AttackPotion"},{"floor":16,"key":"SpeedPotion"},{"floor":22,"key":"Venom Potion"},{"floor":26,"key":"Milkshake"},{"floor":26,"key":"Energy Potion"},{"floor":26,"key":"Weak Potion"},{"floor":35,"key":"ColorlessPotion"},{"floor":39,"key":"Toxic Potion"}],"is_trial":false,"path_per_floor":["R","M","?","E","$","M","T","R","M","R","?","$","T","?","M","B",null,"R","?","M","M","E","M","T","M","?","R","T","M","PTL","PTL","M","?","M","B",null,"R","M","E","$","?","AVR","T","M","?","E","?","?","M","$","M","B",null],"character_chosen":"THE_CHAMP","items_purchased":["champ:IronFortress","Replay:Lucky Slots","Grinning Jar","HandDrill","MerchantsRug","conspire:GiftBox","vexMod:GhostlyGear","Lee\u0027s Waffle"],"campfire_rested":1,"item_purchase_floors":[5,12,40,40,40,50,50,50],"current_hp_per_floor":[81,73,73,74,90,88,88,88,86,86,86,71,71,71,62,28,108,108,108,85,78,64,54,54,45,39,72,72,72,72,72,48,40,49,29,118,118,118,91,89,61,61,61,82,82,107,112,112,105,119,119,124],"gold":29,"neow_bonus":"TWENTY_PERCENT_HP_BONUS","is_daily":false,"chose_seed":false,"campfire_upgraded":5,"win_rate":0.0,"timestamp":1608117263,"path_taken":["R","M","?","E","$","?","T","R","M","R","?","$","?","?","M","BOSS","R","?","M","M","E","M","T","?","?","R","?","M","PTL","PTL","?","?","M","BOSS","R","M","E","$","?","AVR","T","M","?","E","?","?","M","$","M","BOSS"],"items_purchased_type":["Card","Relic","Relic","Relic","Relic","Relic","Relic","Relic"],"build_version":"2020-12-13","purchased_purges":2,"victory":true,"max_hp_per_floor":[108,108,108,108,108,108,108,108,108,108,108,108,108,108,108,108,108,108,108,108,113,113,113,113,113,113,113,113,113,113,113,118,118,118,118,118,118,118,118,118,118,118,118,118,107,107,112,112,112,119,119,124],"card_choices":[{"not_picked":["champ:PerfectedStrike","champ:CrookedStrike"],"picked":"champ:RisingSlash","floor":2},{"not_picked":["champ:FightOn","champ:BerserkersShout"],"picked":"champ:GutPunch","floor":4},{"not_picked":["champ:Circumvent","champ:Haymaker"],"picked":"champ:FocusedDefense","floor":5},{"not_picked":["champ:CrookedStrike","champ:GladiatorsShout"],"picked":"champ:FocusedGladiator","floor":6},{"not_picked":["champ:DefensiveShout","champ:Backstep"],"picked":"champ:TornadoPunch","floor":9},{"not_picked":["champ:EndlessRage","champ:ViciousMockery"],"picked":"champ:BerserkerStyle","floor":12},{"not_picked":["champ:DefensiveShout","champ:BladeFlurry"],"picked":"champ:PerfectedStrike","floor":15},{"not_picked":["champ:VampiricStrike","champ:ShieldSlam"],"picked":"champ:PerfectForm","floor":16},{"not_picked":["champ:Backstep+1","champ:AdrenalArmor+1"],"picked":"champ:Circumvent+1","floor":19},{"not_picked":["champ:IronFortress+1","champ:FocusedDefense+1"],"picked":"champ:ViciousMockery+1","floor":19},{"not_picked":["champ:DefensiveStyle","champ:Lariat"],"picked":"champ:DefensiveShout+1","floor":20},{"not_picked":["champ:CrookedStrike","champ:PreciseThrust"],"picked":"champ:BerserkersShout","floor":21},{"not_picked":["champ:StanceDance","champ:ViciousMockery+1"],"picked":"champ:BringItOn","floor":22},{"not_picked":["champ:FocusedGladiator","champ:EnragedBash+1"],"picked":"champ:MurderStrike","floor":23},{"not_picked":["champ:BladeFlurry","champ:GladiatorsShout+1"],"picked":"champ:ShieldWall","floor":25},{"not_picked":["champ:Circumvent","champ:Backstep"],"picked":"champ:CalledShot","floor":26},{"not_picked":["champ:Backstep","champ:EndlessRage+1","champ:CalledShot"],"picked":"SKIP","floor":29},{"not_picked":["champ:BladeFlurry+1","champ:TornadoPunch"],"picked":"champ:Circumvent","floor":32},{"not_picked":["champ:Encircle","champ:StanceDance"],"picked":"champ:Backstep+1","floor":34},{"not_picked":["champ:HeavySlash","champ:ShieldThrow"],"picked":"champ:DancingMaster","floor":35},{"not_picked":["champ:BringItOn+1","champ:ShieldWall","champ:FaceSlap"],"picked":"SKIP","floor":38},{"not_picked":["champ:DefensiveShout","champ:TornadoPunch+1"],"picked":"champ:Circumvent+1","floor":39},{"not_picked":["champ:PerfectedStrike+1","champ:PreciseThrust","champ:AdrenalArmor"],"picked":"SKIP","floor":40},{"not_picked":["ReplayTheSpireMod:Echoes of Time","infinitespire:Menacing"],"picked":"hubris:InfiniteBlow+10","floor":41},{"not_picked":["champ:BladeFlurry","champ:FocusedDefense","champ:RisingSlash+1"],"picked":"SKIP","floor":44},{"not_picked":["champ:FightOn","champ:AdrenalArmor+1"],"picked":"champ:Backstep+1","floor":46},{"not_picked":["champ:LastStand","champ:AdrenalArmor+1"],"picked":"champ:ShieldWall","floor":47},{"not_picked":["champ:PerfectedStrike+1","champ:CrookedStrike","champ:AdrenalArmor+1"],"picked":"SKIP","floor":49},{"not_picked":["champ:ViciousMockery+1","champ:BerserkerStyle"],"picked":"champ:FocusedDefense+1","floor":50},{"not_picked":["champ:ShieldSlam","champ:VampiricStrike"],"picked":"champ:Improvising","floor":50},{"not_picked":["champ:ShieldWall","champ:Encircle"],"picked":"champ:Backstep+1","floor":51}],"player_experience":425188,"relics_obtained":[{"floor":4,"key":"conspire:Dentures"},{"floor":7,"key":"hubris:TinFlute"},{"floor":13,"key":"halation:LettersToHer"},{"floor":22,"key":"Smiling Mask"},{"floor":24,"key":"halation:LettersToHer"},{"floor":24,"key":"War Paint"},{"floor":26,"key":"Potion Belt"},{"floor":28,"key":"halation:LettersToHer"},{"floor":28,"key":"Letter Opener"},{"floor":39,"key":"SpikesRelics:DaevaFist"},{"floor":43,"key":"halation:LettersToHer"},{"floor":43,"key":"aspiration:Lifesprig"},{"floor":46,"key":"Toxic Egg 2"},{"floor":47,"key":"vexMod:Dragonfruit"}],"event_choices":[{"damage_healed":0,"gold_gain":0,"player_choice":"Leave","damage_taken":0,"max_hp_gain":0,"max_hp_loss":0,"event_name":"conspire:Investor","floor":11,"gold_loss":0},{"damage_healed":0,"gold_gain":0,"player_choice":"3","damage_taken":0,"max_hp_gain":0,"max_hp_loss":0,"event_name":"betterMatch:BetterMatch","floor":14,"gold_loss":0,"cards_obtained":[]},{"damage_healed":0,"gold_gain":0,"player_choice":"2","damage_taken":0,"max_hp_gain":0,"max_hp_loss":0,"event_name":"betterMatch:BetterMatch","floor":19,"gold_loss":0,"cards_obtained":["betterMatch:UncommonCard","betterMatch:CommonCard"]}],"is_beta":false,"boss_relics":[{"not_picked":["Abe\u0027s Treasure","halation:ForbiddenBikini"],"picked":"beaked:SacredDeck"},{"not_picked":["hubris:RunicObelisk","aspiration:SecretTechniqueScroll"],"picked":"Cursed Key"}],"items_purged_floors":[40,42],"is_endless":false,"potions_floor_spawned":[2,6,9,16,22,23,34,35,39,44,46,47,51],"ascension_level":0}}