{"host":"2pffx5rqbod9ds0c","time":1608101593,"event":{"mods":["BaseMod","Better Altar","Better Match","Better Note","Better Sensory Stone","Better Skull","Better Third Choice","Custom Start","Hubris","Minty Spire (QoL Compilation)","Quick Restart","Relic Stats","Robot Space Explorer","Spicy Shops","StSLib"],"gold_per_floor":[117,77,97,97,107,141,141,166,166,199,199,231,231,242,242,340,340,360,379,397,409,426,451,451,36486,36486,36536,36568,36585,36613,36625,36625,36724,36724,36738,36752,36762,35708,35708,35733,35748,34804,34804,34839,33893,33893,33919,33943,33943,33943],"floor_reached":51,"playtime":2070,"items_purged":["RobotSpaceExplorer:Defend","RobotSpaceExplorer:Defend","Pain"],"score":995,"play_id":"2fe15457-e364-4ddb-81e4-45d74ee4dae2","local_time":"20201215225313","is_ascension_mode":true,"campfire_choices":[{"data":"RobotSpaceExplorer:Autoloader","floor":7,"key":"SMITH"},{"data":"1","floor":11,"key":"LIFT"},{"data":"2","floor":13,"key":"LIFT"},{"data":"RobotSpaceExplorer:MiniLasers","floor":15,"key":"SMITH"},{"data":"3","floor":24,"key":"LIFT"},{"data":"RobotSpaceExplorer:FrostMissile","floor":32,"key":"SMITH"},{"data":"RobotSpaceExplorer:Asteroid","floor":46,"key":"SMITH"},{"data":"RobotSpaceExplorer:Asteroid","floor":49,"key":"SMITH"}],"circlet_count":0,"master_deck":["RobotSpaceExplorer:Strike","RobotSpaceExplorer:Strike","RobotSpaceExplorer:Defend","RobotSpaceExplorer:Defend","RobotSpaceExplorer:Scan","RobotSpaceExplorer:MiniLasers+1","RobotSpaceExplorer:Autoloader+1","RobotSpaceExplorer:FrostMissile+1","RobotSpaceExplorer:Autoloader","RobotSpaceExplorer:Autoloader+1","RobotSpaceExplorer:FrostMissile","RobotSpaceExplorer:Asteroid+1","RobotSpaceExplorer:Asteroid+1","RobotSpaceExplorer:Reload"],"relics":["RobotSpaceExplorer:RoboCore","RobotSpaceExplorer:BottledGravity","Pocketwatch","Girya","hubris:Reverence","hubris:ToyBattleship","Runic Pyramid","hubris:SphereOfDissonance","RobotSpaceExplorer:SlideRule","Oddly Smooth Stone","Letter Opener","Peace Pipe","DollysMirror","hubris:PeanutButter","Lantern","Regal Pillow","Black Star","Blood Vial","Lee\u0027s Waffle","Anchor","Akabeko","InkBottle","Cauldron","Orichalcum","CeramicFish","PreservedInsect","hubris:MysteriousPyramids","Orrery","RobotSpaceExplorer:PlasmaHourglass","OrangePellets","HornCleat","Nunchaku","White Beast Statue","Eternal Feather","Bag of Marbles","ClockworkSouvenir","Strawberry","Pantograph","Kunai","Potion Belt"],"acts_visited":["Exordium","TheCity","TheBeyond"],"potions_floor_usage":[10,30,30,50,50,50],"damage_taken":[{"damage":1,"enemies":"Cultist","floor":1,"turns":4},{"damage":1,"enemies":"Jaw Worm","floor":3,"turns":4},{"damage":3,"enemies":"Small Slimes","floor":5,"turns":4},{"damage":37,"enemies":"Lagavulin","floor":6,"turns":11},{"damage":37,"enemies":"3 Sentries","floor":8,"turns":11},{"damage":15,"enemies":"Gremlin Nob","floor":10,"turns":4},{"damage":4,"enemies":"Lagavulin","floor":12,"turns":6},{"damage":0,"enemies":"2 Fungi Beasts","floor":14,"turns":3},{"damage":23,"enemies":"Hexaghost","floor":16,"turns":9},{"damage":21,"enemies":"2 Thieves","floor":18,"turns":4},{"damage":0,"enemies":"Chosen","floor":19,"turns":4},{"damage":22,"enemies":"Snake Plant","floor":20,"turns":4},{"damage":12,"enemies":"Sentry and Sphere","floor":21,"turns":4},{"damage":0,"enemies":"Snecko","floor":22,"turns":4},{"damage":0,"enemies":"Gremlin Leader","floor":23,"turns":1},{"damage":8,"enemies":"Book of Stabbing","floor":28,"turns":3},{"damage":0,"enemies":"Centurion and Healer","floor":29,"turns":4},{"damage":10,"enemies":"Slavers","floor":30,"turns":4},{"damage":14,"enemies":"Snake Plant","floor":31,"turns":4},{"damage":30,"enemies":"Automaton","floor":33,"turns":8},{"damage":6,"enemies":"3 Darklings","floor":35,"turns":4},{"damage":0,"enemies":"Orb Walker","floor":36,"turns":2},{"damage":11,"enemies":"Maw","floor":37,"turns":5},{"damage":0,"enemies":"Giant Head","floor":40,"turns":5},{"damage":0,"enemies":"4 Shapes","floor":41,"turns":4},{"damage":0,"enemies":"Nemesis","floor":44,"turns":3},{"damage":42,"enemies":"Reptomancer","floor":47,"turns":3},{"damage":0,"enemies":"Spire Growth","floor":48,"turns":3},{"damage":18,"enemies":"Awakened One","floor":50,"turns":6}],"seed_played":"-5148284171660686641","potions_obtained":[{"floor":2,"key":"RobotSpaceExplorer:LiquidFusion"},{"floor":2,"key":"FairyPotion"},{"floor":2,"key":"FearPotion"},{"floor":8,"key":"FearPotion"},{"floor":14,"key":"Strength Potion"},{"floor":30,"key":"PowerPotion"},{"floor":31,"key":"LiquidMemories"},{"floor":38,"key":"DistilledChaos"},{"floor":47,"key":"RobotSpaceExplorer:PlasmaFlask"},{"floor":48,"key":"Fire Potion"}],"is_trial":false,"path_per_floor":["M","?","M","?","M","E","R","E","T","E","R","E","R","M","R","B",null,"M","M","M","M","M","E","R","$","T","?","E","M","E","M","R","B",null,"M","M","M","$","?","E","M","$","T","E","$","R","E","M","R","B",null],"character_chosen":"RobotSpaceExplorer","items_purchased":["RobotSpaceExplorer:SlideRule","Oddly Smooth Stone","Letter Opener","Peace Pipe","DollysMirror","Blood Vial","Lee\u0027s Waffle","Anchor","Akabeko","InkBottle","Cauldron","PreservedInsect","hubris:MysteriousPyramids","Orrery","RobotSpaceExplorer:PlasmaHourglass","OrangePellets","Eternal Feather","Bag of Marbles","ClockworkSouvenir","Strawberry","Pantograph"],"campfire_rested":0,"item_purchase_floors":[25,25,25,25,25,38,38,38,38,38,38,42,42,42,42,42,45,45,45,45,45],"current_hp_per_floor":[74,74,73,73,70,33,33,18,18,75,75,71,71,71,71,48,75,54,54,32,20,20,20,20,20,20,20,12,12,73,59,59,29,75,69,69,58,82,82,82,82,82,82,82,89,89,47,49,55,64],"gold":33943,"neow_bonus":"TRANSFORM_CARD","is_daily":false,"chose_seed":false,"campfire_upgraded":5,"win_rate":0.0,"timestamp":1608101593,"path_taken":["M","?","?","?","M","E","R","E","T","E","R","E","R","M","R","BOSS","M","?","M","M","M","E","R","$","T","?","E","M","E","M","R","BOSS","M","M","M","$","?","E","M","$","T","E","$","R","E","M","R","BOSS"],"items_purchased_type":["Relic","Relic","Relic","Relic","Relic","Relic","Relic","Relic","Relic","Relic","Relic","Relic","Relic","Relic","Relic","Relic","Relic","Relic","Relic","Relic","Relic"],"build_version":"2020-12-13","purchased_purges":3,"victory":true,"max_hp_per_floor":[75,75,75,75,75,75,75,75,75,75,75,75,75,75,75,75,75,75,75,75,75,75,75,75,75,75,75,75,75,75,75,75,75,75,75,75,75,82,82,82,82,82,82,82,89,89,89,89,89,89],"relic_stats":{"Regal Pillow":0,"Lee\u0027s Waffle":24,"counters":[29,135],"CeramicFish":18,"Eternal Feather":6,"PreservedInsect":104,"Letter Opener":[27],"Orichalcum":[6],"Peace Pipe":0,"Blood Vial":4,"OrangePellets":[0],"Nunchaku":[4],"Pantograph":25,"Black Star":3,"Kunai":[11],"obtain_stats":[{"Lantern":28,"Regal Pillow":30,"RobotSpaceExplorer:SlideRule":25,"CeramicFish":40,"RobotSpaceExplorer:PlasmaHourglass":42,"hubris:MysteriousPyramids":42,"ClockworkSouvenir":45,"Blood Vial":38,"Nunchaku":44,"HornCleat":43,"RobotSpaceExplorer:BottledGravity":6,"DollysMirror":25,"Strawberry":45,"Pantograph":45,"Kunai":47,"InkBottle":38,"Runic Pyramid":17,"Potion Belt":47,"Girya":9,"Lee\u0027s Waffle":38,"hubris:SphereOfDissonance":23,"Oddly Smooth Stone":25,"RobotSpaceExplorer:RoboCore":0,"Eternal Feather":45,"PreservedInsect":42,"Letter Opener":25,"Orichalcum":40,"Akabeko":38,"White Beast Statue":44,"Peace Pipe":25,"Cauldron":38,"OrangePellets":42,"Anchor":38,"Orrery":42,"hubris:PeanutButter":26,"hubris:ToyBattleship":12,"Black Star":34,"Bag of Marbles":45,"Pocketwatch":8,"hubris:Reverence":10},{"Lantern":16,"Regal Pillow":18,"RobotSpaceExplorer:SlideRule":15,"CeramicFish":24,"RobotSpaceExplorer:PlasmaHourglass":25,"hubris:MysteriousPyramids":25,"ClockworkSouvenir":26,"Blood Vial":23,"Nunchaku":26,"HornCleat":25,"RobotSpaceExplorer:BottledGravity":4,"DollysMirror":15,"Strawberry":26,"Pantograph":26,"Kunai":27,"InkBottle":23,"Runic Pyramid":9,"Potion Belt":27,"Girya":5,"Lee\u0027s Waffle":23,"hubris:SphereOfDissonance":15,"Oddly Smooth Stone":15,"RobotSpaceExplorer:RoboCore":0,"Eternal Feather":26,"PreservedInsect":25,"Letter Opener":15,"Orichalcum":24,"Akabeko":23,"White Beast Statue":26,"Peace Pipe":15,"Cauldron":23,"OrangePellets":25,"Anchor":23,"Orrery":25,"hubris:PeanutButter":15,"hubris:ToyBattleship":7,"Black Star":20,"Bag of Marbles":26,"Pocketwatch":5,"hubris:Reverence":6},{"Lantern":80,"Regal Pillow":88,"RobotSpaceExplorer:SlideRule":77,"CeramicFish":116,"RobotSpaceExplorer:PlasmaHourglass":120,"hubris:MysteriousPyramids":120,"ClockworkSouvenir":123,"Blood Vial":111,"Nunchaku":123,"HornCleat":120,"RobotSpaceExplorer:BottledGravity":23,"DollysMirror":77,"Strawberry":123,"Pantograph":123,"Kunai":126,"InkBottle":111,"Runic Pyramid":56,"Potion Belt":126,"Girya":34,"Lee\u0027s Waffle":111,"hubris:SphereOfDissonance":77,"Oddly Smooth Stone":77,"RobotSpaceExplorer:RoboCore":0,"Eternal Feather":123,"PreservedInsect":120,"Letter Opener":77,"Orichalcum":116,"Akabeko":111,"White Beast Statue":123,"Peace Pipe":77,"Cauldron":111,"OrangePellets":120,"Anchor":111,"Orrery":120,"hubris:PeanutButter":77,"hubris:ToyBattleship":44,"Black Star":100,"Bag of Marbles":123,"Pocketwatch":34,"hubris:Reverence":38}],"InkBottle":[5],"Pocketwatch":[38]},"card_choices":[{"not_picked":["RobotSpaceExplorer:LaserBurst","RobotSpaceExplorer:ScrapMissile"],"picked":"RobotSpaceExplorer:FrostMissile","floor":1},{"not_picked":["RobotSpaceExplorer:SurgingStrike","RobotSpaceExplorer:ImprovisedAttack","RobotSpaceExplorer:Probe"],"picked":"SKIP","floor":3},{"not_picked":["RobotSpaceExplorer:MetalStrike","RobotSpaceExplorer:LaserBurst","RobotSpaceExplorer:FrostMissile"],"picked":"SKIP","floor":5},{"not_picked":["RobotSpaceExplorer:ToxicBomb","RobotSpaceExplorer:BlastShield","RobotSpaceExplorer:DoubleFind"],"picked":"SKIP","floor":6},{"not_picked":["RobotSpaceExplorer:FreezingShield","RobotSpaceExplorer:Probe","RobotSpaceExplorer:ScrapMissile"],"picked":"SKIP","floor":8},{"not_picked":["RobotSpaceExplorer:FrostMissile","RobotSpaceExplorer:FranticSearch","RobotSpaceExplorer:Discharger"],"picked":"SKIP","floor":10},{"not_picked":["RobotSpaceExplorer:SurgingStrike","RobotSpaceExplorer:GlueShot","RobotSpaceExplorer:MakeshiftVolley"],"picked":"SKIP","floor":12},{"not_picked":["RobotSpaceExplorer:ToxicBomb","RobotSpaceExplorer:BlastShield","RobotSpaceExplorer:Reload"],"picked":"SKIP","floor":14},{"not_picked":["RobotSpaceExplorer:Counterblock","RobotSpaceExplorer:Pulsar","RobotSpaceExplorer:GearShield"],"picked":"SKIP","floor":18},{"not_picked":["RobotSpaceExplorer:SurgingStrike","RobotSpaceExplorer:Pulsar","RobotSpaceExplorer:ScrapMissile+1"],"picked":"SKIP","floor":19},{"not_picked":["RobotSpaceExplorer:ImprovisedAttack","RobotSpaceExplorer:IronShell","RobotSpaceExplorer:GlueShot"],"picked":"SKIP","floor":20},{"not_picked":["RobotSpaceExplorer:DoubleBlock","RobotSpaceExplorer:SurgingShield","RobotSpaceExplorer:GlueShot"],"picked":"SKIP","floor":21},{"not_picked":["RobotSpaceExplorer:StunGrenade","RobotSpaceExplorer:ShockKick","RobotSpaceExplorer:DoubleFind+1"],"picked":"SKIP","floor":22},{"not_picked":["RobotSpaceExplorer:Counterblock","RobotSpaceExplorer:ShovelStrike"],"picked":"RobotSpaceExplorer:Autoloader","floor":23},{"not_picked":["RobotSpaceExplorer:Fix","RobotSpaceExplorer:MetalStrike+1","RobotSpaceExplorer:Ammunition+1"],"picked":"SKIP","floor":28},{"not_picked":["RobotSpaceExplorer:Ammunition","RobotSpaceExplorer:RigExplosive","RobotSpaceExplorer:Probe"],"picked":"SKIP","floor":29},{"not_picked":["RobotSpaceExplorer:SurgingShield","RobotSpaceExplorer:Discharger"],"picked":"RobotSpaceExplorer:FrostMissile","floor":30},{"not_picked":["RobotSpaceExplorer:GlueShot","RobotSpaceExplorer:GearShield","RobotSpaceExplorer:MiniDrones"],"picked":"SKIP","floor":31},{"not_picked":["RobotSpaceExplorer:HighVoltage","RobotSpaceExplorer:Accelerator"],"picked":"RobotSpaceExplorer:Asteroid","floor":33},{"not_picked":["RobotSpaceExplorer:MetalStrike+1","RobotSpaceExplorer:ScrapMissile","RobotSpaceExplorer:Pulsar"],"picked":"SKIP","floor":35},{"not_picked":["RobotSpaceExplorer:JunkDive","RobotSpaceExplorer:Blitz+1","RobotSpaceExplorer:Electroshield"],"picked":"SKIP","floor":36},{"not_picked":["RobotSpaceExplorer:SwiftStep+1","RobotSpaceExplorer:Jetpack","RobotSpaceExplorer:Pulsar"],"picked":"SKIP","floor":37},{"not_picked":["RobotSpaceExplorer:FrostMissile","RobotSpaceExplorer:ShovelStrike","RobotSpaceExplorer:SurgingShield"],"picked":"SKIP","floor":40},{"not_picked":["RobotSpaceExplorer:ShockKick+1","RobotSpaceExplorer:ImprovisedAttack+1","RobotSpaceExplorer:Calculate+1"],"picked":"SKIP","floor":41},{"not_picked":["RobotSpaceExplorer:ImprovisedAttack","RobotSpaceExplorer:SlimeMissile+1"],"picked":"RobotSpaceExplorer:Asteroid","floor":42},{"not_picked":["RobotSpaceExplorer:PowerCollector","RobotSpaceExplorer:FrostMissile+1","RobotSpaceExplorer:ShovelStrike+1"],"picked":"SKIP","floor":44},{"not_picked":["RobotSpaceExplorer:PowerCollector","RobotSpaceExplorer:FrostMissile+1","RobotSpaceExplorer:ShovelStrike+1"],"picked":"SKIP","floor":44},{"not_picked":["RobotSpaceExplorer:TrailblazerForm","RobotSpaceExplorer:MetalStrike+1","RobotSpaceExplorer:Accelerator"],"picked":"SKIP","floor":47},{"not_picked":["RobotSpaceExplorer:Probe+1","RobotSpaceExplorer:Reload","RobotSpaceExplorer:MetalStrike+1"],"picked":"SKIP","floor":48},{"not_picked":["RobotSpaceExplorer:Probe+1","RobotSpaceExplorer:MetalStrike+1"],"picked":"RobotSpaceExplorer:Reload","floor":48}],"player_experience":768107,"relics_obtained":[{"floor":6,"key":"RobotSpaceExplorer:BottledGravity"},{"floor":8,"key":"Pocketwatch"},{"floor":9,"key":"Girya"},{"floor":10,"key":"hubris:Reverence"},{"floor":12,"key":"hubris:ToyBattleship"},{"floor":23,"key":"hubris:SphereOfDissonance"},{"floor":26,"key":"hubris:PeanutButter"},{"floor":28,"key":"Lantern"},{"floor":30,"key":"Regal Pillow"},{"floor":40,"key":"Orichalcum"},{"floor":40,"key":"CeramicFish"},{"floor":43,"key":"HornCleat"},{"floor":44,"key":"Nunchaku"},{"floor":44,"key":"White Beast Statue"},{"floor":47,"key":"Kunai"},{"floor":47,"key":"Potion Belt"}],"event_choices":[{"damage_healed":0,"gold_gain":0,"player_choice":"Bought 3 Potions","damage_taken":0,"max_hp_gain":0,"max_hp_loss":0,"event_name":"The Woman in Blue","floor":2,"gold_loss":0},{"cards_removed":["RobotSpaceExplorer:Strike"],"damage_healed":0,"gold_gain":0,"player_choice":"Offered Basic","damage_taken":0,"max_hp_gain":0,"max_hp_loss":0,"event_name":"Bonfire Elementals","floor":4,"gold_loss":0},{"damage_healed":0,"gold_gain":100,"player_choice":"Bet on Murderer","damage_taken":0,"max_hp_gain":0,"max_hp_loss":0,"event_name":"The Joust","floor":27,"gold_loss":50},{"damage_healed":0,"gold_gain":0,"player_choice":"Ignored","damage_taken":0,"max_hp_gain":0,"max_hp_loss":0,"event_name":"Tomb of Lord Red Mask","floor":39,"gold_loss":0}],"is_beta":false,"boss_relics":[{"not_picked":["hubris:RunicObelisk","Philosopher\u0027s Stone"],"picked":"Runic Pyramid"},{"not_picked":["Velvet Choker","Pandora\u0027s Box"],"picked":"Black Star"}],"items_purged_floors":[25,25,38],"is_endless":false,"potions_floor_spawned":[3,8,14,16,19,29,30,31,33,35,37,40,41,47,48],"ascension_level":1}}