{"host":"bxn2em57qlx5u4i0","time":1608078095,"event":{"mods":["BaseMod","Colored Map","Colored Powertips","Highlight Path","Minty Spire (QoL Compilation)","Random Character Button","Relic Sorter","Relic Stats","StSLib","SuperFastMode"],"gold_per_floor":[117,192,192,192,192,192,217,237,261,273,273,298,312,312,312,385,385,405,405,405,405,417,451,451,483,483,483,508,525,285,296,296,371,371,381,399,135,146,146,179,192,192,192,218,234,261,261,295,295,295,295,295,295,5,32,32],"floor_reached":57,"playtime":2480,"items_purged":["Strike_G","Strike_G","Strike_G+1"],"score":3242,"play_id":"ed3012c9-41d7-4b47-9c80-2bd0dd1999ab","local_time":"20201215192135","is_ascension_mode":true,"campfire_choices":[{"floor":6.0,"key":"REST"},{"floor":11.0,"key":"REST"},{"floor":15.0,"key":"REST"},{"data":"Noxious Fumes","floor":24.0,"key":"SMITH"},{"data":"Ghostly","floor":27.0,"key":"SMITH"},{"data":"Ghostly","floor":32.0,"key":"SMITH"},{"floor":49.0,"key":"RECALL"},{"data":"Crippling Poison","floor":53.0,"key":"SMITH"}],"circlet_count":0,"master_deck":["AscendersBane","Defend_G+1","Defend_G+1","Defend_G+1","Defend_G+1","Defend_G+1","Survivor+1","Neutralize+1","Deadly Poison+1","Predator+1","Dash+1","Dagger Spray+1","Dash+1","Predator+1","Bullet Time+1","Dash+1","Noxious Fumes+1","Predator+1","Ghostly+1","Ghostly+1","Ghostly+1","PiercingWail+1","After Image+1","Blur+1","Backflip+1","Crippling Poison+1"],"relics":["Ring of the Snake","Nunchaku","Dream Catcher","Lantern","Anchor","Snecko Eye","Bottled Flame","Boot","Pantograph","FossilizedHelix","TwistedFunnel","Philosopher\u0027s Stone","Strawberry","Mercury Hourglass","Mark of the Bloom","Oddly Smooth Stone","Tingsha","Meat on the Bone","Ancient Tea Set","Happy Flower","Bird Faced Urn"],"acts_visited":["Exordium","TheCity","TheBeyond","TheEnding"],"potions_floor_usage":[56],"damage_taken":[{"damage":13.0,"enemies":"Jaw Worm","floor":1.0,"turns":9.0},{"damage":31.0,"enemies":"3 Sentries","floor":7.0,"turns":14.0},{"damage":0.0,"enemies":"2 Louse","floor":8.0,"turns":2.0},{"damage":0.0,"enemies":"Small Slimes","floor":10.0,"turns":2.0},{"damage":19.0,"enemies":"Gremlin Nob","floor":12.0,"turns":4.0},{"damage":0.0,"enemies":"Red Slaver","floor":13.0,"turns":2.0},{"damage":0.0,"enemies":"Lagavulin","floor":14.0,"turns":1.0},{"damage":13.0,"enemies":"Slime Boss","floor":16.0,"turns":7.0},{"damage":0.0,"enemies":"Spheric Guardian","floor":18.0,"turns":3.0},{"damage":0.0,"enemies":"Shell Parasite","floor":22.0,"turns":2.0},{"damage":6.0,"enemies":"Slavers","floor":23.0,"turns":6.0},{"damage":0.0,"enemies":"Gremlin Leader","floor":25.0,"turns":6.0},{"damage":2.0,"enemies":"Slavers","floor":28.0,"turns":7.0},{"damage":0.0,"enemies":"Centurion and Healer","floor":29.0,"turns":4.0},{"damage":0.0,"enemies":"Shelled Parasite and Fungi","floor":31.0,"turns":5.0},{"damage":31.0,"enemies":"Automaton","floor":33.0,"turns":11.0},{"damage":0.0,"enemies":"3 Darklings","floor":35.0,"turns":5.0},{"damage":0.0,"enemies":"Orb Walker","floor":36.0,"turns":3.0},{"damage":0.0,"enemies":"Sphere and 2 Shapes","floor":38.0,"turns":5.0},{"damage":0.0,"enemies":"Giant Head","floor":40.0,"turns":9.0},{"damage":0.0,"enemies":"Spire Growth","floor":41.0,"turns":4.0},{"damage":0.0,"enemies":"Reptomancer","floor":44.0,"turns":6.0},{"damage":0.0,"enemies":"4 Shapes","floor":45.0,"turns":2.0},{"damage":0.0,"enemies":"Nemesis","floor":46.0,"turns":7.0},{"damage":0.0,"enemies":"Giant Head","floor":48.0,"turns":8.0},{"damage":0.0,"enemies":"Awakened One","floor":50.0,"turns":15.0},{"damage":14.0,"enemies":"Donu and Deca","floor":51.0,"turns":10.0},{"damage":0.0,"enemies":"Shield and Spear","floor":55.0,"turns":8.0},{"damage":4,"enemies":"The Heart","floor":56,"turns":12}],"seed_played":"3806419726959779084","potions_obtained":[{"floor":10.0,"key":"Weak Potion"},{"floor":12.0,"key":"ColorlessPotion"},{"floor":13.0,"key":"SmokeBomb"},{"floor":16.0,"key":"FairyPotion"},{"floor":22.0,"key":"Explosive Potion"},{"floor":23.0,"key":"Fire Potion"},{"floor":28.0,"key":"FairyPotion"},{"floor":33.0,"key":"AttackPotion"},{"floor":36.0,"key":"GhostInAJar"},{"floor":55.0,"key":"SkillPotion"}],"is_trial":false,"path_per_floor":["M","?","?","?","?","R","E","M","T","M","R","E","M","E","R","B",null,"M","?","?","?","M","E","R","E","T","R","E","M","$","M","R","B",null,"M","M","$","M","?","E","M","?","T","E","M","E","T","E","R","B","B",null,"R","$","E","B",null],"character_chosen":"THE_SILENT","items_purchased":["TwistedFunnel","Strawberry","Happy Flower"],"campfire_rested":3,"item_purchase_floors":[30,37,54],"current_hp_per_floor":[46,35,15,15,15,34,3,3,3,3,22,3,3,3,22,9,52,52,52,52,33,33,27,27,27,27,27,25,25,25,25,25,2,25,25,25,32,32,32,32,32,32,32,32,32,32,32,32,32,32,18,18,18,18,18,14],"gold":32,"neow_bonus":"RANDOM_COMMON_RELIC","is_daily":false,"chose_seed":false,"campfire_upgraded":4,"win_rate":0.0,"timestamp":1608078095,"path_taken":["M","?","?","?","?","R","E","M","T","M","R","E","?","E","R","BOSS","M","?","?","?","M","E","R","E","T","R","E","M","$","M","R","BOSS","M","M","$","M","?","E","M","?","T","E","M","E","?","E","R","BOSS","BOSS","R","$","E","BOSS"],"items_purchased_type":["Relic","Relic","Relic"],"build_version":"2020-12-13","purchased_purges":3,"victory":true,"max_hp_per_floor":[66,66,66,66,66,66,66,66,66,66,66,66,66,66,66,66,66,66,66,66,33,33,33,33,33,33,33,33,33,33,33,33,33,33,33,33,40,40,38,38,38,38,38,38,38,38,38,38,38,38,38,38,38,38,38,38],"relic_stats":{"Mark of the Bloom":130,"Happy Flower":[6],"counters":[29,178],"Tingsha":[18],"Boot":[107],"Mercury Hourglass":[236],"Nunchaku":[44],"Dream Catcher":2,"Pantograph":8,"Bird Faced Urn":[0],"Snecko Eye":[289,277,274,303],"obtain_stats":[{"TwistedFunnel":30,"Lantern":9,"Mark of the Bloom":42,"Happy Flower":54,"Oddly Smooth Stone":44,"Tingsha":46,"Boot":25,"Ancient Tea Set":48,"Mercury Hourglass":40,"Nunchaku":0,"Dream Catcher":7,"Anchor":12,"Bottled Flame":23,"Pantograph":26,"Strawberry":37,"Bird Faced Urn":55,"Snecko Eye":17,"Philosopher\u0027s Stone":34,"FossilizedHelix":28,"Ring of the Snake":0,"Meat on the Bone":47},{"TwistedFunnel":14,"Lantern":3,"Mark of the Bloom":21,"Happy Flower":27,"Oddly Smooth Stone":22,"Tingsha":24,"Boot":12,"Ancient Tea Set":25,"Mercury Hourglass":20,"Nunchaku":0,"Dream Catcher":2,"Anchor":5,"Bottled Flame":11,"Pantograph":12,"Strawberry":18,"Bird Faced Urn":28,"Snecko Eye":8,"Philosopher\u0027s Stone":16,"FossilizedHelix":13,"Ring of the Snake":0,"Meat on the Bone":24},{"TwistedFunnel":69,"Lantern":25,"Mark of the Bloom":111,"Happy Flower":159,"Oddly Smooth Stone":117,"Tingsha":126,"Boot":58,"Ancient Tea Set":134,"Mercury Hourglass":107,"Nunchaku":0,"Dream Catcher":23,"Anchor":31,"Bottled Flame":52,"Pantograph":58,"Strawberry":93,"Bird Faced Urn":167,"Snecko Eye":41,"Philosopher\u0027s Stone":85,"FossilizedHelix":65,"Ring of the Snake":0,"Meat on the Bone":126}],"Ring of the Snake":[58],"Meat on the Bone":0},"card_choices":[{"not_picked":["Flying Knee","Backflip"],"picked":"Deadly Poison","floor":1.0},{"not_picked":["Acrobatics","Sucker Punch"],"picked":"Predator","floor":7.0},{"not_picked":["Poisoned Stab","Finisher"],"picked":"Dash","floor":8.0},{"not_picked":["Quick Slash","Caltrops","Escape Plan"],"picked":"SKIP","floor":10.0},{"not_picked":["Dagger Throw","Reflex"],"picked":"Dagger Spray","floor":11.0},{"not_picked":["Flechettes","Bane"],"picked":"Endless Agony","floor":12.0},{"not_picked":["Expertise","Dagger Throw"],"picked":"Dash","floor":13.0},{"not_picked":["Catalyst","Bane"],"picked":"Predator","floor":15.0},{"not_picked":["Envenom","Storm of Steel"],"picked":"Bullet Time","floor":16.0},{"not_picked":["Bane","Tactician","Acrobatics"],"picked":"SKIP","floor":18.0},{"not_picked":["Dagger Throw","Distraction"],"picked":"PiercingWail","floor":22.0},{"not_picked":["Accuracy","Sucker Punch+1","Well Laid Plans"],"picked":"SKIP","floor":23.0},{"not_picked":["Deflect","Dagger Spray","Noxious Fumes"],"picked":"SKIP","floor":25.0},{"not_picked":["Finisher","Concentrate","Well Laid Plans"],"picked":"SKIP","floor":28.0},{"not_picked":["Caltrops","Deadly Poison","Dagger Spray+1"],"picked":"SKIP","floor":29.0},{"not_picked":["Flying Knee","Deflect","Well Laid Plans"],"picked":"SKIP","floor":31.0},{"not_picked":["Burst","Adrenaline"],"picked":"After Image","floor":33.0},{"not_picked":["Cloak And Dagger+1","Acrobatics"],"picked":"Blur","floor":35.0},{"not_picked":["PiercingWail","Dagger Spray","Masterful Stab"],"picked":"SKIP","floor":36.0},{"not_picked":["Expertise","Quick Slash","Distraction"],"picked":"SKIP","floor":38.0},{"not_picked":["PiercingWail","Underhanded Strike","Tactician"],"picked":"SKIP","floor":40.0},{"not_picked":["Prepared","Cloak And Dagger"],"picked":"Backflip+1","floor":41.0},{"not_picked":["Tactician+1","Acrobatics"],"picked":"Crippling Poison","floor":44.0},{"not_picked":["Slice","Blade Dance+1","Eviscerate"],"picked":"SKIP","floor":45.0},{"not_picked":["Storm of Steel","Dash","Quick Slash"],"picked":"SKIP","floor":46.0},{"not_picked":["Dagger Throw","Blade Dance","Quick Slash"],"picked":"SKIP","floor":48.0},{"not_picked":["Backstab","Flechettes","Underhanded Strike"],"picked":"SKIP","floor":55.0}],"player_experience":2786826,"relics_obtained":[{"floor":7.0,"key":"Dream Catcher"},{"floor":9.0,"key":"Lantern"},{"floor":12.0,"key":"Anchor"},{"floor":23.0,"key":"Bottled Flame"},{"floor":25.0,"key":"Boot"},{"floor":26.0,"key":"Pantograph"},{"floor":28.0,"key":"FossilizedHelix"},{"floor":40.0,"key":"Mercury Hourglass"},{"floor":44.0,"key":"Oddly Smooth Stone"},{"floor":46.0,"key":"Tingsha"},{"floor":47.0,"key":"Meat on the Bone"},{"floor":48.0,"key":"Ancient Tea Set"},{"floor":55.0,"key":"Bird Faced Urn"}],"event_choices":[{"damage_healed":0.0,"max_hp_gain":0.0,"max_hp_loss":0.0,"gold_gain":75.0,"event_name":"World of Goop","player_choice":"Gather Gold","floor":2.0,"gold_loss":0.0,"damage_taken":11.0},{"damage_healed":0.0,"max_hp_gain":0.0,"max_hp_loss":0.0,"gold_gain":0.0,"event_name":"Shining Light","player_choice":"Entered Light","floor":3.0,"gold_loss":0.0,"damage_taken":20.0,"cards_upgraded":["Defend_G","Strike_G"]},{"damage_healed":0.0,"max_hp_gain":0.0,"max_hp_loss":0.0,"gold_gain":0.0,"event_name":"Living Wall","player_choice":"Grow","floor":4.0,"gold_loss":0.0,"damage_taken":0.0,"cards_upgraded":["Deadly Poison"]},{"cards_removed":["Strike_G"],"damage_healed":0.0,"max_hp_gain":0.0,"max_hp_loss":0.0,"gold_gain":0.0,"event_name":"Bonfire Elementals","player_choice":"Offered Basic","floor":5.0,"gold_loss":0.0,"damage_taken":0.0},{"damage_healed":0.0,"max_hp_gain":0.0,"max_hp_loss":0.0,"gold_gain":0.0,"event_name":"The Library","player_choice":"Read","floor":19.0,"gold_loss":0.0,"damage_taken":0.0,"cards_obtained":["Dash"]},{"damage_healed":0.0,"max_hp_gain":0.0,"max_hp_loss":0.0,"gold_gain":0.0,"cards_transformed":["Endless Agony","Strike_G"],"event_name":"Drug Dealer","player_choice":"Became Test Subject","floor":20.0,"gold_loss":0.0,"damage_taken":0.0,"cards_obtained":["Noxious Fumes","Predator"]},{"damage_healed":0.0,"max_hp_gain":0.0,"max_hp_loss":33.0,"gold_gain":0.0,"event_name":"Ghosts","player_choice":"Became a Ghost","floor":21.0,"gold_loss":0.0,"damage_taken":0.0,"cards_obtained":["Ghostly","Ghostly","Ghostly"]},{"damage_healed":0.0,"max_hp_gain":0.0,"max_hp_loss":2.0,"gold_gain":0.0,"event_name":"Winding Halls","player_choice":"Max HP","floor":39.0,"gold_loss":0.0,"damage_taken":0.0},{"damage_healed":0.0,"max_hp_gain":0.0,"max_hp_loss":0.0,"gold_gain":0.0,"event_name":"MindBloom","player_choice":"Upgrade","floor":42.0,"gold_loss":0.0,"damage_taken":0.0,"cards_upgraded":["Defend_G","Defend_G","Defend_G","Defend_G","Survivor","Neutralize","Predator","Dash","Dagger Spray","Dash","Predator","Bullet Time","Dash","Predator","Ghostly","PiercingWail","After Image","Blur"],"relics_obtained":["Mark of the Bloom"]}],"is_beta":false,"boss_relics":[{"not_picked":["Busted Crown","Black Star"],"picked":"Snecko Eye"},{"not_picked":["SacredBark","Pandora\u0027s Box"],"picked":"Philosopher\u0027s Stone"}],"items_purged_floors":[30,37,54],"is_endless":false,"potions_floor_spawned":[10,12,13,16,22,23,28,33,35,36,41,46,55],"ascension_level":20}}