{"host":"xkmvu47k9fdstweo","time":1608083860,"event":{"mods":["BaseMod","Colored Map","Conspire","Hubris","Minty Spire (QoL Compilation)","Quick Restart","Railgun Mod","Shop Mod","StSLib","The Alterego","The Wild Card","TheBandit","WarShipGirlsR/??è≠èóR mod","vexMod"],"gold_per_floor":[117,133,147,165,165,165,165],"floor_reached":6,"playtime":305,"items_purged":[],"score":38,"play_id":"1c4c8d2d-97b7-4ee2-b99a-34f9a3798f19","local_time":"20201215205740","is_ascension_mode":false,"campfire_choices":[],"circlet_count":0,"master_deck":["theWildCard:BasicStrike","theWildCard:BasicStrike+1","theWildCard:BasicStrike","theWildCard:BasicStrike","theWildCard:BasicDefend","theWildCard:BasicDefend","theWildCard:BasicDefend+1","theWildCard:BasicDefend","theWildCard:CallToAdventure","theWildCard:Arsene","theWildCard:IdentityTheft","theWildCard:Sakuya","theWildCard:SeveringSlash","theWildCard:Polydeuces"],"relics":["theWildCard:VelvetContract","NeowsBlessing"],"acts_visited":["Exordium"],"potions_floor_usage":[],"damage_taken":[{"damage":0,"enemies":"Cultist","floor":1,"turns":1},{"damage":0,"enemies":"Small Slimes","floor":2,"turns":1},{"damage":0,"enemies":"conspire:RoseBush","floor":3,"turns":1},{"damage":21,"enemies":"Exordium Thugs","floor":4,"turns":7},{"damage":24,"enemies":"Gremlin Nob","floor":6,"turns":4}],"seed_played":"9171293964428984887","potions_obtained":[{"floor":1,"key":"Weak Potion"},{"floor":3,"key":"Explosive Potion"}],"is_trial":false,"path_per_floor":["M","M","M","M","?","E"],"character_chosen":"THE_WILD_CARD","items_purchased":[],"campfire_rested":0,"item_purchase_floors":[],"current_hp_per_floor":[60,60,60,39,27,3,3],"gold":165,"neow_bonus":"THREE_ENEMY_KILL","is_daily":false,"chose_seed":false,"campfire_upgraded":0,"win_rate":0.0,"timestamp":1608083860,"path_taken":["M","?","M","M","?","E"],"items_purchased_type":[],"build_version":"2020-12-13","purchased_purges":0,"victory":false,"max_hp_per_floor":[60,60,60,60,60,60,60],"card_choices":[{"not_picked":["theWildCard:Sakuya","theWildCard:LadyLuck"],"picked":"theWildCard:IdentityTheft","floor":1},{"not_picked":["theWildCard:EnergizedStroke","theWildCard:MaskChange"],"picked":"theWildCard:Sakuya","floor":2},{"not_picked":["theWildCard:EnergyTheft","theWildCard:SacrificialStroke"],"picked":"theWildCard:SeveringSlash","floor":3},{"not_picked":["theWildCard:Proficiency","theWildCard:SeveringSlash"],"picked":"theWildCard:Polydeuces","floor":4}],"player_experience":312580,"relics_obtained":[],"event_choices":[{"damage_healed":0,"gold_gain":0,"player_choice":"Entered Light","damage_taken":12,"max_hp_gain":0,"max_hp_loss":0,"event_name":"Shining Light","floor":5,"gold_loss":0,"cards_upgraded":["theWildCard:BasicStrike","theWildCard:BasicDefend"]}],"is_beta":false,"boss_relics":[],"items_purged_floors":[],"is_endless":false,"potions_floor_spawned":[1,3],"killed_by":"Gremlin Nob","ascension_level":0}}