{"host":"jm9833yuloeli2yd","time":1608091384,"event":{"mods":["AchievementEnabler","BaseMod","Better Altar","Better Match","Better Note","Better Sensory Stone","Better Skull","Better Vampires","Colored Map","Colored Powertips","DeckTracker","Minty Spire (QoL Compilation)","Permanent Neow","Quick Restart","Replay The Spire","StSLib","SuperFastMode"],"gold_per_floor":[211,211,211,224,108,108,134,53,53,78,93,127,127,153,153,230,230,244,244,108,108,126,153,153,181,249,267,302,302,302],"floor_reached":29,"playtime":6578,"items_purged":[],"score":714,"play_id":"03b94d53-b057-45ac-9d1c-56d31fe4f06d","local_time":"20201215230304","is_ascension_mode":true,"campfire_choices":[{"data":"Ball Lightning","floor":6.0,"key":"SMITH"},{"floor":13.0,"key":"REST"},{"data":"Loop","floor":15,"key":"SMITH"},{"floor":24,"key":"REST"}],"circlet_count":1,"master_deck":["AscendersBane","Strike_B","Strike_B","Strike_B","Strike_B","Defend_B","Defend_B","Defend_B","Defend_B","Zap+1","Dualcast","Compile Driver","Coolheaded","Ball Lightning+1","Cold Snap","FTL","Cold Snap","Loop+1","ReplayTheSpireMod:Calculation Training","All For One","Apotheosis","Dark Shackles","ReplayTheSpireMod:System Scan","Steam","Steam","Chill","Barrage+1","Steam"],"relics":["Cracked Core","Akabeko","Matryoshka","Gambling Chip","Circlet","ReplayTheSpireMod:Shallot","Inserter","Mummified Hand","Molten Egg 2","Bronze Scales","Replay:WaspNest","ReplayTheSpireMod:Ninjato"],"acts_visited":["Exordium","TheCity"],"potions_floor_usage":[14,14,23,25],"damage_taken":[{"damage":4.0,"enemies":"Small Slimes","floor":1.0,"turns":3.0},{"damage":12.0,"enemies":"Jaw Worm","floor":4.0,"turns":3.0},{"damage":10.0,"enemies":"3 Sentries","floor":7.0,"turns":5.0},{"damage":28.0,"enemies":"Gremlin Nob","floor":10.0,"turns":4.0},{"damage":0.0,"enemies":"2 Louse","floor":11.0,"turns":2.0},{"damage":15.0,"enemies":"3 Sentries","floor":12.0,"turns":6.0},{"damage":4,"enemies":"Gremlin Nob","floor":14,"turns":3},{"damage":0,"enemies":"Slime Boss","floor":16,"turns":7},{"damage":10,"enemies":"Shell Parasite","floor":18,"turns":5},{"damage":11,"enemies":"2 Thieves","floor":22,"turns":3},{"damage":36,"enemies":"Book of Stabbing","floor":23,"turns":5},{"damage":9,"enemies":"Gremlin Leader","floor":25,"turns":7},{"damage":0,"enemies":"3 Cultists","floor":27,"turns":4},{"damage":21,"enemies":"Replay:Snechameleon","floor":28,"turns":5},{"damage":6,"enemies":"Shelled Parasite and Fungi","floor":29,"turns":1}],"seed_played":"-8254715053003105713","potions_obtained":[{"floor":4.0,"key":"PowerPotion"},{"floor":11.0,"key":"Venom Potion"},{"floor":12.0,"key":"Regen Potion"},{"floor":27,"key":"BlessingOfTheForge"}],"is_trial":false,"path_per_floor":["M","?","?","M","$","R","E","$","T","E","M","E","R","E","R","B",null,"M","?","$","?","M","E","R","E","T","M","E","M"],"character_chosen":"DEFECT","items_purchased":["Ball Lightning","Fire Potion","Regen Potion","SkillPotion","Toxic Potion"],"campfire_rested":2,"item_purchase_floors":[5,5,8,20,20],"current_hp_per_floor":[60,65,65,53,53,53,43,43,43,27,27,12,34,39,39,39,67,57,57,57,57,46,10,32,23,23,23,2,0,0],"gold":302,"neow_bonus":"HUNDRED_GOLD","is_daily":false,"chose_seed":false,"campfire_upgraded":2,"win_rate":0.0,"timestamp":1608091384,"path_taken":["M","?","?","M","$","R","E","$","T","E","M","E","R","E","R","BOSS","M","?","$","?","M","E","R","E","T","M","E","M"],"items_purchased_type":["Card","Potion","Potion","Potion","Potion"],"build_version":"2020-12-13","purchased_purges":0,"victory":false,"max_hp_per_floor":[71,76,76,76,76,76,76,76,76,76,76,76,76,76,76,76,76,76,76,76,76,76,76,76,76,76,76,76,76,76],"card_choices":[{"not_picked":["Redo","Panic Button"],"picked":"Compile Driver","floor":1.0},{"not_picked":["BasicCrystalCard","Heatsinks"],"picked":"Coolheaded","floor":4.0},{"not_picked":["Redo","ReplaySolidLightProjector"],"picked":"Cold Snap","floor":7.0},{"not_picked":["Go for the Eyes","Hologram"],"picked":"FTL","floor":10.0},{"not_picked":["BasicCrystalCard","Gash"],"picked":"Cold Snap","floor":11.0},{"not_picked":["Scrape","Reprogram"],"picked":"Loop","floor":12.0},{"not_picked":["Skim","Scrape"],"picked":"ReplayTheSpireMod:Calculation Training","floor":14},{"not_picked":["Hyperbeam","ReplayTheSpireMod:Omega Cannon"],"picked":"All For One","floor":16},{"not_picked":["Panic Button","Heatsinks","Gash"],"picked":"SKIP","floor":18},{"not_picked":["Panic Button","Heatsinks","Gash"],"picked":"SKIP","floor":18},{"not_picked":["Purity","Mayhem"],"picked":"Apotheosis","floor":19},{"not_picked":["Madness","ReplayTheSpireMod:Uncanny Aura"],"picked":"Dark Shackles","floor":19},{"not_picked":["Stack","Static Discharge"],"picked":"Steam","floor":22},{"not_picked":["BasicCrystalCard","Undo"],"picked":"Steam","floor":23},{"not_picked":["ReplayTheSpireMod:Omega Cannon+1","Beam Cell+1"],"picked":"Chill","floor":25},{"not_picked":["Reprogram+1","Rebound+1"],"picked":"Barrage+1","floor":27},{"not_picked":["Gash+1","Sweeping Beam+1"],"picked":"Steam","floor":28}],"player_experience":1100748,"relics_obtained":[{"floor":7.0,"key":"Akabeko"},{"floor":9.0,"key":"Matryoshka"},{"floor":10.0,"key":"Gambling Chip"},{"floor":12.0,"key":"Dead Branch"},{"floor":14,"key":"ReplayTheSpireMod:Shallot"},{"floor":23,"key":"Mummified Hand"},{"floor":25,"key":"Molten Egg 2"},{"floor":26,"key":"Bronze Scales"},{"floor":26,"key":"Replay:WaspNest"},{"floor":28,"key":"ReplayTheSpireMod:Ninjato"}],"event_choices":[{"damage_healed":0.0,"max_hp_gain":5.0,"max_hp_loss":0.0,"gold_gain":0.0,"event_name":"Big Fish","player_choice":"Donut","floor":2.0,"gold_loss":0.0,"damage_taken":0.0},{"damage_healed":0.0,"max_hp_gain":0.0,"max_hp_loss":0.0,"gold_gain":0.0,"event_name":"Living Wall","player_choice":"Grow","floor":3.0,"gold_loss":0.0,"damage_taken":0.0,"cards_upgraded":["Zap"]},{"damage_healed":0,"gold_gain":2,"player_choice":"1","damage_taken":0,"max_hp_gain":0,"max_hp_loss":0,"event_name":"betterStone:BetterStone","floor":19,"gold_loss":0},{"damage_healed":0,"gold_gain":0,"player_choice":"Read","damage_taken":0,"max_hp_gain":0,"max_hp_loss":0,"event_name":"The Library","floor":21,"gold_loss":0,"cards_obtained":["ReplayTheSpireMod:System Scan"]}],"is_beta":false,"boss_relics":[{"not_picked":["ChewingGum","Snecko Eye"],"picked":"Inserter"}],"items_purged_floors":[],"is_endless":false,"potions_floor_spawned":[4,11,12,22,27],"killed_by":"Shelled Parasite and Fungi","ascension_level":20}}