{"host":"jx3f6ezc0g3s9edc","time":1608084098,"event":{"mods":["AchievementEnabler","BaseMod","Bestiary","Colored Map","Highlight Path","Minty Spire (QoL Compilation)","StSLib"],"gold_per_floor":[113,36,51,51,1,1,32,32,108,127,142,142,142,170,182,295,307,332,344,247,247,68,68,97,97,97,97,110,123,123,123],"floor_reached":30,"playtime":1639,"items_purged":["Strike_R","Decay"],"score":381,"play_id":"eec1072a-6a88-4686-a246-8c690921310f","local_time":"20201215210138","is_ascension_mode":true,"campfire_choices":[{"data":"Bash","floor":6,"key":"SMITH"},{"data":"True Grit","floor":12,"key":"SMITH"},{"data":"Limit Break","floor":15,"key":"SMITH"},{"data":"Body Slam","floor":23,"key":"SMITH"},{"data":"Ghostly Armor","floor":25,"key":"SMITH"}],"circlet_count":0,"master_deck":["AscendersBane","Strike_R","Strike_R","Strike_R","Defend_R","Defend_R","Defend_R","Defend_R","Bash+1","Body Slam+1","Evolve","Headbutt","True Grit+1","Limit Break+1","Ghostly Armor+1","Spot Weakness","Offering","Thunderclap+1","Pummel","Reaper","Whirlwind"],"relics":["Burning Blood","Ginger","StrikeDummy","Eternal Feather","MawBank","Coffee Dripper","Happy Flower","Gremlin Horn","Regal Pillow"],"acts_visited":["Exordium","TheCity"],"potions_floor_usage":[16,30,30],"damage_taken":[{"damage":1,"enemies":"Cultist","floor":1,"turns":4},{"damage":1,"enemies":"2 Louse","floor":3,"turns":4},{"damage":32,"enemies":"Gremlin Nob","floor":7,"turns":4},{"damage":13,"enemies":"Small Slimes","floor":10,"turns":4},{"damage":14,"enemies":"Looter","floor":11,"turns":4},{"damage":8,"enemies":"Large Slime","floor":14,"turns":6},{"damage":40,"enemies":"Hexaghost","floor":16,"turns":9},{"damage":19,"enemies":"Shell Parasite","floor":18,"turns":4},{"damage":75,"enemies":"Gremlin Leader","floor":24,"turns":6},{"damage":18,"enemies":"3 Byrds","floor":28,"turns":5},{"damage":48,"enemies":"Snake Plant","floor":29,"turns":5},{"damage":14,"enemies":"Book of Stabbing","floor":30,"turns":2}],"seed_played":"-6850724423103009573","potions_obtained":[{"floor":1,"key":"SpeedPotion"},{"floor":14,"key":"PowerPotion"},{"floor":16,"key":"Strength Potion"},{"floor":28,"key":"Weak Potion"}],"is_trial":false,"path_per_floor":["M","$","M","?","?","R","E","T","T","M","M","R","?","M","R","B",null,"M","?","$","?","$","R","E","R","T","T","M","M","E"],"character_chosen":"IRONCLAD","items_purchased":["Evolve","Pummel","Reaper"],"campfire_rested":0,"item_purchase_floors":[2,20,22],"current_hp_per_floor":[85,85,88,88,88,88,62,62,62,55,47,56,56,54,63,29,73,60,60,60,60,60,72,50,62,62,62,50,14,0,0],"gold":123,"neow_bonus":"TEN_PERCENT_HP_BONUS","is_daily":false,"chose_seed":false,"campfire_upgraded":5,"win_rate":0.0,"timestamp":1608084098,"path_taken":["M","?","M","?","?","R","E","?","T","M","M","R","?","?","R","BOSS","M","?","$","?","?","R","E","R","T","?","?","M","E"],"items_purchased_type":["Card","Card","Card"],"build_version":"2020-12-13","purchased_purges":2,"victory":false,"max_hp_per_floor":[88,88,88,88,88,88,88,88,88,88,88,88,88,88,88,88,88,88,88,88,88,88,88,88,88,88,88,88,88,88,88],"card_choices":[{"not_picked":["Blood for Blood","Entrench"],"picked":"Body Slam","floor":1},{"not_picked":["Blood for Blood","Combust"],"picked":"Headbutt","floor":3},{"not_picked":["Sword Boomerang","Dual Wield"],"picked":"True Grit","floor":7},{"not_picked":["True Grit","Anger"],"picked":"Limit Break","floor":10},{"not_picked":["Evolve","Pommel Strike"],"picked":"Ghostly Armor","floor":11},{"not_picked":["Perfected Strike","Body Slam"],"picked":"Spot Weakness","floor":14},{"not_picked":["Impervious","Berserk"],"picked":"Offering","floor":16},{"not_picked":["Rampage+1","Fire Breathing"],"picked":"Thunderclap+1","floor":18},{"not_picked":["Thunderclap","Rupture","Uppercut+1"],"picked":"SKIP","floor":24},{"not_picked":["Perfected Strike","Searing Blow","Spot Weakness"],"picked":"SKIP","floor":28},{"not_picked":["Twin Strike+1","Clash"],"picked":"Whirlwind","floor":29}],"player_experience":679570,"relics_obtained":[{"floor":7,"key":"Ginger"},{"floor":8,"key":"StrikeDummy"},{"floor":9,"key":"Eternal Feather"},{"floor":24,"key":"Happy Flower"},{"floor":26,"key":"Gremlin Horn"},{"floor":27,"key":"Regal Pillow"}],"event_choices":[{"damage_healed":0,"gold_gain":0,"player_choice":"Ignored","damage_taken":0,"max_hp_gain":0,"max_hp_loss":0,"event_name":"Liars Game","floor":4,"gold_loss":0},{"cards_removed":["Strike_R"],"damage_healed":0,"gold_gain":0,"player_choice":"Card Removal","damage_taken":0,"max_hp_gain":0,"max_hp_loss":0,"event_name":"The Cleric","floor":5,"gold_loss":50},{"damage_healed":0,"gold_gain":0,"player_choice":"Gave Potion","damage_taken":0,"relics_obtained":["MawBank"],"max_hp_gain":0,"max_hp_loss":0,"event_name":"WeMeetAgain","floor":13,"gold_loss":0},{"damage_healed":0,"gold_gain":0,"player_choice":"Ignored","damage_taken":0,"max_hp_gain":0,"max_hp_loss":0,"event_name":"Vampires","floor":19,"gold_loss":0},{"damage_healed":0,"gold_gain":0,"player_choice":"Smashed Altar","damage_taken":0,"max_hp_gain":0,"max_hp_loss":0,"event_name":"Forgotten Altar","floor":21,"gold_loss":0,"cards_obtained":["Decay"]}],"is_beta":false,"boss_relics":[{"not_picked":["Empty Cage","Philosopher\u0027s Stone"],"picked":"Coffee Dripper"}],"items_purged_floors":[20,22],"is_endless":false,"potions_floor_spawned":[1,14,16,28],"killed_by":"Book of Stabbing","ascension_level":11}}