{"host":"c9m2z2wmcavfgdp8","time":1608089368,"event":{"mods":["2.2 Compatiblity","Act Like it!","Aspiration","BaseMod","Better Third Choice","Conspire","Downfall","Ekko","Elementarium","Energized Spire","Friendly Minions","GifTheSpireLib","Hallownest","Hermit","Hubris","Infinite Spire","Jorbs\u0027s Wanderer Trilogy","Koishi","Luminous","Marisa????????","Menagerie","Minty Spire (QoL Compilation)","Pale of the Ancients","Permanent Neow","Potionbrewer","Prisma Mod","READ ME - Guardian Mod","Remilia??????","Replay The Spire","SCP261 Mod","Shop Mod","StSLib","The Animator","The Blackbeard","The Bug Knight","The Cursed","The Death Knight","The Disciple","The Exalted","The Hierophant","The Necromancer","The Servant 0.9.4","TheBandit","TheFirefly"],"gold_per_floor":[174,174,174,186,203,128,155,181,195,226,226,253,276,42,67,180,180,105,105,133,133,165,199,248,288,317,358,396,425,425,473,505,624,624,624,700,700,763,763,781,781,815,740,801,841,841,891,922,952,958],"floor_reached":51,"playtime":5280,"items_purged":["Delirium"],"score":868,"play_id":"ac5af812-44c6-44d1-83be-a682c69d08d3","local_time":"20201216042928","is_ascension_mode":false,"campfire_choices":[{"floor":3.0,"key":"RECALL"},{"floor":6.0,"key":"REST"},{"floor":18.0,"key":"DIG"},{"floor":35.0,"key":"REST"},{"floor":43.0,"key":"REST"}],"circlet_count":0,"master_deck":["sneckomod:Strike","sneckomod:Strike","sneckomod:Strike+1","sneckomod:Defend","sneckomod:Defend","sneckomod:Defend","sneckomod:TailWhip","sneckomod:SnekBite+1","sneckomod:Unknown","sneckomod:Unknown","sneckomod:WideSting","sneckomod:DiceCrush","sneckomod:Nope","sneckomod:UnknownClassDEATH_KNIGHT_COLOR","sneckomod:UnlimitedRolls","sneckomod:SnakeSap","sneckomod:UnknownClassFIREFLY_COLOR","sneckomod:SoulCleanse","ReplayTheSpireMod:Brewmster","sneckomod:UnknownUncommonPower","sneckomod:UnknownUncommonAttack","sneckomod:Mudshield","sneckomod:Unknown1Cost","infinitespire:DeathsTouch","sneckomod:UnknownBlock+1","sneckomod:RainOfDice","sneckomod:UnknownClassSLIMEBOUND","sneckomod:Unknown3Cost","sneckomod:UnknownClassPALE_SHOWMAN_PURPLE_COLOR","sneckomod:DiceCrush","Guardian:Clone","Writhe","sneckomod:SnakeSap","sneckomod:RainOfDice+1","sneckomod:UnknownRarePower","sneckomod:UnknownClassFIREFLY_COLOR","sneckomod:UnknownUncommonPower+1","hexamod:FifthSeal","sneckomod:UnknownClassTHE_ANIMATOR+1","hexamod:FirstSeal","sneckomod:ImprovisedGuard+1","sneckomod:UnknownUncommonPower","Guardian:SpikerProtocol","hexamod:SecondSeal","sneckomod:UnknownClassCHRONO_GOLD","Parasite","sneckomod:UnknownClassBLACKBEARD_BLACK"],"relics":["Fusion Hammer","downfall:HeartBlessingRed","Guardian:PocketSentry","infinitespire:Golems Mask","Replay:Bandana","Replay:Baseball","Bromod:ArcaneEnergize","downfall:HeartBlessingGreen","Sundial","Toolbox","energizedSpire:NeverEndingSparkler","sneckomod:LoadedDie","ReplayTheSpireMod:Shallot","hubris:DisguiseKit","Question Card","potionbrewer:BhaskarasWheel","DeathKnight:SindragosasSkull","Gremlin Food","ReplayTheSpireMod:Ring of Exchange","downfall:HeartBlessingBlue","hubris:MobiusCoin","infinitespire:Bottled Soul","Bottled Tornado"],"acts_visited":["Exordium","TheCity","TheBeyond"],"potions_floor_usage":[44,45,45,45,45,48,48,48,49,49,49,50,50,50,50,50,50],"damage_taken":[{"damage":0.0,"enemies":"Jaw Worm","floor":4.0,"turns":2.0},{"damage":0.0,"enemies":"Cultist","floor":5.0,"turns":3.0},{"damage":13.0,"enemies":"3 Sentries","floor":8.0,"turns":6.0},{"damage":2.0,"enemies":"Small Slimes","floor":9.0,"turns":3.0},{"damage":13.0,"enemies":"Lagavulin","floor":10.0,"turns":4.0},{"damage":3.0,"enemies":"3 Louse","floor":12.0,"turns":2.0},{"damage":0.0,"enemies":"Exordium Thugs","floor":13.0,"turns":3.0},{"damage":5.0,"enemies":"downfall:FleeingMerchant","floor":14.0,"turns":4.0},{"damage":11.0,"enemies":"Exordium Wildlife","floor":15.0,"turns":4.0},{"damage":18.0,"enemies":"downfall:Ironclad","floor":16.0,"turns":6.0},{"damage":10.0,"enemies":"Chosen","floor":20.0,"turns":5.0},{"damage":0.0,"enemies":"Spheric Guardian","floor":22.0,"turns":1.0},{"damage":6.0,"enemies":"Cultist and Chosen","floor":23.0,"turns":4.0},{"damage":0.0,"enemies":"conspire:Head Lice","floor":25.0,"turns":7.0},{"damage":0.0,"enemies":"Snake Plant","floor":26.0,"turns":4.0},{"damage":0.0,"enemies":"Slavers","floor":27.0,"turns":3.0},{"damage":8.0,"enemies":"Sentry and Sphere","floor":28.0,"turns":3.0},{"damage":4.0,"enemies":"Centurion and Healer","floor":29.0,"turns":3.0},{"damage":32.0,"enemies":"Shelled Parasite and Fungi","floor":31.0,"turns":4.0},{"damage":5.0,"enemies":"Sentry and Sphere","floor":32.0,"turns":4.0},{"damage":17.0,"enemies":"downfall:Watcher","floor":33.0,"turns":6.0},{"damage":14.0,"enemies":"R_Hoarder","floor":36.0,"turns":5.0},{"damage":24.0,"enemies":"Reptomancer","floor":38.0,"turns":5.0},{"damage":52.0,"enemies":"3 Darklings","floor":40.0,"turns":5.0},{"damage":8.0,"enemies":"Orb Walker","floor":42.0,"turns":3.0},{"damage":8,"enemies":"Nemesis","floor":44,"turns":5},{"damage":18,"enemies":"Sphere and 2 Shapes","floor":45,"turns":4},{"damage":17,"enemies":"Transient","floor":48,"turns":5},{"damage":8,"enemies":"Writhing Mass","floor":49,"turns":4},{"damage":18,"enemies":"downfall:Defect","floor":50,"turns":6}],"seed_played":"-7618177181658419089","potions_obtained":[{"floor":4.0,"key":"sneckomod:DiceRollPotion"},{"floor":12.0,"key":"Explosive Potion"},{"floor":13.0,"key":"Languid Potion"},{"floor":15.0,"key":"SCP261:ThunderBarPotion"},{"floor":19.0,"key":"CultistPotion"},{"floor":19.0,"key":"potionbrewer:EndurancePotion"},{"floor":19.0,"key":"potionbrewer:BoundlessPotion"},{"floor":23.0,"key":"LifebloodPotion"},{"floor":26.0,"key":"DistilledChaos"},{"floor":32.0,"key":"Energy Potion"},{"floor":38.0,"key":"Reflective Coating"},{"floor":42.0,"key":"EntropicBrew"},{"floor":44,"key":"SCP261:GirlTearsPotion"},{"floor":48,"key":"infinitespire:BlackPotion"}],"is_trial":false,"path_per_floor":["R","?","R","M","M","R","T","E","M","E","T","M","M","$","M","B",null,"R","?","M","AVR","M","M","T","E","M","E","M","M","?","M","M","B",null,"R","E","?","E","?","M","T","M","R","E","M","T","AVR","M","M","B",null],"character_chosen":"THE_SNECKO","items_purchased":["ReplayTheSpireMod:Brewmster","sneckomod:UnknownUncommonPower"],"campfire_rested":3,"item_purchase_floors":[14,14],"current_hp_per_floor":[90,90,90,90,90,90,90,77,79,66,66,63,63,58,47,29,90,90,90,84,84,84,82,82,82,82,82,74,74,74,42,37,20,90,90,77,86,62,62,18,18,10,50,42,34,34,34,27,19,8],"gold":958,"neow_bonus":"BOSS_RELIC","is_daily":false,"chose_seed":false,"campfire_upgraded":0,"win_rate":0.0,"timestamp":1608089368,"path_taken":["R","?","R","M","?","R","T","E","M","E","?","M","M","?","M","BOSS","R","?","?","AVR","M","M","T","E","M","E","M","M","?","M","M","BOSS","R","E","?","E","?","M","T","?","R","E","M","?","AVR","M","M","BOSS"],"items_purchased_type":["Card","Card"],"build_version":"2020-12-13","purchased_purges":1,"victory":true,"max_hp_per_floor":[90,90,90,90,90,90,90,90,90,90,90,90,90,90,90,90,90,90,90,90,90,90,90,90,90,90,90,90,90,90,90,90,90,90,90,90,90,90,90,90,90,90,100,100,103,103,103,103,103,103],"card_choices":[{"not_picked":["sneckomod:QuickMove","sneckomod:UnknownCommonAttack"],"picked":"sneckomod:WideSting","floor":4.0},{"not_picked":["sneckomod:UnknownVulnerable","sneckomod:SoulDraw"],"picked":"sneckomod:DiceCrush","floor":5.0},{"not_picked":["sneckomod:Restock","sneckomod:UnknownWeak"],"picked":"sneckomod:Nope","floor":8.0},{"not_picked":["sneckomod:UnknownStrike","sneckomod:RainOfDice"],"picked":"sneckomod:UnknownClassDEATH_KNIGHT_COLOR","floor":9.0},{"not_picked":["sneckomod:UnknownCommonSkill","sneckomod:UnknownClassSILVER"],"picked":"sneckomod:UnlimitedRolls","floor":10.0},{"not_picked":["sneckomod:UnknownCommonSkill","sneckomod:UnknownStrike"],"picked":"sneckomod:SnakeSap","floor":12.0},{"not_picked":["sneckomod:UnknownClassDEATH_KNIGHT_COLOR","sneckomod:DiceBlock"],"picked":"sneckomod:UnknownClassFIREFLY_COLOR","floor":13.0},{"not_picked":["sneckomod:MasterEye","sneckomod:WideSting"],"picked":"sneckomod:SoulCleanse","floor":14.0},{"not_picked":["sneckomod:UnknownCommonAttack","sneckomod:SlitherStrike"],"picked":"sneckomod:UnknownUncommonAttack","floor":15.0},{"not_picked":["sneckomod:MorePower","sneckomod:SoulExchange"],"picked":"sneckomod:Mudshield","floor":16.0},{"not_picked":["sneckomod:UnknownVulnerable","sneckomod:UnknownCommonAttack"],"picked":"sneckomod:Unknown1Cost","floor":20.0},{"not_picked":["sneckomod:DiceBlock","sneckomod:UnknownVulnerable"],"picked":"sneckomod:UnknownBlock+1","floor":22.0},{"not_picked":["sneckomod:UnknownBlock","sneckomod:UnknownStrike"],"picked":"sneckomod:RainOfDice","floor":23.0},{"not_picked":["sneckomod:UnknownClassLight","sneckomod:UnknownClassDEFAULT_GRAY_COLOR+1"],"picked":"sneckomod:UnknownClassSLIMEBOUND","floor":25.0},{"not_picked":["sneckomod:UnknownClassInstall+1","sneckomod:SlitherStrike"],"picked":"sneckomod:Unknown3Cost","floor":26.0},{"not_picked":["sneckomod:Unknown1Cost","sneckomod:WideSting"],"picked":"sneckomod:UnknownClassPALE_SHOWMAN_PURPLE_COLOR","floor":27.0},{"not_picked":["sneckomod:Unknown1Cost+1","sneckomod:ImprovisedGuard","Guardian:Gem_Yellow"],"picked":"sneckomod:DiceCrush","floor":28.0},{"not_picked":["sneckomod:DiceCrush+1","sneckomod:SoulRoll","sneckomod:UnknownClassMIYU_BLUE"],"picked":"Guardian:Clone","floor":29.0},{"not_picked":["sneckomod:UnknownCommonSkill+1","sneckomod:DiceBlock","sneckomod:UnknownClassPURPLE+1","Guardian:TimeCapacitor"],"picked":"sneckomod:SnakeSap","floor":31.0},{"not_picked":["sneckomod:UnknownClassWANDERER_GRAY_COLOR+1","sneckomod:WideSting","sneckomod:QuickMove","Guardian:ShieldCharger"],"picked":"sneckomod:RainOfDice+1","floor":32.0},{"not_picked":["sneckomod:UnlimitedRolls","sneckomod:SerpentMind","sneckomod:UnknownRareSkill","Guardian:BaubleBeam"],"picked":"sneckomod:UnknownRarePower","floor":33.0},{"not_picked":["sneckomod:UnknownBlock+1","sneckomod:UnknownWeak+1","sneckomod:UnknownCommonAttack","Guardian:Reroute"],"picked":"sneckomod:UnknownClassFIREFLY_COLOR","floor":36.0},{"not_picked":["sneckomod:WideSting+1","sneckomod:UnknownClassPALE_SHOWMAN_PURPLE_COLOR+1","sneckomod:UnknownClassSLIMEBOUND","Guardian:Gem_Green"],"picked":"sneckomod:UnknownUncommonPower+1","floor":38.0},{"not_picked":["hexamod:FirstSeal","hexamod:ThirdSeal","hexamod:FourthSeal","hexamod:SecondSeal"],"picked":"hexamod:FifthSeal","floor":40.0},{"not_picked":["sneckomod:QuickMove+1","sneckomod:UnknownCommonSkill","sneckomod:QuickBite+1","Guardian:ChargeCore"],"picked":"sneckomod:UnknownClassTHE_ANIMATOR+1","floor":40.0},{"not_picked":["hexamod:FifthSeal","hexamod:SecondSeal","hexamod:FourthSeal","hexamod:ThirdSeal"],"picked":"hexamod:FirstSeal","floor":42.0},{"not_picked":["sneckomod:MasterEye+1","sneckomod:Unknown1Cost","sneckomod:QuickMove","Guardian:GuardianWhirl"],"picked":"sneckomod:ImprovisedGuard+1","floor":42.0},{"not_picked":["sneckomod:UnknownClassBLACKBEARD_BLACK","sneckomod:Mudshield","sneckomod:UnknownClassWANDERER_GRAY_COLOR","Guardian:Harden"],"picked":"sneckomod:UnknownUncommonPower","floor":44},{"not_picked":["sneckomod:Nope+1","sneckomod:UnknownVulnerable","sneckomod:SoulRoll+1","sneckomod:DiceBoulder"],"picked":"Guardian:SpikerProtocol","floor":45},{"not_picked":["hexamod:FourthSeal","hexamod:FirstSeal","hexamod:ThirdSeal","hexamod:FifthSeal"],"picked":"hexamod:SecondSeal","floor":48},{"not_picked":["sneckomod:DiceCrush+1","sneckomod:SoulDraw+1","sneckomod:UnknownWeak+1","Guardian:TemporalShield"],"picked":"sneckomod:UnknownClassCHRONO_GOLD","floor":48},{"not_picked":["sneckomod:UnknownWeak+1","sneckomod:DangerNoodle","sneckomod:SlitherStrike","Guardian:CrystalBeam"],"picked":"sneckomod:UnknownClassBLACKBEARD_BLACK","floor":49}],"player_experience":1626825,"relics_obtained":[{"floor":7.0,"key":"Guardian:PocketSentry"},{"floor":8.0,"key":"infinitespire:Golems Mask"},{"floor":10.0,"key":"Replay:Bandana"},{"floor":11.0,"key":"Replay:Baseball"},{"floor":18.0,"key":"Sundial"},{"floor":24.0,"key":"sneckomod:LoadedDie"},{"floor":25.0,"key":"ReplayTheSpireMod:Shallot"},{"floor":27.0,"key":"hubris:DisguiseKit"},{"floor":36.0,"key":"DeathKnight:SindragosasSkull"},{"floor":38.0,"key":"Gremlin Food"},{"floor":39.0,"key":"ReplayTheSpireMod:Ring of Exchange"},{"floor":44,"key":"hubris:MobiusCoin"},{"floor":46,"key":"infinitespire:Bottled Soul"}],"event_choices":[{"damage_healed":0.0,"max_hp_gain":0.0,"max_hp_loss":0.0,"gold_gain":0.0,"event_name":"Upgrade Shrine","player_choice":"Upgraded","floor":2.0,"gold_loss":0.0,"damage_taken":0.0,"cards_upgraded":["sneckomod:SnekBite"]},{"damage_healed":0.0,"max_hp_gain":0.0,"max_hp_loss":0.0,"gold_gain":0.0,"event_name":"Lab","player_choice":"Got Potions","floor":19.0,"gold_loss":0.0,"damage_taken":0.0}],"is_beta":false,"boss_relics":[{"not_picked":["conspire:SlowCooker","Sozu"],"picked":"Bromod:ArcaneEnergize"},{"not_picked":["aspiration:ServantSkillbook","hubris:HollowSoul"],"picked":"potionbrewer:BhaskarasWheel"}],"items_purged_floors":[47],"is_endless":false,"potions_floor_spawned":[4,12,13,15,20,23,26,32,38,42,44,48,49],"ascension_level":0}}