{"host":"a7kkotolxcg5vljr","time":1608136402,"event":{"mods":["2.2 Compatiblity","AchievementEnabler","Act Like it!","BaseMod","Better Altar","Better Skull","Better Third Choice","Colored Map","Colored Powertips","Downfall","Hermit","Highlight Path","Marisa????????","Minty Spire (QoL Compilation)","Quick Restart","Rare Cards Sparkle","Replay The Spire","Spicy Shops","StSLib","The Cursed","The Disciple","The Servant 0.9.4"],"gold_per_floor":[110,110,110,122,136,136,167,182,182,182,199,213,282,282,282,381,381,395,86,14,214,214,229,242,254,322,322,322,338,338,338,350,384,384,488,488,507,507,561,575,575,609,609,609,683,683,683,683,683],"floor_reached":48,"playtime":2182,"items_purged":["SwitchConfidence"],"score":703,"play_id":"a6d88bce-7474-4053-9079-87c395b62bd5","local_time":"20201216113322","is_ascension_mode":false,"campfire_choices":[{"floor":6,"key":"RECALL"},{"data":"Perfected Strike","floor":15,"key":"SMITH"},{"data":"Seeing Red","floor":34,"key":"SMITH"},{"data":"Flex","floor":43,"key":"SMITH"}],"circlet_count":0,"master_deck":["Strike_R+1","Strike_R+1","Strike_R","Strike_R","Strike_R","Defend_R","Defend_R","Defend_R","Bash","Shrug It Off","Perfected Strike+1","Iron Wave","Spot Weakness+1","Iron Wave","Shrug It Off","Spot Weakness","Thunderclap","Feed+1","Rampage+1","Seeing Red+1","Cleave","Reaper","Bash","Shrug It Off","Evolve+1","Armaments","Juggernaut","ReplayTheSpireMod:Limb From Limb","Sword Boomerang+1","Ghostly Armor+1","Flex+1"],"relics":["Burning Blood","NeowsBlessing","Juzu Bracelet","Whetstone","Garlic","Blood Vial","ChewingGum","Incense Burner","Gremlin Food","Medical Kit","ReplayTheSpireMod:CursedCoin","Guide Book","Replay:Bottled Steam","Coffee Dripper","Replay:Ringing Soul","Ice Cream","Dream Catcher","Divine Protection"],"acts_visited":["Exordium","TheCity","TheBeyond"],"potions_floor_usage":[16,16,25,32,33,35,39,41,42,48,48],"damage_taken":[{"damage":0,"enemies":"2 Louse","floor":1,"turns":1},{"damage":0,"enemies":"Cultist","floor":4,"turns":1},{"damage":0,"enemies":"Jaw Worm","floor":5,"turns":1},{"damage":36,"enemies":"Gremlin Nob","floor":7,"turns":5},{"damage":14,"enemies":"Blue Slaver","floor":8,"turns":3},{"damage":7,"enemies":"Red Slaver","floor":11,"turns":4},{"damage":8,"enemies":"Looter","floor":12,"turns":3},{"damage":16,"enemies":"Slime Boss","floor":16,"turns":9},{"damage":13,"enemies":"Spheric Guardian","floor":18,"turns":5},{"damage":11,"enemies":"2 Thieves","floor":23,"turns":4},{"damage":20,"enemies":"3 Cultists","floor":24,"turns":5},{"damage":10,"enemies":"Snake Plant","floor":25,"turns":3},{"damage":24,"enemies":"Centurion and Healer","floor":29,"turns":6},{"damage":11,"enemies":"Cultist and Chosen","floor":32,"turns":5},{"damage":11,"enemies":"Gremlin Leader","floor":33,"turns":8},{"damage":13,"enemies":"Pondfish","floor":35,"turns":11},{"damage":32,"enemies":"3 Shapes","floor":37,"turns":4},{"damage":25,"enemies":"2 Orb Walkers","floor":39,"turns":4},{"damage":7,"enemies":"Orb Walker","floor":40,"turns":2},{"damage":51,"enemies":"Reptomancer","floor":42,"turns":7},{"damage":102,"enemies":"Orin","floor":48,"turns":9}],"seed_played":"7315580296562009162","potions_obtained":[{"floor":5,"key":"Swift Potion"},{"floor":7,"key":"Block Potion"},{"floor":8,"key":"SkillPotion"},{"floor":16,"key":"SpeedPotion"},{"floor":18,"key":"DuplicationPotion"},{"floor":29,"key":"LiquidMemories"},{"floor":32,"key":"Languid Potion"},{"floor":33,"key":"Reflective Coating"},{"floor":35,"key":"SteroidPotion"},{"floor":39,"key":"ColorlessPotion"},{"floor":41,"key":"Fruit Juice"},{"floor":41,"key":"Guardian:BlockOnCardUsePotion"},{"floor":42,"key":"Dexterity Potion"}],"is_trial":false,"path_per_floor":["M","?","?","M","M","R","E","M","T","?","M","M","?","?","R","B",null,"M","$","$","?","?","M","M","M","T","?","?","M","PTL","PTL","M","E","R","B",null,"M","T","?","M","?","E","R","?","T","?","?","?"],"character_chosen":"IRONCLAD","items_purchased":["Incense Burner","Gremlin Food","Medical Kit","ReplayTheSpireMod:CursedCoin","Guide Book"],"campfire_rested":0,"item_purchase_floors":[19,19,19,20,20],"current_hp_per_floor":[80,80,80,80,80,80,50,42,42,42,41,39,39,80,80,70,80,76,76,76,76,76,77,69,67,67,67,67,57,57,57,54,77,77,84,91,77,77,63,67,72,54,54,54,54,99,99,0,0],"gold":683,"neow_bonus":"THREE_ENEMY_KILL","is_daily":false,"chose_seed":false,"campfire_upgraded":3,"win_rate":0.0,"timestamp":1608136402,"path_taken":["M","?","?","?","M","R","E","M","T","?","M","M","?","?","R","BOSS","M","?","$","?","?","M","M","M","T","?","?","M","PTL","PTL","M","E","R","BOSS","M","?","?","M","?","E","R","?","T","?","?","?"],"items_purchased_type":["Relic","Relic","Relic","Relic","Relic"],"build_version":"2020-12-13","purchased_purges":1,"victory":false,"max_hp_per_floor":[80,80,80,80,80,80,80,80,80,80,80,80,80,80,80,80,80,83,83,83,83,83,87,91,91,91,91,91,91,91,91,91,91,91,91,91,95,95,98,101,106,113,113,113,113,99,99,99,99],"card_choices":[{"not_picked":["Clothesline","Replay:Undeath\u0027s Touch"],"picked":"Shrug It Off","floor":1},{"not_picked":["Clash","Pommel Strike"],"picked":"Perfected Strike","floor":4},{"not_picked":["ReplayTheSpireMod:Muscle Training","Burning Pact"],"picked":"Iron Wave","floor":5},{"not_picked":["Clothesline","Run Through"],"picked":"Spot Weakness","floor":7},{"not_picked":["Disarm","Combust"],"picked":"Thunderclap","floor":8},{"not_picked":["Havoc","Dark Embrace"],"picked":"Iron Wave","floor":11},{"not_picked":["Cleave","Clash"],"picked":"Shrug It Off","floor":12},{"not_picked":["Massacre","Abandon"],"picked":"Spot Weakness","floor":13},{"not_picked":["Flame Barrier","Abandon"],"picked":"Thunderclap","floor":13},{"not_picked":["Immolate","Exhume"],"picked":"Feed","floor":16},{"not_picked":["Cleave+1","Warcry"],"picked":"Rampage+1","floor":18},{"not_picked":["Rampage","Pommel Strike"],"picked":"Seeing Red","floor":23},{"not_picked":["Anger","Flex"],"picked":"Cleave","floor":24},{"not_picked":["Rampage+1","Sword Boomerang+1"],"picked":"Reaper","floor":25},{"not_picked":["Warcry","Searing Blow"],"picked":"Shrug It Off","floor":29},{"not_picked":["Blood for Blood","Headbutt"],"picked":"Evolve+1","floor":32},{"not_picked":["Headbutt","Blood for Blood"],"picked":"Armaments","floor":33},{"not_picked":["Feed","Fiend Fire"],"picked":"Juggernaut","floor":35},{"not_picked":["Rampage+1","Body Slam+1"],"picked":"ReplayTheSpireMod:Limb From Limb","floor":37},{"not_picked":["Cleave+1","Clothesline"],"picked":"Sword Boomerang+1","floor":39},{"not_picked":["Clothesline+1","Sever Soul+1"],"picked":"Ghostly Armor+1","floor":40},{"not_picked":["Demonic Infusion","Rupture"],"picked":"Flex","floor":42}],"player_experience":320485,"relics_obtained":[{"floor":7,"key":"Juzu Bracelet"},{"floor":9,"key":"Whetstone"},{"floor":13,"key":"Blood Vial"},{"floor":33,"key":"Replay:Bottled Steam"},{"floor":38,"key":"Replay:Ringing Soul"},{"floor":39,"key":"Ice Cream"},{"floor":42,"key":"Dream Catcher"},{"floor":45,"key":"Divine Protection"}],"event_choices":[{"damage_healed":0,"gold_gain":0,"player_choice":"Leave","damage_taken":0,"max_hp_gain":0,"max_hp_loss":0,"event_name":"The Cleric","floor":2,"gold_loss":0},{"damage_healed":0,"gold_gain":0,"player_choice":"Ignored","damage_taken":0,"max_hp_gain":0,"max_hp_loss":0,"event_name":"Purifier","floor":3,"gold_loss":0},{"cards_removed":["Thunderclap"],"damage_healed":0,"gold_gain":0,"player_choice":"Gave Card","damage_taken":0,"relics_obtained":["Garlic"],"max_hp_gain":0,"max_hp_loss":0,"event_name":"WeMeetAgain","floor":10,"gold_loss":0},{"damage_healed":41,"gold_gain":0,"player_choice":"Full Heal","damage_taken":0,"max_hp_gain":0,"max_hp_loss":0,"event_name":"Wheel of Change","floor":14,"gold_loss":0},{"damage_healed":0,"gold_gain":200,"player_choice":"Gold","damage_taken":0,"max_hp_gain":0,"max_hp_loss":0,"event_name":"Wheel of Change","floor":21,"gold_loss":0},{"damage_healed":0,"gold_gain":0,"player_choice":"Ignored","damage_taken":0,"max_hp_gain":0,"max_hp_loss":0,"event_name":"Ghosts","floor":27,"gold_loss":0},{"damage_healed":0,"gold_gain":0,"player_choice":"1 cards matched","damage_taken":0,"max_hp_gain":0,"max_hp_loss":0,"event_name":"Match and Keep!","floor":28,"gold_loss":0,"cards_obtained":["Bash"]},{"damage_healed":0,"gold_gain":0,"player_choice":"Fight","damage_taken":0,"max_hp_gain":0,"max_hp_loss":0,"event_name":"Mysterious Sphere","floor":39,"gold_loss":0},{"damage_healed":0,"gold_gain":0,"player_choice":"Got Potions","damage_taken":0,"max_hp_gain":0,"max_hp_loss":0,"event_name":"Lab","floor":41,"gold_loss":0},{"cards_removed":["Defend_R"],"damage_healed":0,"gold_gain":0,"player_choice":"Removed Skill","damage_taken":0,"max_hp_gain":0,"max_hp_loss":0,"event_name":"Falling","floor":44,"gold_loss":0},{"damage_healed":99,"gold_gain":0,"player_choice":"Heal","damage_taken":0,"max_hp_gain":0,"max_hp_loss":14,"event_name":"The Moai Head","floor":46,"gold_loss":0},{"damage_healed":0,"gold_gain":0,"player_choice":"Ignored","damage_taken":0,"max_hp_gain":0,"max_hp_loss":0,"event_name":"Tomb of Lord Red Mask","floor":47,"gold_loss":0},{"damage_healed":0,"gold_gain":0,"player_choice":"Fight","damage_taken":0,"max_hp_gain":0,"max_hp_loss":0,"event_name":"OrinTheCat","floor":48,"gold_loss":0}],"is_beta":false,"boss_relics":[{"not_picked":["Replay:Drink Me","SlaversCollar"],"picked":"ChewingGum"},{"not_picked":["Runic Pyramid","Snecko Eye"],"picked":"Coffee Dripper"}],"items_purged_floors":[20],"is_endless":false,"potions_floor_spawned":[5,7,8,16,18,29,32,33,35,39,42],"killed_by":"Orin","ascension_level":0}}