{"host":"4t0jwv2xqla89y5e","time":1608120222,"event":{"mods":["AchievementEnabler","Act Like it!","Aspiration","BaseMod","Better Skull","BetterRewards","Colored Map","Colored Powertips","Downfall","Friendly Minions","Hallownest","Hermit","Highlight Path","Hubris","Infinite Spire","Minty Spire (QoL Compilation)","Quick Restart","Rare Cards Sparkle","Relic Stats","Replay The Spire","Shop Mod","Spicy Shops","StSLib","The Construct","The Disciple","The Hierophant","The Runesmith"],"gold_per_floor":[114,114,129,570,585,585,600,600,600],"floor_reached":8,"playtime":591,"items_purged":[],"score":48,"play_id":"1a75b586-22bc-4f35-8a7e-e3135aa57298","local_time":"20201216130342","daily_mods":["Heirloom","downfall:Jewelcrafting","Elite Swarm"],"is_ascension_mode":false,"campfire_choices":[],"circlet_count":0,"master_deck":["Strike_B","Strike_B","Strike_B","Strike_B","Defend_B","Defend_B","Defend_B","Defend_B","Zap","Dualcast","Guardian:ExploitGems","Guardian:ExploitGems","Static Discharge","Heatsinks","Chaos","Guardian:Gem_Fragmented","Guardian:Gem_Green","Self Repair"],"relics":["Cracked Core","Guardian:PickAxe","infinitespire:Lychee Nut","Hallownest:DreamNailRelic"],"acts_visited":["Hallownest:Greenpath"],"potions_floor_usage":[8],"damage_taken":[{"damage":1.0,"enemies":"Hallownest:2_Tiktiks_and_1_Crawlid","floor":1.0,"turns":3.0},{"damage":1.0,"enemies":"Hallownest:2_MossCreeps","floor":3.0,"turns":5.0},{"damage":10,"enemies":"Hallownest:monsterHuskGuard","floor":5,"turns":4},{"damage":0,"enemies":"Hallownest:monsterAspidMother","floor":7,"turns":6},{"damage":45,"enemies":"Hallownest:eliteCrystalGuardian","floor":8,"turns":5}],"seed_played":"4580661739168851385","potions_obtained":[{"floor":3,"key":"champ:CounterPotion"}],"is_trial":false,"path_per_floor":["M","?","M","?","M","R","M","E"],"character_chosen":"DEFECT","items_purchased":[],"campfire_rested":0,"item_purchase_floors":[],"current_hp_per_floor":[56,56,56,25,21,21,27,0,0],"gold":600,"neow_bonus":"","is_daily":true,"chose_seed":false,"campfire_upgraded":0,"win_rate":0.0,"timestamp":1608120222,"path_taken":["M","?","?","?","?","R","M","E"],"items_purchased_type":[],"build_version":"2020-12-13","purchased_purges":0,"victory":false,"max_hp_per_floor":[56,56,56,56,56,56,56,56,56],"relic_stats":{"counters":[5,23],"obtain_stats":[{"Guardian:PickAxe":0,"infinitespire:Lychee Nut":0,"Hallownest:DreamNailRelic":2,"Cracked Core":0},{"Guardian:PickAxe":0,"infinitespire:Lychee Nut":0,"Hallownest:DreamNailRelic":1,"Cracked Core":0},{"Guardian:PickAxe":0,"infinitespire:Lychee Nut":0,"Hallownest:DreamNailRelic":3,"Cracked Core":0}]},"card_choices":[{"not_picked":["BasicCrystalCard","Barrage"],"picked":"Static Discharge","floor":1.0},{"not_picked":["BasicCrystalCard","ReplaySolidLightProjector"],"picked":"Heatsinks","floor":3},{"not_picked":["Skim","Rebound"],"picked":"Chaos","floor":5},{"not_picked":["Consume","Steam"],"picked":"Self Repair","floor":7}],"player_experience":247425,"relics_obtained":[],"event_choices":[{"damage_healed":0,"gold_gain":441,"player_choice":"GO GO GO GO ","damage_taken":35,"relics_obtained":[],"max_hp_gain":0,"max_hp_loss":0,"event_name":"betterSkull:BetterSkull","floor":4,"gold_loss":0,"cards_upgraded":[]}],"is_beta":false,"boss_relics":[],"items_purged_floors":[],"is_endless":false,"potions_floor_spawned":[3],"killed_by":"Hallownest:eliteCrystalGuardian","ascension_level":0}}