{"host":"szp1d6dso4pv7ddl","time":1608081217,"event":{"mods":["AchievementEnabler","Alarm Clock","BaseMod","Bestiary","Block Reminder","Colored Map","Colored Powertips","Curses Come First","Displayed Cursed Tome","Highlight Path","Minty Spire (QoL Compilation)","Permanent Neow","Quick Restart","Relic Stats","StSLib"],"gold_per_floor":[367,367,542,212,212,223,223,239,239,270,72,92,92,110,110,210,210,229,75,85,85,184,184,200,220,245,245,271,271,271,286,286,383,383,400,77,99,124,124,124,133,153,153,162,186,186,197,0,9,9],"floor_reached":51,"playtime":2208,"items_purged":["Doubt","Defend_R"],"score":1038,"play_id":"c96c772e-1fae-4492-a575-963f40e11976","local_time":"20201215171337","is_ascension_mode":true,"campfire_choices":[{"floor":7.0,"key":"REST"},{"data":"Uppercut","floor":13.0,"key":"SMITH"},{"floor":15.0,"key":"REST"},{"floor":23.0,"key":"REST"},{"floor":27.0,"key":"REST"},{"floor":30.0,"key":"RECALL"},{"floor":32.0,"key":"REST"},{"floor":40.0,"key":"REST"},{"floor":44.0,"key":"REST"},{"floor":46.0,"key":"REST"},{"floor":49,"key":"REST"}],"circlet_count":0,"master_deck":["AscendersBane","Strike_R","Strike_R","Strike_R","Strike_R","Strike_R","Defend_R+1","Bash","Anger","Flex","Uppercut+1","Flame Barrier","Anger","Carnage","Immolate","Heavy Blade","Thunderclap","Iron Wave","Heavy Blade","Power Through","Twin Strike+1","Flex","Reaper","CurseOfTheBell","Apotheosis","Sword Boomerang+1","Armaments+1","Feel No Pain","Whirlwind+1","Demon Form","Inflame+1"],"relics":["Burning Blood","Kunai","Turnip","Art of War","Brimstone","Fusion Hammer","Dream Catcher","Ancient Tea Set","Calling Bell","CeramicFish","Shuriken","Ice Cream","Red Skull","Red Mask"],"acts_visited":["Exordium","TheCity","TheBeyond"],"potions_floor_usage":[47,47,50,50],"damage_taken":[{"damage":19.0,"enemies":"Small Slimes","floor":1.0,"turns":4.0},{"damage":0.0,"enemies":"2 Louse","floor":6.0,"turns":2.0},{"damage":7.0,"enemies":"Jaw Worm","floor":8.0,"turns":3.0},{"damage":24.0,"enemies":"Gremlin Nob","floor":10.0,"turns":4.0},{"damage":3.0,"enemies":"2 Fungi Beasts","floor":12.0,"turns":3.0},{"damage":6.0,"enemies":"Blue Slaver","floor":14.0,"turns":2.0},{"damage":26.0,"enemies":"The Guardian","floor":16.0,"turns":7.0},{"damage":23.0,"enemies":"3 Byrds","floor":18.0,"turns":2.0},{"damage":12.0,"enemies":"2 Thieves","floor":20.0,"turns":2.0},{"damage":0.0,"enemies":"Snecko","floor":24.0,"turns":3.0},{"damage":16.0,"enemies":"Centurion and Healer","floor":25.0,"turns":3.0},{"damage":42.0,"enemies":"Gremlin Leader","floor":28.0,"turns":4.0},{"damage":0.0,"enemies":"Snake Plant","floor":31.0,"turns":2.0},{"damage":72.0,"enemies":"Collector","floor":33.0,"turns":6.0},{"damage":17.0,"enemies":"Orb Walker","floor":35.0,"turns":3.0},{"damage":42.0,"enemies":"3 Darklings","floor":37.0,"turns":3.0},{"damage":13.0,"enemies":"Sphere and 2 Shapes","floor":38.0,"turns":3.0},{"damage":19.0,"enemies":"Spire Growth","floor":42.0,"turns":4.0},{"damage":36.0,"enemies":"4 Shapes","floor":45.0,"turns":5.0},{"damage":24,"enemies":"Writhing Mass","floor":47,"turns":3},{"damage":71,"enemies":"Time Eater","floor":50,"turns":5}],"seed_played":"1007953140743799050","potions_obtained":[{"floor":1.0,"key":"DistilledChaos"},{"floor":6.0,"key":"HeartOfIron"},{"floor":8.0,"key":"BlessingOfTheForge"},{"floor":12.0,"key":"Fire Potion"},{"floor":20.0,"key":"BlessingOfTheForge"},{"floor":25.0,"key":"Ancient Potion"},{"floor":42.0,"key":"Block Potion"},{"floor":47,"key":"LiquidBronze"}],"is_trial":false,"path_per_floor":["M","?","?","$","?","M","R","M","T","E","$","M","R","M","R","B",null,"M","$","M","?","?","R","M","M","T","R","E","?","R","M","R","B",null,"M","$","M","M","$","R","?","M","T","R","M","R","M","?","R","B",null],"character_chosen":"IRONCLAD","items_purchased":["Kunai","Anger","Brimstone","Thunderclap","Red Skull","Apotheosis"],"campfire_rested":9,"item_purchase_floors":[4,11,11,19,36,36],"current_hp_per_floor":[38,38,38,38,22,28,52,51,51,33,33,36,36,36,60,40,70,53,53,47,47,47,71,77,67,67,80,44,70,70,76,80,14,64,53,53,17,24,24,48,48,35,35,59,49,73,55,55,79,14],"gold":9,"neow_bonus":"TWO_FIFTY_GOLD","is_daily":false,"chose_seed":false,"campfire_upgraded":1,"win_rate":0.0,"timestamp":1608081217,"path_taken":["M","?","?","$","?","M","R","?","T","E","$","M","R","M","R","BOSS","M","$","M","?","?","R","M","M","T","R","E","?","R","M","R","BOSS","M","$","M","M","$","R","?","?","T","R","M","R","M","?","R","BOSS"],"items_purchased_type":["Relic","Card","Relic","Card","Relic","Card"],"build_version":"2020-12-13","purchased_purges":2,"victory":true,"max_hp_per_floor":[80,80,80,80,80,80,80,80,80,80,80,80,80,80,80,80,80,80,80,80,80,80,80,80,80,80,80,80,80,80,80,80,80,80,80,80,80,80,80,80,80,80,80,80,80,80,80,80,80,80],"relic_stats":{"Dream Catcher":6,"counters":[21,73],"Shuriken":[9],"CeramicFish":63,"Turnip":[8],"Art of War":[1],"Kunai":[29],"obtain_stats":[{"Ice Cream":34,"CeramicFish":34,"Ancient Tea Set":28,"Burning Blood":0,"Calling Bell":34,"Dream Catcher":26,"Brimstone":11,"Shuriken":34,"Turnip":9,"Fusion Hammer":17,"Art of War":10,"Red Mask":48,"Kunai":4,"Red Skull":36},{"Ice Cream":14,"CeramicFish":14,"Ancient Tea Set":12,"Burning Blood":0,"Calling Bell":14,"Dream Catcher":11,"Brimstone":4,"Shuriken":14,"Turnip":3,"Fusion Hammer":7,"Art of War":4,"Red Mask":20,"Kunai":1,"Red Skull":15},{"Ice Cream":47,"CeramicFish":47,"Ancient Tea Set":39,"Burning Blood":0,"Calling Bell":47,"Dream Catcher":35,"Brimstone":13,"Shuriken":47,"Turnip":9,"Fusion Hammer":25,"Art of War":13,"Red Mask":68,"Kunai":4,"Red Skull":50}],"Burning Blood":126},"card_choices":[{"not_picked":["Entrench","Inflame"],"picked":"Anger","floor":1.0},{"not_picked":["Dark Embrace","Intimidate","Dropkick"],"picked":"SKIP","floor":6.0},{"not_picked":["Metallicize","Perfected Strike"],"picked":"Uppercut","floor":8.0},{"not_picked":["Burning Pact","Fire Breathing"],"picked":"Flame Barrier","floor":10.0},{"not_picked":["Sentinel","Pommel Strike"],"picked":"Carnage","floor":12.0},{"not_picked":["Combust","Dark Embrace","Second Wind"],"picked":"SKIP","floor":14.0},{"not_picked":["Juggernaut","Feed"],"picked":"Immolate","floor":16.0},{"not_picked":["Pommel Strike","Thunderclap"],"picked":"Heavy Blade","floor":18.0},{"not_picked":["Rampage","True Grit"],"picked":"Iron Wave","floor":20.0},{"not_picked":["Clothesline+1","True Grit","Sever Soul"],"picked":"SKIP","floor":24.0},{"not_picked":["Sentinel","Armaments"],"picked":"Heavy Blade","floor":25.0},{"not_picked":["Hemokinesis+1","Shrug It Off+1"],"picked":"Power Through","floor":27.0},{"not_picked":["Bludgeon","Sentinel","Combust"],"picked":"SKIP","floor":28.0},{"not_picked":["Carnage+1","Disarm"],"picked":"Twin Strike+1","floor":31.0},{"not_picked":["Wild Strike","Perfected Strike+1"],"picked":"Flex","floor":32.0},{"not_picked":["Impervious","Barricade"],"picked":"Reaper","floor":33.0},{"not_picked":["Clash","Clothesline","Body Slam"],"picked":"SKIP","floor":35.0},{"not_picked":["Shrug It Off","Body Slam+1"],"picked":"Sword Boomerang+1","floor":37.0},{"not_picked":["Pommel Strike","Thunderclap"],"picked":"Armaments+1","floor":38.0},{"not_picked":["Flex+1","True Grit+1","Bloodletting"],"picked":"SKIP","floor":42.0},{"not_picked":["Combust","Cleave"],"picked":"Whirlwind+1","floor":44.0},{"not_picked":["Clothesline+1","Dark Embrace"],"picked":"Demon Form","floor":45.0},{"not_picked":["Dropkick+1","Cleave","Sword Boomerang+1"],"picked":"SKIP","floor":47},{"not_picked":["Cleave+1","Second Wind"],"picked":"Inflame+1","floor":49}],"player_experience":949331,"relics_obtained":[{"floor":9.0,"key":"Turnip"},{"floor":10.0,"key":"Art of War"},{"floor":26.0,"key":"Dream Catcher"},{"floor":28.0,"key":"Ancient Tea Set"},{"floor":34.0,"key":"CeramicFish"},{"floor":34.0,"key":"Shuriken"},{"floor":34.0,"key":"Ice Cream"}],"event_choices":[{"damage_healed":0.0,"max_hp_gain":0.0,"max_hp_loss":0.0,"gold_gain":0.0,"cards_transformed":["Defend_R"],"event_name":"Living Wall","player_choice":"Change","floor":2.0,"gold_loss":0.0,"damage_taken":0.0,"cards_obtained":["Flex"]},{"damage_healed":0.0,"max_hp_gain":0.0,"max_hp_loss":0.0,"gold_gain":175.0,"event_name":"Liars Game","player_choice":"AGREE","floor":3.0,"gold_loss":0.0,"damage_taken":0.0,"cards_obtained":["Doubt"]},{"damage_healed":0.0,"max_hp_gain":0.0,"max_hp_loss":0.0,"gold_gain":0.0,"event_name":"Shining Light","player_choice":"Entered Light","floor":5.0,"gold_loss":0.0,"damage_taken":16.0,"cards_upgraded":["Defend_R","Defend_R"]},{"damage_healed":0.0,"max_hp_gain":0.0,"max_hp_loss":0.0,"gold_gain":0.0,"event_name":"Vampires","player_choice":"Ignored","floor":21.0,"gold_loss":0.0,"damage_taken":0.0},{"damage_healed":0.0,"max_hp_gain":0.0,"max_hp_loss":0.0,"gold_gain":99.0,"event_name":"Nest","player_choice":"Stole From Cult","floor":22.0,"gold_loss":0.0,"damage_taken":0.0},{"damage_healed":26.0,"max_hp_gain":0.0,"max_hp_loss":0.0,"gold_gain":0.0,"event_name":"The Library","player_choice":"Heal","floor":29.0,"gold_loss":0.0,"damage_taken":0.0},{"damage_healed":0.0,"max_hp_gain":0.0,"max_hp_loss":0.0,"gold_gain":0.0,"cards_transformed":["Defend_R"],"event_name":"Transmorgrifier","player_choice":"Transformed","floor":41.0,"gold_loss":0.0,"damage_taken":0.0,"cards_obtained":["Feel No Pain"]},{"damage_healed":0,"gold_gain":0,"player_choice":"Paid","damage_taken":0,"relics_obtained":["Red Mask"],"max_hp_gain":0,"max_hp_loss":0,"event_name":"Tomb of Lord Red Mask","floor":48,"gold_loss":197}],"is_beta":false,"boss_relics":[{"not_picked":["Black Star","Black Blood"],"picked":"Fusion Hammer"},{"not_picked":["Velvet Choker","Tiny House"],"picked":"Calling Bell"}],"items_purged_floors":[4,19],"is_endless":false,"potions_floor_spawned":[1,6,8,12,20,25,28,31,35,42,47],"ascension_level":10}}