{"host":"nieu49hsh1dm9v6n","time":1608153552,"event":{"mods":["Aspiration","BaseMod","Better Third Choice","Hubris","Minty Spire (QoL Compilation)","StSLib","vexMod"],"gold_per_floor":[118,68,68,68,85,85,95,125,176,176,176,193,80,111,111,187,187,201,219,219,219,219,219,219],"floor_reached":23,"playtime":769,"items_purged":["vexMod:UltimateCard"],"score":377,"play_id":"4bfe1a6a-7162-4aaa-9321-f61ef4b8376e","local_time":"20201216221912","is_ascension_mode":true,"campfire_choices":[{"data":"ForeignInfluence","floor":6,"key":"SMITH"},{"data":"Defragment","floor":10,"key":"SMITH"},{"floor":15,"key":"REST"}],"circlet_count":0,"master_deck":["AscendersBane","Strike_B","Strike_B","Strike_B","Defend_B","Defend_B","Defend_B","Defend_B","Zap","Dualcast","Go for the Eyes","ForeignInfluence+1","Streamline","Beam Cell","Defragment+1","Beam Cell","Self Repair","Cold Snap","Echo Form","Storm","Coolheaded"],"relics":["Cracked Core","aspiration:Nostalgia","Ring of the Snake","Blood Vial","hubris:Towel","Sundial","hubris:OldNail","MealTicket","hubris:Backtick","Ice Cream","PrismaticShard","Nilry\u0027s Codex"],"acts_visited":["Exordium","TheCity"],"potions_floor_usage":[7,23],"damage_taken":[{"damage":0,"enemies":"Cultist","floor":1,"turns":3},{"damage":4,"enemies":"Small Slimes","floor":5,"turns":2},{"damage":0,"enemies":"2 Louse","floor":7,"turns":1},{"damage":0,"enemies":"3 Sentries","floor":8,"turns":4},{"damage":12,"enemies":"Exordium Thugs","floor":12,"turns":4},{"damage":13,"enemies":"Gremlin Nob","floor":14,"turns":3},{"damage":39,"enemies":"Hexaghost","floor":16,"turns":10},{"damage":2,"enemies":"Spheric Guardian","floor":18,"turns":3},{"damage":46,"enemies":"2 Thieves","floor":19,"turns":4},{"damage":9,"enemies":"Book of Stabbing","floor":23,"turns":1}],"seed_played":"5917263325369605315","potions_obtained":[{"floor":7,"key":"Fruit Juice"},{"floor":14,"key":"SpeedPotion"},{"floor":19,"key":"Fire Potion"}],"is_trial":false,"path_per_floor":["M","?","?","?","M","R","M","E","T","R","?","M","$","E","R","B",null,"M","M","?","?","?","E"],"character_chosen":"DEFECT","items_purchased":["Self Repair"],"campfire_rested":1,"item_purchase_floors":[13],"current_hp_per_floor":[64,64,43,43,41,41,48,50,50,50,50,40,40,36,58,28,64,71,27,27,19,3,0,0],"gold":219,"neow_bonus":"NOSTALGIA","is_daily":false,"chose_seed":false,"campfire_upgraded":2,"win_rate":0.0,"timestamp":1608153552,"path_taken":["M","?","?","?","?","R","M","E","T","R","?","?","$","E","R","BOSS","M","M","?","?","?","E"],"items_purchased_type":["Card"],"build_version":"2020-12-13","purchased_purges":1,"victory":false,"max_hp_per_floor":[71,71,71,71,71,71,76,76,76,76,76,76,76,76,76,76,76,76,76,76,76,76,76,76],"card_choices":[{"not_picked":["Melter","Rebound"],"picked":"Go for the Eyes","floor":1},{"not_picked":["hubris:Ukulele","Rainbow"],"picked":"Streamline","floor":5},{"not_picked":["Leap","Multi-Cast"],"picked":"Beam Cell","floor":7},{"not_picked":["Hello World","Loop"],"picked":"Defragment","floor":8},{"not_picked":["Lockon","Rip and Tear","Rebound"],"picked":"SKIP","floor":12},{"not_picked":["Rebound","Redo"],"picked":"Cold Snap","floor":14},{"not_picked":["Machine Learning","hubris:Prefetch"],"picked":"Echo Form","floor":16},{"not_picked":["Melter","Recycle"],"picked":"Storm","floor":18},{"not_picked":["Rip and Tear+1","Go for the Eyes"],"picked":"Coolheaded","floor":19}],"player_experience":203484,"relics_obtained":[{"floor":8,"key":"Sundial"},{"floor":9,"key":"hubris:OldNail"},{"floor":14,"key":"MealTicket"},{"floor":21,"key":"PrismaticShard"},{"floor":22,"key":"Nilry\u0027s Codex"}],"event_choices":[{"cards_removed":["Strike_B"],"damage_healed":0,"gold_gain":0,"player_choice":"Card Removal","damage_taken":0,"max_hp_gain":0,"max_hp_loss":0,"event_name":"The Cleric","floor":2,"gold_loss":50},{"damage_healed":0,"gold_gain":0,"player_choice":"2 cards matched","damage_taken":0,"max_hp_gain":0,"max_hp_loss":0,"event_name":"Match and Keep!","floor":11,"gold_loss":0,"cards_obtained":["Beam Cell","vexMod:UltimateCard"]},{"damage_healed":0,"gold_gain":0,"player_choice":"2 cards matched","damage_taken":0,"max_hp_gain":0,"max_hp_loss":0,"event_name":"Match and Keep!","floor":11,"gold_loss":0,"cards_obtained":["Beam Cell","vexMod:UltimateCard"]},{"damage_healed":0,"gold_gain":0,"player_choice":"Adaptability","damage_taken":0,"max_hp_gain":0,"max_hp_loss":0,"event_name":"betterThird:BetterWriting","floor":20,"gold_loss":0},{"damage_healed":0,"gold_gain":0,"player_choice":"Obtained Book","damage_taken":16,"max_hp_gain":0,"max_hp_loss":0,"event_name":"Cursed Tome","floor":22,"gold_loss":0}],"is_beta":false,"boss_relics":[{"not_picked":["hubris:HollowSoul","Nuclear Battery"],"picked":"hubris:Backtick"}],"items_purged_floors":[13],"is_endless":false,"potions_floor_spawned":[7,14,19],"killed_by":"Book of Stabbing","ascension_level":14}}