{"host":"dwyzfvnzfcqffr30","time":1608107958,"event":{"mods":["2.2 Compatiblity","Act Like it!","BaseMod","Beaked The Cultist","Better Altar","Better Sensory Stone","Better Third Choice","Clockwork Mod","Colored Map","Colored Powertips","Conspire","Elementarium","GifTheSpireLib","Halation","Hubris","Jedi Mod","Menagerie","Mimic Mod","Minty Spire (QoL Compilation)","Permanent Neow","Random Character Button","Replay The Spire","Spicy Shops","StSLib","Stuff the Spire","The Construct","The Druid","TheFirefly","Trackpad","vexMod"],"gold_per_floor":[214,233,333,348,116,148,148,180,180,193,193,193,227,227,227,301,301,320,1,13,13,13,13,53,84,137,282,282,316,353,401,401,492,492,524,218,218,218,218,218,272,283,343,378,430,44,94,134,134,154,154,154,27,80,100],"floor_reached":56,"playtime":5930,"items_purged":["Languid","Electrodynamics+1","jedi:meditation+1","Parasite"],"score":2214,"play_id":"73c0a3e2-3a36-4238-9144-9c31794eb4f2","local_time":"20201216003918","is_ascension_mode":true,"campfire_choices":[{"floor":7,"key":"REST"},{"floor":15,"key":"REST"},{"floor":23,"key":"RECALL"},{"floor":28,"key":"REST"},{"floor":32,"key":"DIG"},{"data":"construct:ClockworkEgg+1","floor":40,"key":"SMITH"},{"floor":49,"key":"REST"},{"floor":52,"key":"REST"}],"circlet_count":0,"master_deck":["AscendersBane","Clockwork:Strike+1","Clockwork:Strike+1","Clockwork:Strike+1","Clockwork:Strike+1","Clockwork:Shield+1","Clockwork:Shield+1","Clockwork:Shield+1","Clockwork:Shield+1","Clockwork:Tinker+1","Clockwork:WarmUp+1","Clockwork:RevUp+1","Clockwork:Efficiency+1","Clockwork:RevUp+1","Clockwork:ChargingBlade+1","Clockwork:RitualDaggerMk0+1","Clockwork:ChargingShield+1","Clockwork:Improve+1","thefirefly:ArtillleryBeam+1","Elementarium:GildedForm+1","hubris:NaturalOne","MasterReality+1","Clockwork:QuantumStrike+1","Echo Form+1","construct:ClockworkEgg+2","theDruid:PrimalStrength+1","Blind+1","Panacea+1","AscendersBane","Madness+1","beaked:MimicHuntress+1","beaked:AwakenedForm+1","conspire:Banana+1","conspire:Banana+1"],"relics":["Clockwork:MomentumEngine","Molten Egg 2","Toxic Egg 2","Frozen Egg 2","Clockwork:CopperScales","Art of War","trackpad:ZombieHeart","hubris:SlimyHat","jedi:kaleidoscope","hubris:Icosahedron","Ring of Searing","Ring of Misfortune","Blue Doll","PrismaticShard","ReplayTheSpireMod:DimensionalGlitch","Prayer Wheel","Membership Card","Meat on the Bone","Pear","Quantum Egg","Centennial Puzzle","Ancient Tea Set","Elementarium:ElementariumTrophy","beaked:SacredDeck","ReplayTheSpireMod:ShopPack","Eternal Feather","Bottled Tornado","Clockwork:Varja","ReplayTheSpireMod:Shallot","Turnip","halation:SwordOfLegend","hubris:TinFlute","jedi:crownofsimplicity","Lee\u0027s Waffle","trackpad:AdjectivePendant","trackpad:CultistFigurine","jedi:heavyjacket"],"acts_visited":[],"potions_floor_usage":[8,16,16,25,27,29,31,33,33,50,55,55],"damage_taken":[{"damage":3.0,"enemies":"2 Louse","floor":1.0,"turns":7.0},{"damage":2,"enemies":"2 Louse","floor":2,"turns":5},{"damage":0,"enemies":"Cultist","floor":4,"turns":6},{"damage":8,"enemies":"Replay:BlueRogue","floor":6,"turns":8},{"damage":0,"enemies":"Gremlin Nob","floor":8,"turns":6},{"damage":2,"enemies":"Small Slimes","floor":10,"turns":2},{"damage":48,"enemies":"Replay:BlueRogue","floor":13,"turns":9},{"damage":12,"enemies":"Slime Boss","floor":16,"turns":10},{"damage":23,"enemies":"Elementarium:2_ELEMENTALS","floor":18,"turns":4},{"damage":2,"enemies":"Elementarium:MUD_AND_TAR_GOLEMS","floor":20,"turns":5},{"damage":10,"enemies":"Elementarium:STONE_GOLEMS","floor":24,"turns":7},{"damage":31,"enemies":"Elementarium:CYCLONE_AND_ORB_OF_FIRE","floor":25,"turns":5},{"damage":12,"enemies":"Elementarium:3_ELEMENTALS","floor":26,"turns":6},{"damage":0,"enemies":"Elementarium:WarGolem","floor":27,"turns":5},{"damage":25,"enemies":"Elementarium:3_ELEMENTALS","floor":29,"turns":4},{"damage":5,"enemies":"Elementarium:CYCLONE_AND_LIVING_STORMCLOUD","floor":30,"turns":6},{"damage":4,"enemies":"Elementarium:FIRE_NOBILITY","floor":31,"turns":8},{"damage":0,"enemies":"Elementarium:GolemEmperor","floor":33,"turns":10},{"damage":43,"enemies":"3 Darklings","floor":35,"turns":8},{"damage":64,"enemies":"Reptomancer","floor":41,"turns":7},{"damage":10,"enemies":"3 Shapes","floor":42,"turns":3},{"damage":2,"enemies":"Writhing Mass","floor":43,"turns":6},{"damage":0,"enemies":"Writhing Mass","floor":44,"turns":6},{"damage":12,"enemies":"R_Hoarder","floor":45,"turns":7},{"damage":60,"enemies":"beaked:SuperParasite","floor":47,"turns":7},{"damage":3,"enemies":"Jaw Worm Horde","floor":48,"turns":5},{"damage":65,"enemies":"Awakened One","floor":50,"turns":11},{"damage":60,"enemies":"Shield and Spear","floor":54,"turns":6},{"damage":13,"enemies":"The Heart","floor":55,"turns":11}],"seed_played":"-1880230768430081151","potions_obtained":[{"floor":1,"key":"Flashbang"},{"floor":4,"key":"Ancient Potion"},{"floor":8,"key":"SpeedPotion"},{"floor":16,"key":"PowerPotion"},{"floor":24,"key":"Block Potion"},{"floor":27,"key":"jedi:tentaclejuice"},{"floor":29,"key":"Adrenaline Potion"},{"floor":30,"key":"Strength Potion"},{"floor":31,"key":"Milkshake"},{"floor":44,"key":"jedi:tentaclejuice"},{"floor":45,"key":"ColorlessPotion"}],"is_trial":false,"path_per_floor":["M","M","?","M","$","E","R","E","T","M","?","?","E","?","R","B",null,"M","$","M","?","$","R","M","M","MIM","E","R","M","M","E","R_BF","B",null,"M","$","?","?","?","R","E","M","MIM","M","E","$","E","M","R","B",null,"R","$","E","B",null],"character_chosen":"CLOCKWORK","items_purchased":["Clockwork:RevUp+1","Art of War","Membership Card","Meat on the Bone","Clockwork:Improve+1","Clockwork:CraftVarja+1","ReplayTheSpireMod:ShopPack","Eternal Feather","conspire:Banana+1","hubris:TinFlute","jedi:crownofsimplicity","Lee\u0027s Waffle","trackpad:CultistFigurine","Energy Potion"],"campfire_rested":5,"item_purchase_floors":[5,5,19,19,19,36,36,36,46,46,46,46,53,53],"current_hp_per_floor":[68,66,66,66,66,58,79,80,80,80,80,80,33,33,57,49,78,57,57,57,57,57,57,49,48,43,54,81,59,56,54,54,55,88,55,55,55,55,55,73,16,15,20,27,22,120,63,66,129,72,122,139,139,83,81],"gold":100,"neow_bonus":"HUNDRED_GOLD","is_daily":false,"chose_seed":false,"campfire_upgraded":1,"win_rate":0.0,"timestamp":1608107958,"path_taken":["M","M","?","?","$","E","R","E","T","?","?","?","E","?","R","BOSS","M","$","M","?","$","R","M","M","MIM","E","R","M","M","E","R_BF","BOSS","M","$","?","?","?","R","E","M","MIM","M","E","$","E","M","R","BOSS","R","$","E","BOSS"],"items_purchased_type":["Card","Relic","Relic","Relic","Card","Card","Relic","Relic","Card","Relic","Relic","Relic","Relic","Potion"],"build_version":"2020-12-13","purchased_purges":4,"victory":true,"max_hp_per_floor":[79,79,79,79,79,79,79,80,80,82,82,82,83,83,83,87,87,89,89,91,75,75,75,77,79,80,91,91,94,96,98,98,99,99,109,109,109,109,109,109,110,113,114,115,116,120,125,130,130,139,139,139,139,145,150],"card_choices":[{"not_picked":["Clockwork:TiltAWhirl+1","Clockwork:TimeOut+1"],"picked":"Clockwork:CraftCopperScales+1","floor":1},{"not_picked":["Clockwork:Redundancy+1","Clockwork:Enhance+1"],"picked":"Clockwork:RevUp+1","floor":2},{"not_picked":["Clockwork:EnthusiasticStrike+1","Clockwork:Friction+1"],"picked":"Clockwork:Efficiency+1","floor":4},{"not_picked":["Clockwork:Friction+1","Clockwork:StasisBreak+1"],"picked":"Clockwork:ChargingBlade+1","floor":6},{"not_picked":["Clockwork:SpringShield+1","Clockwork:CogBarrier+1"],"picked":"Clockwork:RitualDaggerMk0+1","floor":8},{"not_picked":["Clockwork:TimeOut+1","Clockwork:RitualDaggerMk0+1"],"picked":"Clockwork:ChargingShield+1","floor":10},{"not_picked":["Clockwork:AdaptiveShield+1","Clockwork:AdaptiveCannon+1","Clockwork:PerfectedStrike+1"],"picked":"SKIP","floor":13},{"not_picked":["thefirefly:Kugelblitz+1","Magnetism+1"],"picked":"ReplayTheSpireMod:Fabricate Wheel+1","floor":16},{"not_picked":["Recycle+1","Heavy Blade+1","Clockwork:AssemblyLine+1"],"picked":"SKIP","floor":18},{"not_picked":["thefirefly:Distort+1","Perfected Strike+1","CutThroughFate+1"],"picked":"SKIP","floor":18},{"not_picked":["Steam+1","hubris:Sniper+1"],"picked":"thefirefly:ArtillleryBeam+1","floor":20},{"not_picked":["thefirefly:StarCinder+1","ReplaySort+1","Clockwork:HoardingStrike+1"],"picked":"SKIP","floor":20},{"not_picked":["Rip and Tear+1","Infernal Blade+1","theDruid:Slingshot+1"],"picked":"SKIP","floor":24},{"not_picked":["construct:Reinforce+1","Clockwork:ElasticNanites+1","ReachHeaven+1"],"picked":"SKIP","floor":24},{"not_picked":["StuffTheSpire:Python+1","Twin Strike+1","Double Energy+1"],"picked":"SKIP","floor":25},{"not_picked":["Clockwork:ChargingBlade+1","SpiritShield+1","Havoc+1"],"picked":"SKIP","floor":25},{"not_picked":["construct:FlameCore+1","FIFO Queue+1"],"picked":"jedi:meditation+1","floor":27},{"not_picked":["CrushJoints+1","thefirefly:QuantumTunneling+1","construct:ClusterMines+1"],"picked":"SKIP","floor":29},{"not_picked":["construct:HeavyBolt+1","construct:ShiftStrike+1","StuffTheSpire:ClusterCrunch+1"],"picked":"SKIP","floor":29},{"not_picked":["thefirefly:AlphaStrike+1","Gash+1"],"picked":"Clockwork:QuantumStrike+1","floor":30},{"not_picked":["Capacitor+1","theDruid:BloodiedFur+1","Clockwork:Roundhouse+1"],"picked":"SKIP","floor":30},{"not_picked":["Aggregate+1","Clockwork:FalseStart+1","theDruid:ExposingSlash+1"],"picked":"SKIP","floor":31},{"not_picked":["jedi:unlimitedpower","thefirefly:Unweft+1"],"picked":"Echo Form+1","floor":33},{"not_picked":["thefirefly:InterceptingShot+1","thefirefly:ShieldArray+1"],"picked":"theDruid:PrimalStrength+1","floor":35},{"not_picked":["Darkness+1","construct:Forcefield+1","ClearTheMind+1"],"picked":"SKIP","floor":35},{"not_picked":["Violence","Forethought"],"picked":"Blind","floor":36},{"not_picked":["Replay:BasicMightCard","StuffTheSpire:PlasmaPulse"],"picked":"Panacea","floor":36},{"not_picked":["Streamline+1","Go for the Eyes+1","jedi:poisonivy+1"],"picked":"SKIP","floor":41},{"not_picked":["Reaper+1","thefirefly:StarCinder+1"],"picked":"beaked:MimicHuntress+1","floor":42},{"not_picked":["Anger+1","Clothesline+1","Barrage+1"],"picked":"SKIP","floor":42},{"not_picked":["beaked:SacrificialDive+1","beaked:Flinch+1","construct:Backfire+1"],"picked":"SKIP","floor":44},{"not_picked":["Prostrate+1","theDruid:Untamed+1","construct:FocusedBeam+1"],"picked":"SKIP","floor":44},{"not_picked":["beaked:Daydream+1","beaked:FakeOut+1"],"picked":"beaked:AwakenedForm+1","floor":45},{"not_picked":["Clockwork:Minimalism+1","Combust+1","thefirefly:Exile+1"],"picked":"SKIP","floor":47},{"not_picked":["Ball Lightning+1","conspire:DoublingDagger+1","beaked:Foresight+1"],"picked":"SKIP","floor":48},{"not_picked":["hubris:Ukulele+1","InnerPeace+1","Evaluate+1"],"picked":"SKIP","floor":48},{"not_picked":["theDruid:ThickHide+1","beaked:Daydream+1","thefirefly:CoveringFire+1"],"picked":"SKIP","floor":54}],"player_experience":1212038,"relics_obtained":[{"floor":6,"key":"trackpad:ZombieHeart"},{"floor":8,"key":"hubris:SlimyHat"},{"floor":9,"key":"jedi:kaleidoscope"},{"floor":12,"key":"Ring of Searing"},{"floor":12,"key":"Ring of Misfortune"},{"floor":13,"key":"Blue Doll"},{"floor":27,"key":"Pear"},{"floor":31,"key":"Centennial Puzzle"},{"floor":32,"key":"Ancient Tea Set"},{"floor":41,"key":"ReplayTheSpireMod:Shallot"},{"floor":43,"key":"Turnip"},{"floor":45,"key":"halation:SwordOfLegend"},{"floor":47,"key":"trackpad:AdjectivePendant"},{"floor":54,"key":"jedi:heavyjacket"}],"event_choices":[{"damage_healed":0,"gold_gain":0,"player_choice":"Upgraded","damage_taken":0,"max_hp_gain":0,"max_hp_loss":0,"event_name":"Upgrade Shrine","floor":1,"gold_loss":0,"cards_upgraded":["Clockwork:Tinker"]},{"damage_healed":0,"gold_gain":0,"player_choice":"Simplicity","damage_taken":0,"max_hp_gain":0,"max_hp_loss":8,"event_name":"betterThird:BetterWriting","floor":1,"gold_loss":0},{"damage_healed":0,"gold_gain":0,"player_choice":"Upgraded","damage_taken":0,"max_hp_gain":0,"max_hp_loss":0,"event_name":"Upgrade Shrine","floor":1,"gold_loss":0,"cards_upgraded":["Clockwork:WarmUp"]},{"damage_healed":0,"gold_gain":0,"player_choice":"Upgraded","damage_taken":0,"max_hp_gain":0,"max_hp_loss":0,"event_name":"Upgrade Shrine","floor":1,"gold_loss":0,"cards_upgraded":["Clockwork:Handicap"]},{"damage_healed":0,"gold_gain":100,"player_choice":"Gold","damage_taken":0,"max_hp_gain":0,"max_hp_loss":0,"event_name":"Wheel of Change","floor":3,"gold_loss":0},{"damage_healed":0,"gold_gain":0,"player_choice":"Dive in","damage_taken":0,"max_hp_gain":0,"max_hp_loss":16,"event_name":"Elementarium:FountainOfGold","floor":21,"gold_loss":0,"cards_obtained":["Elementarium:GildedForm"]},{"damage_healed":0,"gold_gain":3,"player_choice":"3","damage_taken":0,"max_hp_gain":0,"max_hp_loss":0,"event_name":"betterStone:BetterStone","floor":37,"gold_loss":0,"cards_obtained":["Madness"]}],"is_beta":false,"boss_relics":[{"not_picked":["jedi:battlestandard","Empty Cage"],"picked":"ReplayTheSpireMod:DimensionalGlitch"},{"not_picked":["hubris:GrandSneckoEye","Pandora\u0027s Box"],"picked":"beaked:SacredDeck"}],"items_purged_floors":[19,36,36,46],"is_endless":false,"potions_floor_spawned":[1,4,8,16,24,27,29,30,31,35,44,45,47],"ascension_level":15}}