{"host":"5pvsezzv96u4cz40","time":1608140623,"event":{"mods":["Act Like it!","BaseMod","BetterRewards","CapriCore","Colored Map","Colored Powertips","GifTheSpireLib","Hermit","Hubris","Infinite Spire","Marisa????????","Menagerie","Minty Spire (QoL Compilation)","Remilia??????","Replay The Spire","Shop Mod","StSLib","The Construct","The Necromancer","The Servant 0.9.4","The Vixen","??????REMEMod"],"gold_per_floor":[119,138,16,31,48,48,75,75,100,128,147,147,38,54,54,151,151,168,168,168,185,185,185,32,32,48,48,48,48,0,28,28,39,39,142,142,152,152,164,164,164,164,164,164,81,100,100,117,117,129,129,129,129,129,129],"floor_reached":54,"playtime":5229,"items_purged":["Pain"],"score":532,"play_id":"3221f405-5072-4fdd-80ae-9e1ac8373eba","local_time":"20201216184343","is_ascension_mode":false,"campfire_choices":[{"data":"Masterful Stab","floor":6,"key":"SMITH"},{"data":"Atom Bomb","floor":8,"key":"SMITH"},{"floor":15,"key":"REST"},{"data":"REME_Flogging","floor":25,"key":"SMITH"},{"data":"PiercingWail","floor":27,"key":"SMITH"},{"floor":34,"key":"REST"},{"floor":44,"key":"REST"},{"floor":51,"key":"REST"},{"data":"Distraction","floor":53,"key":"SMITH"}],"circlet_count":0,"master_deck":["Strike_G","Strike_G","Strike_G","Strike_G","Defend_G","Defend_G","Defend_G","Defend_G","Defend_G","Neutralize","Atom Bomb+1","Flying Knee","Toxin Wave","Outmaneuver","Masterful Stab+1","Distraction+1","Backflip","ReplayTheSpireMod:The Works","Toxin Wave","Adrenaline","Crippling Poison","m_Survivalism","Backstab+1","Blade Dance","PiercingWail+1","Deadly Poison","Dagger Throw","Bouncing Flask","Blur","RitualDagger","Deflect+1","infinitespire:Neurotoxin","hubris:DuctTapeCard+2","Pain","hubris:Despair","Caltrops+1","Cloak And Dagger+1","Masterful Stab+1","Endless Agony","Backstab","Slice+1"],"relics":["Ring of the Snake","REME_ComplimentaryCards","Replay:Wax Seal","infinitespire:Satchel","REME_IWantAll","hubris:Backtick","REME_HourglassOfDeath","hubris:EmptyBottle","hubris:Metronome","Replay:Ancient Bell","Regal Pillow","hubris:DuctTape","hubris:Zylophone","hubris:MysteriousPyramids"],"acts_visited":["Exordium","TheCity","TheBeyond"],"potions_floor_usage":[10,14,16,16,35,35,35,35,35,35,45,45,54,54,54,54,54,54],"damage_taken":[{"damage":5,"enemies":"Cultist","floor":1,"turns":5},{"damage":3,"enemies":"Jaw Worm","floor":2,"turns":3},{"damage":0,"enemies":"2 Louse","floor":4,"turns":2},{"damage":7,"enemies":"Blue Slaver","floor":5,"turns":2},{"damage":4,"enemies":"Lagavulin","floor":10,"turns":5},{"damage":0,"enemies":"2 Fungi Beasts","floor":11,"turns":2},{"damage":0,"enemies":"Large Slime","floor":14,"turns":2},{"damage":27,"enemies":"Hexaghost","floor":16,"turns":7},{"damage":11,"enemies":"2 Thieves","floor":18,"turns":2},{"damage":0,"enemies":"Chosen","floor":21,"turns":2},{"damage":1,"enemies":"Snake Plant","floor":26,"turns":4},{"damage":0,"enemies":"Gremlin Leader","floor":31,"turns":4},{"damage":1,"enemies":"Snecko","floor":33,"turns":3},{"damage":18,"enemies":"Collector","floor":35,"turns":6},{"damage":35,"enemies":"3 Darklings","floor":37,"turns":3},{"damage":11,"enemies":"3 Shapes","floor":39,"turns":3},{"damage":28,"enemies":"Maw","floor":45,"turns":6},{"damage":14,"enemies":"Sphere and 2 Shapes","floor":46,"turns":4},{"damage":0,"enemies":"Jaw Worm Horde","floor":48,"turns":3},{"damage":0,"enemies":"3 Darklings","floor":50,"turns":2},{"damage":70,"enemies":"Time Eater","floor":54,"turns":7}],"seed_played":"74686631767951060","potions_obtained":[{"floor":1,"key":"EssenceOfSteel"},{"floor":10,"key":"CultistPotion"},{"floor":11,"key":"DistilledChaos"},{"floor":21,"key":"SpeedPotion"},{"floor":31,"key":"Fire Potion"},{"floor":39,"key":"LiquidMemories"},{"floor":46,"key":"SpeedPotion"},{"floor":48,"key":"Adrenaline Potion"},{"floor":50,"key":"Fire Potion"}],"is_trial":false,"path_per_floor":["M","M","$","M","M","R","T","R","T","E","M","?","$","M","R","B",null,"M","AVR","?","M","PTL","PTL","$","R","M","R","T","?","?","E","$","M","R","B",null,"M","?","M","?","AVR","PTL","PTL","R","M","M","T","M","?","M","R","?","R","B"],"character_chosen":"THE_SILENT","items_purchased":["Outmaneuver","Masterful Stab","Fruit Juice","Backstab+1","Blade Dance","Bouncing Flask","DuplicationPotion"],"campfire_rested":4,"item_purchase_floors":[3,3,13,13,13,24,24],"current_hp_per_floor":[65,62,62,62,55,55,55,55,55,54,54,54,54,59,78,51,78,67,67,67,67,67,67,67,67,66,66,66,60,60,60,60,59,78,60,78,43,43,32,32,32,32,32,70,42,28,28,28,28,28,66,66,66,0,0],"gold":129,"neow_bonus":"ONE_RANDOM_RARE_CARD","is_daily":false,"chose_seed":false,"campfire_upgraded":5,"win_rate":0.0,"timestamp":1608140623,"path_taken":["M","M","$","M","M","R","?","R","T","E","M","?","$","M","R","BOSS","M","AVR","?","M","PTL","PTL","$","R","M","R","T","?","?","E","?","?","R","BOSS","M","?","M","?","AVR","PTL","PTL","R","M","M","T","?","?","M","R","?","R","BOSS"],"items_purchased_type":["Card","Card","Potion","Card","Card","Card","Potion"],"build_version":"2020-12-13","purchased_purges":1,"victory":false,"max_hp_per_floor":[70,70,70,70,70,70,70,70,70,73,73,73,73,78,78,78,78,78,78,78,78,78,78,78,78,78,78,78,78,78,78,78,78,78,78,78,78,78,78,78,78,78,78,78,78,78,78,78,78,78,78,78,78,78,78],"card_choices":[{"not_picked":["Skewer","Bane"],"picked":"Flying Knee","floor":1},{"not_picked":["Cloak And Dagger","Dodge and Roll"],"picked":"Toxin Wave","floor":2},{"not_picked":["Sucker Punch","Flechettes"],"picked":"Distraction","floor":4},{"not_picked":["ReplayTheSpireMod:Exploit Weakness","Prepared"],"picked":"Backflip","floor":5},{"not_picked":["ReplayTheSpireMod:The Works","Toxin Wave","Adrenaline"],"picked":"Singing Bowl","floor":10},{"not_picked":["Underhanded Strike","Quick Slash"],"picked":"Crippling Poison","floor":11},{"not_picked":["Outmaneuver","Acrobatics"],"picked":"PiercingWail","floor":14},{"not_picked":["Storm of Steel","Adrenaline"],"picked":"After Image","floor":16},{"not_picked":["hubris:TrickCloak+1","ReplayTheSpireMod:Tripwire+1"],"picked":"Deadly Poison","floor":18},{"not_picked":["Prepared","Cloak And Dagger"],"picked":"Dagger Throw","floor":21},{"not_picked":["Underhanded Strike","Dash"],"picked":"Blur","floor":26},{"not_picked":["Crippling Poison","Dagger Spray","hubris:SlightOfHand"],"picked":"SKIP","floor":31},{"not_picked":["Quick Slash","Night Terror"],"picked":"Deflect+1","floor":33},{"not_picked":["Burst","Wraith Form v2"],"picked":"infinitespire:Neurotoxin","floor":35},{"not_picked":["hubris:Greed","Overencumbered"],"picked":"Pain","floor":36},{"not_picked":["Languid","hubris:Envy"],"picked":"hubris:Despair","floor":36},{"not_picked":["Normality","Replay:Hysterical Blindness"],"picked":"Pain","floor":36},{"not_picked":["Riddle With Holes","PiercingWail"],"picked":"Caltrops+1","floor":37},{"not_picked":["Dagger Throw","REME_GrazeFinale","Sucker Punch+1"],"picked":"SKIP","floor":39},{"not_picked":["Dagger Spray+1","Backflip"],"picked":"Cloak And Dagger+1","floor":45},{"not_picked":["Predator","Dagger Throw+1"],"picked":"Masterful Stab+1","floor":46},{"not_picked":["Backflip","Underhanded Strike"],"picked":"Endless Agony","floor":48},{"not_picked":["Deflect","Infinite Blades"],"picked":"Slice+1","floor":50}],"player_experience":166525,"relics_obtained":[{"floor":7,"key":"Replay:Wax Seal"},{"floor":9,"key":"infinitespire:Satchel"},{"floor":10,"key":"REME_IWantAll"},{"floor":31,"key":"hubris:Metronome"},{"floor":47,"key":"hubris:MysteriousPyramids"}],"event_choices":[{"damage_healed":0,"gold_gain":0,"player_choice":"Ignored","damage_taken":0,"max_hp_gain":0,"max_hp_loss":0,"event_name":"Ghosts","floor":20,"gold_loss":0},{"damage_healed":0,"gold_gain":0,"player_choice":"Joined the Cult","damage_taken":6,"max_hp_gain":0,"max_hp_loss":0,"event_name":"Nest","floor":29,"gold_loss":0,"cards_obtained":["RitualDagger"]},{"damage_healed":0,"gold_gain":0,"player_choice":"Paid Fearfully","damage_taken":0,"max_hp_gain":0,"max_hp_loss":0,"event_name":"Masked Bandits","floor":30,"gold_loss":48},{"cards_removed":["Strike_G"],"damage_healed":0,"gold_gain":0,"player_choice":"Removed Attack","damage_taken":0,"max_hp_gain":0,"max_hp_loss":0,"event_name":"Falling","floor":38,"gold_loss":0},{"damage_healed":0,"gold_gain":0,"player_choice":"Forge","damage_taken":0,"max_hp_gain":0,"max_hp_loss":0,"event_name":"Accursed Blacksmith","floor":40,"gold_loss":0,"cards_upgraded":["hubris:DuctTapeCard"]}],"is_beta":false,"boss_relics":[{"not_picked":["Ring of Chaos","hubris:ScarierMask"],"picked":"hubris:Backtick"},{"not_picked":["Snecko Eye","Coffee Dripper"],"picked":"Replay:Ancient Bell"},{"not_picked":["Dream Catcher","hubris:SlimyHat"],"picked":"Regal Pillow"},{"not_picked":["Replay:Ringing Soul","Mummified Hand"],"picked":"hubris:DuctTape"},{"not_picked":["hubris:MedicalManual","Replay:Towering Pillar of Hats"],"picked":"hubris:Zylophone"}],"items_purged_floors":[41],"is_endless":false,"potions_floor_spawned":[1,10,11,21,31,33,39,46,48,50],"killed_by":"Time Eater","ascension_level":0}}