{"host":"sav7uxregyirlf69","time":1608139795,"event":{"mods":["AchievementEnabler","BaseMod","Colored Map","DeckTracker","Keyboard Shortcuts","Minty Spire (QoL Compilation)","READ ME - Guardian Mod","StSLib","SuperFastMode"],"gold_per_floor":[114,114,114,114,132,132,142,142,194,194,119,44,75,75,75,148,148,162,62,79,92,102,131,131,156,156,71,71,96,113,163,163,237,237,254,254,266,97,116,141,141,166,193,193,193,225,225,235,235,235,235],"floor_reached":50,"playtime":1152,"items_purged":["Defend_G","Defend_G"],"score":1218,"play_id":"449bb0e6-4d17-4c98-bfe5-5df3994bed3c","local_time":"20201217022955","is_ascension_mode":true,"campfire_choices":[{"data":"Dagger Spray","floor":6,"key":"SMITH"},{"data":"Reflex","floor":8,"key":"SMITH"},{"data":"Neutralize","floor":10,"key":"SMITH"},{"floor":15,"key":"REST"},{"floor":24,"key":"REST"},{"floor":28,"key":"RECALL"},{"floor":32,"key":"REST"},{"data":"1","floor":41,"key":"LIFT"},{"data":"2","floor":49,"key":"LIFT"}],"circlet_count":0,"master_deck":["AscendersBane","Strike_G+1","Strike_G+1","Defend_G","Defend_G","Defend_G","Neutralize+1","Venomology+1","Terror+1","Dagger Spray+1","Reflex+1","Dagger Throw+1","Wraith Form v2","Blade Dance","Backstab","Blade Dance","Well Laid Plans+1","Calculated Gamble","Accuracy","Backflip+1","Escape Plan","Eviscerate","Concentrate+1","Accuracy+1","Flash of Steel","Blade Dance"],"relics":["Ring of the Snake","Kunai","Whetstone","Oddly Smooth Stone","Fusion Hammer","White Beast Statue","Strawberry","Boot","Tough Bandages","Art of War","WristBlade","Toy Ornithopter","Girya","Juzu Bracelet","Orichalcum"],"acts_visited":["Exordium","TheCity","TheBeyond"],"potions_floor_usage":[1,7,13,16,16,20,20,22,22,25,25,29,29,30,30,30,33,33,39,40,42,42,46,48,50,50],"damage_taken":[{"damage":0,"enemies":"Jaw Worm","floor":1,"turns":9},{"damage":1,"enemies":"2 Louse","floor":5,"turns":3},{"damage":0,"enemies":"Cultist","floor":7,"turns":2},{"damage":9,"enemies":"Lagavulin","floor":13,"turns":5},{"damage":20,"enemies":"Slime Boss","floor":16,"turns":8},{"damage":7,"enemies":"Shell Parasite","floor":18,"turns":5},{"damage":2,"enemies":"2 Thieves","floor":20,"turns":2},{"damage":7,"enemies":"Cultist and Chosen","floor":21,"turns":5},{"damage":19,"enemies":"3 Cultists","floor":22,"turns":6},{"damage":3,"enemies":"Book of Stabbing","floor":23,"turns":5},{"damage":4,"enemies":"Gremlin Leader","floor":25,"turns":5},{"damage":4,"enemies":"Book of Stabbing","floor":29,"turns":4},{"damage":0,"enemies":"Centurion and Healer","floor":30,"turns":2},{"damage":2,"enemies":"Collector","floor":33,"turns":6},{"damage":9,"enemies":"3 Darklings","floor":35,"turns":3},{"damage":0,"enemies":"3 Shapes","floor":37,"turns":2},{"damage":1,"enemies":"Jaw Worm Horde","floor":39,"turns":3},{"damage":0,"enemies":"Giant Head","floor":40,"turns":4},{"damage":19,"enemies":"Reptomancer","floor":42,"turns":5},{"damage":9,"enemies":"Giant Head","floor":46,"turns":5},{"damage":0,"enemies":"Sphere and 2 Shapes","floor":48,"turns":4},{"damage":101,"enemies":"Time Eater","floor":50,"turns":7}],"seed_played":"5179221997216615072","potions_obtained":[{"floor":1,"key":"BlessingOfTheForge"},{"floor":20,"key":"Weak Potion"},{"floor":25,"key":"SpeedPotion"},{"floor":29,"key":"DuplicationPotion"},{"floor":30,"key":"SteroidPotion"},{"floor":33,"key":"GhostInAJar"},{"floor":39,"key":"SkillPotion"},{"floor":42,"key":"FearPotion"},{"floor":46,"key":"BlessingOfTheForge"}],"is_trial":false,"path_per_floor":["M","?","?","?","M","R","M","R","T","R","?","$","E","?","R","B",null,"M","$","M","M","M","E","R","E","T","?","R","E","M","?","R","B",null,"M","?","M","$","M","E","R","E","T","?","?","E","?","M","R","B"],"character_chosen":"THE_SILENT","items_purchased":["Toy Ornithopter"],"campfire_rested":3,"item_purchase_floors":[38],"current_hp_per_floor":[59,48,48,48,47,47,47,47,47,47,47,47,38,38,57,37,59,52,52,50,43,39,36,55,58,58,58,58,54,54,54,73,71,73,64,64,64,64,68,73,73,54,54,44,44,40,40,45,45,0,0],"gold":235,"neow_bonus":"TRANSFORM_CARD","is_daily":false,"chose_seed":false,"campfire_upgraded":3,"win_rate":0.0,"timestamp":1608139795,"path_taken":["M","?","?","?","M","R","?","R","T","R","?","$","E","?","R","BOSS","M","?","M","?","M","E","R","E","T","?","R","E","M","?","R","BOSS","M","?","M","$","M","E","R","E","T","?","?","E","?","M","R","BOSS"],"items_purchased_type":["Relic"],"build_version":"2020-12-13","purchased_purges":2,"victory":false,"max_hp_per_floor":[66,66,66,66,66,66,66,66,66,66,66,66,66,66,66,66,66,66,66,66,66,66,66,66,73,73,73,73,73,73,73,73,73,73,73,73,73,73,73,73,73,73,73,73,73,73,73,73,73,73,73],"card_choices":[{"not_picked":["PiercingWail","Dash"],"picked":"Terror","floor":1},{"not_picked":["Backflip","Cloak And Dagger"],"picked":"Dagger Spray","floor":5},{"not_picked":["PiercingWail","Escape Plan"],"picked":"Reflex","floor":7},{"not_picked":["Bouncing Flask","Dodge and Roll"],"picked":"Dagger Throw","floor":13},{"not_picked":["Die Die Die","Storm of Steel"],"picked":"Wraith Form v2","floor":16},{"not_picked":["Caltrops","Dodge and Roll"],"picked":"Blade Dance","floor":18},{"not_picked":["Predator","Slice"],"picked":"Backstab","floor":20},{"not_picked":["Quick Slash","PiercingWail","Finisher"],"picked":"SKIP","floor":21},{"not_picked":["Deadly Poison","Escape Plan+1"],"picked":"Blade Dance","floor":22},{"not_picked":["Sucker Punch","Corpse Explosion"],"picked":"Well Laid Plans+1","floor":23},{"not_picked":["Unload","PiercingWail"],"picked":"Calculated Gamble","floor":25},{"not_picked":["Dash","Prepared"],"picked":"Accuracy","floor":29},{"not_picked":["Poisoned Stab","Footwork"],"picked":"Backflip+1","floor":30},{"not_picked":["Concentrate+1","Flechettes"],"picked":"Escape Plan","floor":35},{"not_picked":["Dagger Throw","Quick Slash","Dodge and Roll"],"picked":"SKIP","floor":37},{"not_picked":["Dash","Quick Slash"],"picked":"Eviscerate","floor":39},{"not_picked":["Dagger Throw","Skewer"],"picked":"Concentrate+1","floor":40},{"not_picked":["Bane","Blade Dance"],"picked":"Accuracy+1","floor":42},{"not_picked":["Impatience","Chrysalis"],"picked":"Flash of Steel","floor":44},{"not_picked":["Slice","Predator","Unload"],"picked":"SKIP","floor":46},{"not_picked":["Calculated Gamble+1","Leg Sweep"],"picked":"Blade Dance","floor":48}],"player_experience":926876,"relics_obtained":[{"floor":9,"key":"Whetstone"},{"floor":13,"key":"Oddly Smooth Stone"},{"floor":23,"key":"White Beast Statue"},{"floor":25,"key":"Strawberry"},{"floor":26,"key":"Boot"},{"floor":29,"key":"Art of War"},{"floor":40,"key":"Girya"},{"floor":42,"key":"Juzu Bracelet"},{"floor":46,"key":"Orichalcum"}],"event_choices":[{"damage_healed":0,"gold_gain":0,"player_choice":"Success","damage_taken":11,"relics_obtained":["Kunai"],"max_hp_gain":0,"max_hp_loss":0,"event_name":"Scrap Ooze","floor":2,"gold_loss":0},{"damage_healed":0,"gold_gain":0,"player_choice":"Grow","damage_taken":0,"max_hp_gain":0,"max_hp_loss":0,"event_name":"Living Wall","floor":3,"gold_loss":0,"cards_upgraded":["Venomology"]},{"damage_healed":0,"gold_gain":0,"player_choice":"Forge","damage_taken":0,"max_hp_gain":0,"max_hp_loss":0,"event_name":"Accursed Blacksmith","floor":4,"gold_loss":0,"cards_upgraded":["Terror"]},{"cards_removed":["Strike_G"],"damage_healed":0,"gold_gain":0,"player_choice":"Card Removal","damage_taken":0,"max_hp_gain":0,"max_hp_loss":0,"event_name":"The Cleric","floor":11,"gold_loss":75},{"damage_healed":0,"gold_gain":0,"player_choice":"Upgraded","damage_taken":0,"max_hp_gain":0,"max_hp_loss":0,"event_name":"Upgrade Shrine","floor":14,"gold_loss":0,"cards_upgraded":["Dagger Throw"]},{"damage_healed":0,"gold_gain":0,"player_choice":"Obtained Relic","damage_taken":0,"relics_obtained":["Tough Bandages"],"max_hp_gain":0,"max_hp_loss":0,"event_name":"Addict","floor":27,"gold_loss":85},{"damage_healed":0,"gold_gain":50,"player_choice":"Stole From Cult","damage_taken":0,"max_hp_gain":0,"max_hp_loss":0,"event_name":"Nest","floor":31,"gold_loss":0},{"cards_removed":["Strike_G"],"damage_healed":0,"gold_gain":0,"player_choice":"Purged","damage_taken":0,"max_hp_gain":0,"max_hp_loss":0,"event_name":"Purifier","floor":36,"gold_loss":0},{"damage_healed":0,"gold_gain":0,"player_choice":"Memory 3","damage_taken":10,"max_hp_gain":0,"max_hp_loss":0,"event_name":"SensoryStone","floor":44,"gold_loss":0},{"damage_healed":0,"gold_gain":0,"player_choice":"Ignored","damage_taken":0,"max_hp_gain":0,"max_hp_loss":0,"event_name":"Tomb of Lord Red Mask","floor":45,"gold_loss":0},{"cards_removed":["Survivor"],"damage_healed":0,"gold_gain":0,"player_choice":"Removed Skill","damage_taken":0,"max_hp_gain":0,"max_hp_loss":0,"event_name":"Falling","floor":47,"gold_loss":0}],"is_beta":false,"boss_relics":[{"not_picked":["Philosopher\u0027s Stone","Runic Dome"],"picked":"Fusion Hammer"},{"not_picked":["Coffee Dripper","Tiny House"],"picked":"WristBlade"}],"items_purged_floors":[12,19],"is_endless":false,"potions_floor_spawned":[1,5,20,21,23,25,29,30,33,35,37,39,40,42,46,48],"killed_by":"Time Eater","ascension_level":20}}