{"host":"dd2mx3pm3ovi0t1n","time":1608130855,"event":{"mods":["2.2 Compatiblity","AchievementEnabler","Aspiration","BaseMod","Beaked The Cultist","Better Altar","Better Match","Better Note","Better Sensory Stone","Better Skull","Better Third Choice","BetterRewards","Colored Map","Colored Powertips","Conspire","Defuse TimeMaze Blight","Downfall","Energized Spire","Friendly Minions","GifTheSpireLib","Halation","Highlight Path","HololiveMod","Hubris","Infinite Spire","Jedi Mod","Minty Spire (QoL Compilation)","Permanent Neow","Quick Restart","Replay The Spire","Shop Mod","Spicy Shops","Spikes Relics","StSLib","Stuff the Spire","TestMod","The Construct","Wandering Minibosses","vexMod"],"gold_per_floor":[99,99,99,99,147,147,147,162,200,200,216,229,245,44,58,160,160,160,160,160,178,198,229,229,245,286,286,306,332,359,46,72,188,188,113,128,145,145],"floor_reached":37,"playtime":1732,"items_purged":["Regret"],"score":465,"play_id":"da8dc8ed-dbc7-4469-875d-cccc8b906d60","local_time":"20201216070055","is_ascension_mode":true,"campfire_choices":[{"data":"champ:Taunt","floor":4.0,"key":"SMITH"},{"data":"champ:Execute","floor":6.0,"key":"SMITH"},{"data":"champ:DefensiveShout","floor":10,"key":"SMITH"},{"data":"champ:Backstep","floor":18,"key":"SMITH"},{"data":"champ:TornadoPunch","floor":20,"key":"SMITH"},{"data":"champ:DefensiveShout","floor":27,"key":"SMITH"},{"floor":35,"key":"REST"}],"circlet_count":0,"master_deck":["champ:Strike","champ:Strike","champ:Strike","champ:Strike","champ:Defend","champ:Defend","champ:Defend","champ:Defend","champ:Execute+1","champ:Taunt+1","champ:TornadoPunch+1","champ:DefensiveShout+1","champ:Backstep+1","champ:BringItOn","champ:HoldFirm","champ:HoldFirm","champ:DefensiveShout+1","champ:Control+1","champ:Improvising","champ:RecklessLeap","champ:Encircle","champ:ShieldWall","champ:Encircle","champ:Backstep+1"],"relics":["testmod-TestBox","Hololive_Finger","testmod-Mahjong","hubris:Icosahedron","testmod-Acrobat","halation:EternalFortune","vexMod:FocusSash","testmod-BouquetWithThorns","halation:Prosthetics","FaceOfCleric","MerchantsRug","jedi:arcanewood","Dream Catcher","wanderingMiniBosses:Inkheart","testmod-EnergyCheck","downfall:HeartBlessingGreen"],"acts_visited":["Exordium","TheCity","TheBeyond"],"potions_floor_usage":[22,28,37],"damage_taken":[{"damage":0,"enemies":"Jaw Worm","floor":8,"turns":2},{"damage":36,"enemies":"Lagavulin","floor":9,"turns":4},{"damage":5,"enemies":"Cultist","floor":11,"turns":2},{"damage":0,"enemies":"2 Louse","floor":12,"turns":1},{"damage":14,"enemies":"Red Slaver","floor":13,"turns":5},{"damage":5,"enemies":"downfall:FleeingMerchant","floor":14,"turns":4},{"damage":5,"enemies":"Lots of Slimes","floor":15,"turns":1},{"damage":14,"enemies":"downfall:Ironclad","floor":16,"turns":2},{"damage":5,"enemies":"Chosen","floor":21,"turns":3},{"damage":5,"enemies":"Shelled Parasite and Fungi","floor":22,"turns":4},{"damage":5,"enemies":"Snecko","floor":23,"turns":6},{"damage":29,"enemies":"Snake Plant","floor":25,"turns":1},{"damage":13,"enemies":"Slavers","floor":26,"turns":3},{"damage":6,"enemies":"Chosen and Byrds","floor":28,"turns":3},{"damage":17,"enemies":"Snecko","floor":29,"turns":4},{"damage":19,"enemies":"Centurion and Healer","floor":30,"turns":4},{"damage":21,"enemies":"downfall:FleeingMerchant","floor":31,"turns":4},{"damage":24,"enemies":"Chosen and Byrds","floor":32,"turns":5},{"damage":43,"enemies":"downfall:Watcher","floor":33,"turns":4},{"damage":38,"enemies":"Orb Walker","floor":36,"turns":2},{"damage":108,"enemies":"Giant Head","floor":37,"turns":6}],"seed_played":"-2345421317218071239","potions_obtained":[{"floor":9,"key":"Elixir"},{"floor":11,"key":"Block Potion"},{"floor":15,"key":"SpeedPotion"},{"floor":22,"key":"Death Potion"},{"floor":28,"key":"testmod-SpacePotion"},{"floor":29,"key":"Ancient Potion"},{"floor":30,"key":"Explosive Potion"}],"is_trial":false,"path_per_floor":["R_BF","?","?","R","T","R","T","M","E","R","M","M","M","$","M","B",null,"R_BF","?","R","M","M","M","T","M","E","R","M","M","M","$","M","B",null,"R","M","E"],"character_chosen":"THE_CHAMP","items_purchased":["testmod-BouquetWithThorns","MerchantsRug","jedi:arcanewood","Dream Catcher"],"campfire_rested":1,"item_purchase_floors":[14,31,31,31],"current_hp_per_floor":[90,83,86,86,86,86,92,92,80,80,83,83,74,74,74,65,81,81,81,81,82,83,84,84,85,86,86,87,88,89,90,91,89,92,92,83,0,0],"gold":145,"neow_bonus":"BOSS_RELIC","is_daily":false,"chose_seed":false,"campfire_upgraded":6,"win_rate":0.0,"timestamp":1608130855,"path_taken":["R_BF","?","?","R","?","R","T","M","E","R","?","M","M","$","M","BOSS","R_BF","?","R","M","?","M","T","M","E","R","M","M","M","$","M","BOSS","R","M","E"],"items_purchased_type":["Relic","Relic","Relic","Relic"],"build_version":"2020-12-13","purchased_purges":1,"victory":false,"max_hp_per_floor":[90,90,93,93,93,93,99,99,113,113,116,116,116,116,116,116,81,81,81,81,82,83,84,84,85,86,86,87,88,89,90,91,92,92,92,93,93,93],"card_choices":[{"not_picked":["champ:SkillfulDodge","champ:AdrenalArmor"],"picked":"champ:TornadoPunch","floor":8},{"not_picked":["champ:Devastate","champ:CheapShot"],"picked":"champ:DefensiveShout","floor":9},{"not_picked":["champ:GladiatorsShout","champ:CrookedStrike"],"picked":"champ:Backstep","floor":11},{"not_picked":["champ:PreciseThrust","champ:Duel","champ:PerfectedStrike"],"picked":"SKIP","floor":12},{"not_picked":["champ:HeartStrike","champ:GladiatorsShout"],"picked":"champ:BringItOn","floor":13},{"not_picked":["champ:RageSigil","champ:FightOn","champ:GladiatorStyle"],"picked":"SKIP","floor":14},{"not_picked":["champ:RageSigil","champ:ArenaPreparation"],"picked":"champ:HoldFirm","floor":15},{"not_picked":["champ:CheapShot","champ:DancingMaster"],"picked":"champ:HoldFirm","floor":16},{"not_picked":["champ:BladeFlurry","champ:BerserkerStyle+1"],"picked":"champ:DefensiveShout","floor":21},{"not_picked":["champ:BerserkersShout","champ:Haymaker","champ:HeartStrike"],"picked":"SKIP","floor":22},{"not_picked":["champ:DefensiveShout","champ:PerfectedStrike"],"picked":"champ:Control+1","floor":23},{"not_picked":["champ:GladiatorsShout","champ:Balance","champ:TornadoPunch"],"picked":"SKIP","floor":25},{"not_picked":["champ:Riposte","champ:Duel","champ:ArenaPreparation"],"picked":"SKIP","floor":26},{"not_picked":["champ:GladiatorsShout+1","champ:CrookedStrike+1"],"picked":"champ:Improvising","floor":28},{"not_picked":["champ:BladeFlurry","champ:GladiatorStyle","champ:CrookedStrike"],"picked":"SKIP","floor":29},{"not_picked":["champ:StanceDance","champ:ShieldSigil"],"picked":"champ:RecklessLeap","floor":30},{"not_picked":["champ:Duel","champ:DefensiveShout"],"picked":"champ:Encircle","floor":31},{"not_picked":["champ:CalledShot","champ:PerfectedStrike"],"picked":"champ:ShieldWall","floor":32},{"not_picked":["champ:FlashCut","champ:CrookedStrike"],"picked":"champ:Encircle","floor":35},{"not_picked":["champ:RisingSlash+1","champ:FanOfKnives"],"picked":"champ:Backstep+1","floor":36}],"player_experience":432889,"relics_obtained":[{"floor":5.0,"key":"vexMod:FocusSash"},{"floor":7.0,"key":"vexMod:BerryBomb"},{"floor":9,"key":"Mango"},{"floor":11,"key":"halation:EternalFortune"},{"floor":24,"key":"SpikesRelics:ToyHorsey"},{"floor":26,"key":"White Beast Statue"},{"floor":32,"key":"wanderingMiniBosses:Inkheart"}],"event_choices":[{"damage_healed":0.0,"max_hp_gain":0.0,"max_hp_loss":0.0,"gold_gain":0.0,"event_name":"betterThird:BetterScrap","player_choice":"Relic ","floor":2.0,"gold_loss":0.0,"damage_taken":7.0,"cards_obtained":["Shockwave"]},{"damage_healed":0,"gold_gain":0,"player_choice":"Trade","damage_taken":0,"relics_obtained":["FaceOfCleric"],"max_hp_gain":0,"max_hp_loss":0,"event_name":"FaceTrader","floor":19,"gold_loss":0}],"is_beta":false,"boss_relics":[{"not_picked":["Black Star","testmod-Fanaticism"],"picked":"halation:Prosthetics"},{"not_picked":["energizedSpire:StickyHand","Coffee Dripper"],"picked":"testmod-EnergyCheck"}],"items_purged_floors":[14],"is_endless":false,"potions_floor_spawned":[9,11,15,16,22,25,26,28,29,30,31,36],"killed_by":"Giant Head","ascension_level":1}}