{"host":"rjmu5g8hpiele53d","time":1608150552,"event":{"mods":["2.2 Compatiblity","BaseMod","Downfall","GifTheSpireLib","Minty Spire (QoL Compilation)","StSLib"],"gold_per_floor":[99,109,109,209,220,220,220,220,250,250,261,271,286,3,17,114,114,39,49,49,49,61,73,123,123,134,163,173,173,173,193,211,312,312,312,328,347,363,363,375,375,375,390,390,406,60,60,75,85,85],"floor_reached":51,"playtime":3198,"items_purged":[],"score":744,"play_id":"52d8932c-cd67-4360-a3d0-aaf03cbdab6e","local_time":"20201216202912","is_ascension_mode":false,"campfire_choices":[{"data":"champ:Taunt","floor":1,"key":"SMITH"},{"data":"champ:Backstep","floor":3,"key":"SMITH"},{"floor":6,"key":"REST"},{"floor":10,"key":"RECALL"},{"data":"Apotheosis","floor":18,"key":"SMITH"},{"floor":25,"key":"REST"},{"data":"champ:TornadoPunch","floor":35,"key":"SMITH"},{"data":"champ:Improvising","floor":42,"key":"SMITH"},{"floor":44,"key":"REST"}],"circlet_count":0,"master_deck":["champ:Strike","champ:Strike","champ:Strike","champ:Strike","champ:Defend","champ:Defend","champ:Defend+1","champ:Defend","champ:Execute","champ:Taunt+1","Parasite","Panache","champ:Backstep+1","champ:DefensiveShout","champ:BerserkersShout+1","champ:IronFortress","champ:RapidStrikes","champ:Circumvent","champ:DefensiveStyle","Apotheosis+1","champ:RisingSlash","champ:Circumvent","champ:Improvising+1","champ:ShieldWall","champ:TornadoPunch+1","champ:AdrenalArmor+1","champ:CrownThrow","expansioncontent:DonusPower","champ:PerfectForm+1","champ:ShieldWall","champ:DefensiveStyle"],"relics":["champ:ChampionCrown","CloakClasp","Boot","Busted Crown","downfall:HeartBlessingRed","downfall:KnowingSkull","Akabeko","StrikeDummy","champ:ChampionCrownUpgraded","Mercury Hourglass","Anchor","War Paint"],"acts_visited":["Exordium","TheCity","TheBeyond"],"potions_floor_usage":[16,16,27,28,29,33,33,40,49,50,50],"damage_taken":[{"damage":8,"enemies":"Jaw Worm","floor":2,"turns":4},{"damage":52,"enemies":"Jaw Worm","floor":4,"turns":17},{"damage":3,"enemies":"Small Slimes","floor":5,"turns":5},{"damage":12,"enemies":"2 Louse","floor":11,"turns":4},{"damage":33,"enemies":"Exordium Wildlife","floor":12,"turns":6},{"damage":16,"enemies":"Lots of Slimes","floor":13,"turns":6},{"damage":24,"enemies":"downfall:FleeingMerchant","floor":14,"turns":4},{"damage":16,"enemies":"Exordium Thugs","floor":15,"turns":6},{"damage":41,"enemies":"downfall:Ironclad","floor":16,"turns":10},{"damage":34,"enemies":"Spheric Guardian","floor":19,"turns":5},{"damage":6,"enemies":"Chosen","floor":22,"turns":3},{"damage":17,"enemies":"Snake Plant","floor":23,"turns":4},{"damage":6,"enemies":"Cultist and Chosen","floor":26,"turns":6},{"damage":40,"enemies":"Book of Stabbing","floor":27,"turns":6},{"damage":12,"enemies":"Snecko","floor":28,"turns":2},{"damage":0,"enemies":"Snake Plant","floor":29,"turns":1},{"damage":14,"enemies":"Cultist and Chosen","floor":31,"turns":5},{"damage":49,"enemies":"Snecko","floor":32,"turns":6},{"damage":15,"enemies":"downfall:Watcher","floor":33,"turns":7},{"damage":6,"enemies":"Orb Walker","floor":36,"turns":2},{"damage":6,"enemies":"3 Shapes","floor":37,"turns":2},{"damage":28,"enemies":"Spire Growth","floor":38,"turns":4},{"damage":65,"enemies":"Maw","floor":40,"turns":8},{"damage":37,"enemies":"Sphere and 2 Shapes","floor":43,"turns":4},{"damage":48,"enemies":"Spire Growth","floor":45,"turns":4},{"damage":6,"enemies":"downfall:FleeingMerchant","floor":46,"turns":4},{"damage":27,"enemies":"Writhing Mass","floor":48,"turns":3},{"damage":30,"enemies":"3 Darklings","floor":49,"turns":3},{"damage":64,"enemies":"downfall:Silent","floor":50,"turns":9}],"seed_played":"-4495664711194967765","potions_obtained":[{"floor":2,"key":"champ:TechniquePotion"},{"floor":5,"key":"Guardian:BlockOnCardUsePotion"},{"floor":12,"key":"Block Potion"},{"floor":15,"key":"Regen Potion"},{"floor":19,"key":"Dexterity Potion"},{"floor":27,"key":"ColorlessPotion"},{"floor":31,"key":"BlessingOfTheForge"},{"floor":36,"key":"Regen Potion"},{"floor":43,"key":"EssenceOfSteel"},{"floor":48,"key":"PowerPotion"},{"floor":49,"key":"Fruit Juice"}],"is_trial":false,"path_per_floor":["R","M","R","?","M","R","T","?","?","R","M","M","M","$","M","B",null,"R","M","?","?","M","M","T","R","M","E","M","M","?","M","M","B",null,"R","M","M","M","?","M","T","R","M","R","M","$","?","M","M","B",null],"character_chosen":"THE_CHAMP","items_purchased":["Apotheosis","champ:RisingSlash","Anchor","champ:DefensiveStyle","War Paint"],"campfire_rested":3,"item_purchase_floors":[14,14,46,46,46],"current_hp_per_floor":[90,87,87,60,57,84,84,89,89,89,88,72,67,59,48,54,95,95,72,72,63,62,56,56,84,83,49,40,40,71,63,36,36,95,95,95,95,90,90,77,77,77,71,95,66,66,66,65,65,43],"gold":85,"neow_bonus":"RANDOM_COLORLESS_2","is_daily":false,"chose_seed":false,"campfire_upgraded":5,"win_rate":0.0,"timestamp":1608150552,"path_taken":["R","M","R","?","M","R","T","?","?","R","?","M","?","?","M","BOSS","R","M","?","?","M","M","T","R","M","E","?","M","?","M","M","BOSS","R","M","M","M","?","M","T","R","M","R","M","$","?","?","M","BOSS"],"items_purchased_type":["Card","Card","Relic","Card","Relic"],"build_version":"2020-12-13","purchased_purges":0,"victory":true,"max_hp_per_floor":[90,90,90,90,90,90,90,95,95,95,95,95,95,95,95,95,95,95,95,95,95,95,95,95,95,95,95,95,95,95,95,95,95,95,95,95,95,95,95,95,95,95,95,95,95,95,95,95,100,100],"card_choices":[{"not_picked":["Sadistic Nature","expansioncontent:QuickStudy"],"picked":"Panache","floor":0},{"not_picked":["champ:FanOfKnives","champ:CrookedStrike"],"picked":"champ:Backstep","floor":2},{"not_picked":["champ:FanOfKnives","champ:CrookedStrike"],"picked":"champ:DefensiveShout","floor":4},{"not_picked":["champ:AdrenalArmor","champ:FocusedBerserking"],"picked":"champ:BerserkersShout","floor":5},{"not_picked":["champ:FlashCut","champ:TornadoPunch"],"picked":"champ:IronFortress","floor":11},{"not_picked":["champ:FanOfKnives","champ:Shatter"],"picked":"champ:RapidStrikes","floor":12},{"not_picked":["champ:FightOn","champ:Control"],"picked":"champ:Circumvent","floor":13},{"not_picked":["champ:CrookedStrike","champ:GladiatorStyle"],"picked":"champ:DefensiveStyle","floor":14},{"not_picked":["champ:PerfectedStrike","champ:Control"],"picked":"champ:Circumvent","floor":15},{"not_picked":["champ:CheapShot","champ:HoldFirm"],"picked":"champ:Improvising","floor":16},{"not_picked":["champ:DefensiveShout+1"],"picked":"SKIP","floor":19},{"not_picked":["champ:Haymaker+1"],"picked":"SKIP","floor":22},{"not_picked":["champ:FaceSlap"],"picked":"SKIP","floor":23},{"not_picked":[],"picked":"champ:ShieldWall","floor":26},{"not_picked":["champ:GladiatorStyle"],"picked":"SKIP","floor":27},{"not_picked":[],"picked":"champ:TornadoPunch","floor":28},{"not_picked":[],"picked":"champ:AdrenalArmor+1","floor":31},{"not_picked":["champ:FanOfKnives"],"picked":"SKIP","floor":32},{"not_picked":[],"picked":"champ:CrownThrow","floor":33},{"not_picked":["champ:BladeFlurry"],"picked":"SKIP","floor":36},{"not_picked":["champ:GladiatorsShout+1"],"picked":"SKIP","floor":37},{"not_picked":["champ:AdrenalArmor"],"picked":"SKIP","floor":38},{"not_picked":[],"picked":"expansioncontent:DonusPower","floor":39},{"not_picked":["champ:GladiatorsShout"],"picked":"SKIP","floor":40},{"not_picked":["champ:ViciousMockery+1"],"picked":"SKIP","floor":43},{"not_picked":[],"picked":"champ:PerfectForm","floor":45},{"not_picked":[],"picked":"champ:ShieldWall","floor":46},{"not_picked":["champ:DeathBlow+1"],"picked":"SKIP","floor":48},{"not_picked":["champ:AdrenalArmor"],"picked":"SKIP","floor":49}],"player_experience":1550832,"relics_obtained":[{"floor":4,"key":"CloakClasp"},{"floor":7,"key":"Boot"},{"floor":24,"key":"Akabeko"},{"floor":27,"key":"StrikeDummy"},{"floor":41,"key":"Mercury Hourglass"}],"event_choices":[{"damage_healed":0,"gold_gain":0,"player_choice":"Donut","damage_taken":0,"max_hp_gain":5,"max_hp_loss":0,"event_name":"Big Fish","floor":8,"gold_loss":0},{"damage_healed":31,"gold_gain":0,"player_choice":"Heal","damage_taken":0,"max_hp_gain":0,"max_hp_loss":0,"event_name":"The Library","floor":30,"gold_loss":0},{"damage_healed":0,"gold_gain":0,"player_choice":"Forge","damage_taken":0,"max_hp_gain":0,"max_hp_loss":0,"event_name":"Accursed Blacksmith","floor":47,"gold_loss":0,"cards_upgraded":["champ:PerfectForm"]}],"is_beta":false,"boss_relics":[{"not_picked":["Runic Pyramid","Fusion Hammer"],"picked":"Busted Crown"},{"not_picked":["SacredBark","Pandora\u0027s Box"],"picked":"champ:ChampionCrownUpgraded"}],"items_purged_floors":[],"is_endless":false,"potions_floor_spawned":[2,5,12,15,19,27,31,36,43,48,49],"ascension_level":0}}