{"host":"iptgt7xajlx4idp5","time":1608085171,"event":{"mods":["BaseMod","Bestiary","Colored Map","Minty Spire (QoL Compilation)","Rare Cards Sparkle","Slay-I"],"gold_per_floor":[117,39,52,68,16,49,49,63,63,63,63,63,63,80,80,80,80],"floor_reached":16,"playtime":558,"items_purged":[],"score":100,"play_id":"7aa8649c-45ff-4a0f-b7f5-5d6ae0485df1","local_time":"20201215191931","is_ascension_mode":false,"campfire_choices":[{"data":"Metallicize","floor":7,"key":"SMITH"},{"data":"Body Slam","floor":12,"key":"SMITH"},{"data":"Metallicize","floor":15,"key":"SMITH"}],"circlet_count":0,"master_deck":["Strike_R","Strike_R","Strike_R","Strike_R","Strike_R","Defend_R","Defend_R","Defend_R","Defend_R","Pommel Strike","Metallicize+1","Pommel Strike","Body Slam+1","Metallicize+1"],"relics":["Burning Blood","Pear","Singing Bowl"],"acts_visited":["Exordium"],"potions_floor_usage":[6,8],"damage_taken":[{"damage":0,"enemies":"2 Louse","floor":1,"turns":3},{"damage":7,"enemies":"Jaw Worm","floor":3,"turns":4},{"damage":0,"enemies":"Small Slimes","floor":4,"turns":4},{"damage":37,"enemies":"Lagavulin","floor":6,"turns":9},{"damage":0,"enemies":"Exordium Thugs","floor":8,"turns":5},{"damage":4,"enemies":"Red Slaver","floor":14,"turns":4},{"damage":60,"enemies":"The Guardian","floor":16,"turns":12}],"seed_played":"1702469903552398764","potions_obtained":[{"floor":3,"key":"Strength Potion"},{"floor":6,"key":"AttackPotion"}],"is_trial":false,"path_per_floor":["M","$","M","M","$","E","R","M","T","?","?","R","?","M","R","B"],"character_chosen":"IRONCLAD","items_purchased":["Metallicize","Body Slam"],"campfire_rested":0,"item_purchase_floors":[2,5],"current_hp_per_floor":[80,80,79,80,80,59,59,65,65,65,65,65,58,60,60,0,0],"gold":80,"neow_bonus":"UPGRADE_CARD","is_daily":false,"chose_seed":false,"campfire_upgraded":3,"win_rate":0.0,"timestamp":1608085171,"path_taken":["M","$","M","M","$","E","R","M","T","?","?","R","?","M","R","BOSS"],"items_purchased_type":["Card","Card"],"build_version":"2020-12-13","purchased_purges":0,"victory":false,"max_hp_per_floor":[80,80,80,80,80,90,90,90,90,90,90,90,90,90,90,90,90],"card_choices":[{"not_picked":["Twin Strike","Blood for Blood"],"picked":"Pommel Strike","floor":1},{"not_picked":["Wild Strike","Warcry","Clothesline"],"picked":"SKIP","floor":3},{"not_picked":["Fire Breathing","Heavy Blade"],"picked":"Pommel Strike","floor":4},{"not_picked":["Headbutt","Warcry","Sword Boomerang"],"picked":"SKIP","floor":6},{"not_picked":["Rupture","Hemokinesis","Twin Strike"],"picked":"SKIP","floor":8},{"not_picked":["Shockwave","Corruption"],"picked":"Metallicize","floor":14}],"player_experience":474524,"relics_obtained":[{"floor":6,"key":"Pear"},{"floor":9,"key":"Singing Bowl"}],"event_choices":[{"damage_healed":0,"gold_gain":0,"player_choice":"Ignored","damage_taken":0,"max_hp_gain":0,"max_hp_loss":0,"event_name":"Liars Game","floor":10,"gold_loss":0},{"damage_healed":0,"gold_gain":0,"player_choice":"Fled","damage_taken":0,"max_hp_gain":0,"max_hp_loss":0,"event_name":"Scrap Ooze","floor":11,"gold_loss":0},{"cards_removed":["Bash"],"damage_healed":0,"gold_gain":0,"player_choice":"Card Removal","damage_taken":7,"max_hp_gain":0,"max_hp_loss":0,"event_name":"Golden Wing","floor":13,"gold_loss":0}],"is_beta":false,"boss_relics":[],"items_purged_floors":[],"is_endless":false,"potions_floor_spawned":[3,6],"killed_by":"The Guardian","ascension_level":0}}