{"host":"bpszg8uald72z2zd","time":1608132584,"event":{"mods":["AchievementEnabler","BaseMod","Colored Map","DeckTracker","Keyboard Shortcuts","Minty Spire (QoL Compilation)","Relic Stats","SuperFastMode"],"gold_per_floor":[117,192,192,212,212,246,246,277,301,315,315,338,356,384,384,384,384],"floor_reached":16,"playtime":215,"items_purged":[],"score":206,"play_id":"0e75cd83-92ad-4e85-bbe6-2d5d40bf7373","local_time":"20201217002944","is_ascension_mode":true,"campfire_choices":[{"data":"Eruption","floor":7,"key":"SMITH"},{"data":"Vigilance","floor":11,"key":"SMITH"},{"data":"Adaptation","floor":15,"key":"SMITH"}],"circlet_count":0,"master_deck":["AscendersBane","Strike_P","Strike_P","Strike_P","Strike_P+1","Defend_P","Defend_P","Defend_P","Defend_P","Eruption+1","Vigilance+1","BowlingBash+1","InnerPeace","Tantrum","Adaptation+1"],"relics":["PureWater","NeowsBlessing","CeramicFish","PreservedInsect","Whetstone"],"acts_visited":["Exordium"],"potions_floor_usage":[8,16,16,16],"damage_taken":[{"damage":0,"enemies":"2 Louse","floor":1,"turns":1},{"damage":0,"enemies":"Small Slimes","floor":4,"turns":1},{"damage":0,"enemies":"3 Sentries","floor":6,"turns":1},{"damage":20,"enemies":"Gremlin Nob","floor":8,"turns":3},{"damage":0,"enemies":"Cultist","floor":10,"turns":3},{"damage":9,"enemies":"Red Slaver","floor":12,"turns":2},{"damage":21,"enemies":"Exordium Thugs","floor":13,"turns":3},{"damage":0,"enemies":"Exordium Wildlife","floor":14,"turns":2},{"damage":25,"enemies":"Hexaghost","floor":16,"turns":9}],"seed_played":"-7669108346790969501","potions_obtained":[{"floor":1,"key":"Explosive Potion"},{"floor":4,"key":"Dexterity Potion"},{"floor":6,"key":"GamblersBrew"},{"floor":14,"key":"Regen Potion"}],"is_trial":false,"path_per_floor":["M","?","?","M","?","E","R","E","T","M","R","M","M","M","R","B"],"character_chosen":"WATCHER","items_purchased":[],"campfire_rested":0,"item_purchase_floors":[],"current_hp_per_floor":[65,54,54,54,59,59,59,39,39,39,39,30,9,9,9,0,0],"gold":384,"neow_bonus":"THREE_ENEMY_KILL","is_daily":false,"chose_seed":false,"campfire_upgraded":3,"win_rate":0.0,"timestamp":1608132584,"path_taken":["M","?","?","M","?","E","R","E","T","M","R","M","M","M","R","BOSS"],"items_purchased_type":[],"build_version":"2020-12-13","purchased_purges":0,"victory":false,"max_hp_per_floor":[72,72,72,72,77,77,77,77,77,77,77,77,77,77,77,77,77],"relic_stats":{"counters":[9,25],"CeramicFish":27,"PreservedInsect":0,"Whetstone":["Strike_P","BowlingBash"],"obtain_stats":[{"NeowsBlessing":0,"CeramicFish":6,"PreservedInsect":8,"Whetstone":9,"PureWater":0},{"NeowsBlessing":0,"CeramicFish":3,"PreservedInsect":4,"Whetstone":4,"PureWater":0},{"NeowsBlessing":0,"CeramicFish":3,"PreservedInsect":6,"Whetstone":6,"PureWater":0}]},"card_choices":[{"not_picked":["SandsOfTime","Pray","Weave"],"picked":"SKIP","floor":1},{"not_picked":["Halt","JustLucky"],"picked":"BowlingBash","floor":4},{"not_picked":["FollowUp","CutThroughFate"],"picked":"InnerPeace","floor":6},{"not_picked":["Fasting2","WaveOfTheHand","Wireheading"],"picked":"SKIP","floor":8},{"not_picked":["Evaluate","Prostrate","Wallop"],"picked":"SKIP","floor":10},{"not_picked":["WheelKick","Protect"],"picked":"Tantrum","floor":12},{"not_picked":["EmptyFist","JustLucky","FlyingSleeves"],"picked":"SKIP","floor":13},{"not_picked":["EmptyFist","ClearTheMind"],"picked":"Adaptation","floor":14}],"player_experience":428972,"relics_obtained":[{"floor":6,"key":"CeramicFish"},{"floor":8,"key":"PreservedInsect"},{"floor":9,"key":"Whetstone"}],"event_choices":[{"damage_healed":0,"gold_gain":75,"player_choice":"Gather Gold","damage_taken":11,"max_hp_gain":0,"max_hp_loss":0,"event_name":"World of Goop","floor":2,"gold_loss":0},{"damage_healed":0,"gold_gain":0,"player_choice":"Ignored","damage_taken":0,"max_hp_gain":0,"max_hp_loss":0,"event_name":"Liars Game","floor":3,"gold_loss":0},{"damage_healed":0,"gold_gain":0,"player_choice":"Donut","damage_taken":0,"max_hp_gain":5,"max_hp_loss":0,"event_name":"Big Fish","floor":5,"gold_loss":0}],"is_beta":false,"boss_relics":[],"items_purged_floors":[],"is_endless":false,"potions_floor_spawned":[1,4,6,14],"killed_by":"Hexaghost","ascension_level":10}}