{"host":"aovv4e73998kgan0","time":1608088928,"event":{"mods":["BaseMod","Minty Spire (QoL Compilation)","StSLib"],"gold_per_floor":[119,119,131,131,141,141,141,141],"floor_reached":7,"playtime":395,"items_purged":[],"score":49,"play_id":"e05f20a3-0860-4382-8113-41329318af3a","local_time":"20201215222208","is_ascension_mode":true,"campfire_choices":[{"data":"Bash","floor":6,"key":"SMITH"}],"circlet_count":0,"master_deck":["Strike_R","Strike_R","Strike_R","Strike_R","Strike_R","Defend_R","Defend_R","Defend_R","Defend_R","Bash+1","Warcry","Flex","Shrug It Off","Battle Trance"],"relics":["Burning Blood","Toy Ornithopter","Prayer Wheel"],"acts_visited":["Exordium"],"potions_floor_usage":[],"damage_taken":[{"damage":10.0,"enemies":"Small Slimes","floor":1.0,"turns":5.0},{"damage":0.0,"enemies":"Cultist","floor":3.0,"turns":4.0},{"damage":4.0,"enemies":"Jaw Worm","floor":5.0,"turns":3.0},{"damage":41,"enemies":"3 Sentries","floor":7,"turns":8}],"seed_played":"7868791644114975761","potions_obtained":[{"floor":1.0,"key":"FearPotion"},{"floor":5,"key":"CultistPotion"}],"is_trial":false,"path_per_floor":["M","?","M","?","M","R","E"],"character_chosen":"IRONCLAD","items_purchased":[],"campfire_rested":0,"item_purchase_floors":[],"current_hp_per_floor":[76,76,80,62,64,64,23,23],"gold":141,"neow_bonus":"RANDOM_COMMON_RELIC","is_daily":false,"chose_seed":false,"campfire_upgraded":1,"win_rate":0.0,"timestamp":1608088928,"path_taken":["M","?","M","?","M","R","E"],"items_purchased_type":[],"build_version":"2020-12-13","purchased_purges":0,"victory":false,"max_hp_per_floor":[80,80,80,80,80,80,80,80],"card_choices":[{"not_picked":["Dark Embrace","Entrench"],"picked":"Warcry","floor":1.0},{"not_picked":["Clash","Havoc"],"picked":"Flex","floor":3.0},{"not_picked":["Thunderclap","Warcry"],"picked":"Shrug It Off","floor":5},{"not_picked":["Flex","Clothesline"],"picked":"Battle Trance","floor":5}],"player_experience":155421,"relics_obtained":[],"event_choices":[{"damage_healed":0.0,"max_hp_gain":0.0,"max_hp_loss":0.0,"gold_gain":0.0,"event_name":"Golden Idol","player_choice":"Ignored","floor":2.0,"gold_loss":0.0,"damage_taken":0.0},{"damage_healed":0.0,"max_hp_gain":0.0,"max_hp_loss":0.0,"gold_gain":0.0,"event_name":"Scrap Ooze","player_choice":"Success","floor":4.0,"gold_loss":0.0,"damage_taken":18.0,"relics_obtained":["Prayer Wheel"]}],"is_beta":false,"boss_relics":[],"items_purged_floors":[],"is_endless":false,"potions_floor_spawned":[1,5],"killed_by":"3 Sentries","ascension_level":4}}