{"host":"mszes4kzl3qk0fcx","time":1608098017,"event":{"mods":["BaseMod","Minty Spire (QoL Compilation)","StSLib","The Administrix","The Animator"],"gold_per_floor":[130,142,171,183,92,92,125,125,125,160,17,34,34,34,34,151,151,163,163,194,194,31,31,58,70,82,120,145,157,206,246,258,368,380,412,474,486,468,480,527,539,584,596,634,661,673,673],"floor_reached":46,"playtime":5750,"items_purged":[],"score":726,"play_id":"afdb77dc-992f-4e36-b9e6-00b48993d6a4","local_time":"20201216005337","is_ascension_mode":true,"campfire_choices":[{"floor":6.0,"key":"REST"},{"floor":8.0,"key":"REST"},{"data":"animator:Demiurge","floor":13.0,"key":"SMITH"},{"data":"animator:Shalltear","floor":15.0,"key":"SMITH"},{"data":"animator:NarberalGamma","floor":23.0,"key":"SMITH"},{"data":"animator:Evileye","floor":25.0,"key":"SMITH"},{"floor":32.0,"key":"REST"},{"floor":41,"key":"REST"}],"circlet_count":0,"master_deck":["animator:Strike_Overlord","animator:Defend_Overlord","animator:Cocytus","animator:Demiurge+1","animator:Elsword","animator:Nanami","animator:Evileye+1","animator:Shalltear+1","animator:Strike_HitsugiNoChaika","animator:Strike_GATE","animator:Strike_Katanagatari","animator:Defend_OnePunchMan","animator:Defend_GATE","animator:Defend_Konosuba","animator:Yuuichirou","animator:Elesis","animator:Shalltear","animator:Albedo","animator:NarberalGamma+1","animator:Shalltear","animator:MumenRider","animator:PandorasActor","animator:Greed+1","animator:ElricAlphonse+1","animator:Demiurge","animator:Sebas","animator:PandorasActor","animator:Albedo","CurseOfTheBell","animator:Tatsumaki","animator:Kagari+1","animator:Entoma+1","animator:Ainz+1"],"relics":["animator:VividPicture","animator:TheMissingPiece","Mango","PreservedInsect","Matryoshka","Anchor","Lee\u0027s Waffle","Frozen Egg 2","Boot","animator:CerealBox","MawBank","InkBottle","Question Card","Juzu Bracelet","MutagenicStrength","Shuriken","Calling Bell","Vajra","animator:OldCoffin","animator:AlchemistGlove","Girya","Nunchaku","Mummified Hand","Pantograph","Paper Crane","Gremlin Horn"],"acts_visited":["Exordium","TheCity","TheBeyond"],"potions_floor_usage":[40,40,40,40],"damage_taken":[{"damage":8.0,"enemies":"Small Slimes","floor":1.0,"turns":5.0},{"damage":8.0,"enemies":"Jaw Worm","floor":2.0,"turns":3.0},{"damage":2.0,"enemies":"2 Louse","floor":3.0,"turns":3.0},{"damage":14.0,"enemies":"Exordium Thugs","floor":4.0,"turns":6.0},{"damage":16.0,"enemies":"3 Sentries","floor":7.0,"turns":6.0},{"damage":31.0,"enemies":"Lagavulin","floor":10.0,"turns":4.0},{"damage":0.0,"enemies":"3 Louse","floor":12.0,"turns":2.0},{"damage":25.0,"enemies":"The Guardian","floor":16.0,"turns":12.0},{"damage":11.0,"enemies":"Shell Parasite","floor":18.0,"turns":6.0},{"damage":0.0,"enemies":"Chosen","floor":20.0,"turns":5.0},{"damage":5.0,"enemies":"Slavers","floor":24.0,"turns":5.0},{"damage":18.0,"enemies":"Book of Stabbing","floor":27.0,"turns":4.0},{"damage":3.0,"enemies":"3 Cultists","floor":28.0,"turns":5.0},{"damage":8.0,"enemies":"Snake Plant","floor":30.0,"turns":5.0},{"damage":15.0,"enemies":"Slavers","floor":31.0,"turns":5.0},{"damage":32.0,"enemies":"Automaton","floor":33.0,"turns":10.0},{"damage":5,"enemies":"Orb Walker","floor":35,"turns":5},{"damage":68,"enemies":"2 Orb Walkers","floor":36,"turns":5},{"damage":12,"enemies":"Nemesis","floor":40,"turns":5},{"damage":37,"enemies":"Reptomancer","floor":42,"turns":7},{"damage":29,"enemies":"Nemesis","floor":44,"turns":7},{"damage":0,"enemies":"3 Shapes","floor":45,"turns":3},{"damage":8,"enemies":"Transient","floor":46,"turns":5}],"seed_played":"6127975768932141768","potions_obtained":[{"floor":2.0,"key":"ColorlessPotion"},{"floor":3.0,"key":"Fire Potion"},{"floor":7.0,"key":"CultistPotion"},{"floor":10.0,"key":"Regen Potion"},{"floor":20.0,"key":"animator:FalseLifePotion"},{"floor":24.0,"key":"Explosive Potion"},{"floor":27.0,"key":"SpeedPotion"},{"floor":31.0,"key":"Fire Potion"},{"floor":36,"key":"Energy Potion"},{"floor":38,"key":"Regen Potion"},{"floor":38,"key":"LiquidBronze"},{"floor":40,"key":"Fruit Juice"}],"is_trial":false,"path_per_floor":["M","M","M","M","?","R","E","R","T","E","$","M","R","?","R","B",null,"M","?","M","?","$","R","E","R","T","E","M","?","M","E","R","B",null,"M","?","?","?","$","E","R","E","T","E","M","M"],"character_chosen":"THE_ANIMATOR","items_purchased":["Lee\u0027s Waffle","animator:CerealBox","animator:PandorasActor"],"campfire_rested":4,"item_purchase_floors":[11,22,22],"current_hp_per_floor":[54,46,44,31,31,55,39,63,63,33,89,89,89,86,86,76,89,79,79,79,79,79,79,74,74,74,56,53,53,45,30,57,45,90,86,18,18,18,18,36,65,30,30,1,1,0,0],"gold":673,"neow_bonus":"ONE_RARE_RELIC","is_daily":false,"chose_seed":false,"campfire_upgraded":4,"win_rate":0.0,"timestamp":1608098017,"path_taken":["M","M","M","M","?","R","E","R","T","E","$","M","R","?","R","BOSS","M","?","M","?","$","R","E","R","T","E","M","?","M","E","R","BOSS","M","?","?","?","$","E","R","E","T","E","M","M"],"items_purchased_type":["Relic","Relic","Card"],"build_version":"2020-12-13","purchased_purges":0,"victory":false,"max_hp_per_floor":[80,80,80,81,81,81,81,81,81,82,89,89,89,89,89,89,89,90,90,90,90,90,90,90,90,90,90,90,90,90,90,90,90,90,91,91,91,91,91,98,98,100,100,100,100,100,100],"card_choices":[{"not_picked":["animator:Shigure","animator:Yoichi"],"picked":"animator:Elsword","floor":1.0},{"not_picked":["animator:Sloth","animator:Yoichi"],"picked":"animator:Nanami","floor":2.0},{"not_picked":["animator:Guy","animator:Sloth"],"picked":"animator:Evileye","floor":3.0},{"not_picked":["animator:Cocytus","animator:Entoma"],"picked":"animator:Shalltear","floor":4.0},{"not_picked":["animator:ZankiKiguchi","animator:ChaikaBohdan"],"picked":"animator:Yuuichirou","floor":7.0},{"not_picked":["animator:Laby","animator:ElricAlphonse"],"picked":"animator:Elesis","floor":10.0},{"not_picked":["animator:Yoichi","animator:TsurugaMeisai"],"picked":"animator:Shalltear","floor":12.0},{"not_picked":["animator:FeridBathory+1","animator:AcuraShin"],"picked":"animator:Albedo","floor":16.0},{"not_picked":["animator:Entoma","animator:Demiurge"],"picked":"animator:NarberalGamma","floor":18.0},{"not_picked":["animator:WinryRockbell+1","animator:Gillette"],"picked":"animator:MumenRider","floor":20.0},{"not_picked":["animator:Sloth","animator:Mitsuba"],"picked":"animator:Greed+1","floor":24.0},{"not_picked":["animator:ChaikaBohdan","animator:Genos","animator:Konayuki"],"picked":"animator:ElricAlphonse+1","floor":27.0},{"not_picked":["animator:Cocytus","animator:Shalltear","animator:PandorasActor"],"picked":"animator:Demiurge","floor":28.0},{"not_picked":["animator:Guy","animator:Togame","animator:AcuraTooru+1"],"picked":"animator:Sebas","floor":30.0},{"not_picked":["animator:Raven","animator:Ara","animator:Gluttony"],"picked":"animator:PandorasActor","floor":31.0},{"not_picked":["animator:Father","animator:HigakiRinne","animator:ChaikaTrabant"],"picked":"animator:Albedo","floor":33.0},{"not_picked":["animator:MumenRider+1","animator:Yoichi+1","animator:Add+1"],"picked":"animator:Tatsumaki","floor":35},{"not_picked":["animator:TakanashiRikka","animator:Kuroyukihime","animator:Lelouch"],"picked":"animator:Kagari+1","floor":37},{"not_picked":["animator:Cocytus","animator:PandorasActor","animator:NarberalGamma"],"picked":"animator:Entoma","floor":40},{"not_picked":["animator:Raven+1","animator:Scar+1","animator:Shinoa"],"picked":"animator:Ainz+1","floor":42},{"not_picked":["animator:MumenRider","animator:MetalKnight","animator:UneriGinkaku+1","animator:Shichika"],"picked":"SKIP","floor":44},{"not_picked":["animator:Layla+1","animator:Cocytus","animator:Geryuganshoop+1","animator:Evileye+1"],"picked":"SKIP","floor":45}],"player_experience":509997,"relics_obtained":[{"floor":7.0,"key":"PreservedInsect"},{"floor":9.0,"key":"Matryoshka"},{"floor":10.0,"key":"Anchor"},{"floor":24.0,"key":"MawBank"},{"floor":26.0,"key":"InkBottle"},{"floor":26.0,"key":"Question Card"},{"floor":27.0,"key":"Juzu Bracelet"},{"floor":31.0,"key":"Shuriken"},{"floor":34,"key":"Vajra"},{"floor":34,"key":"animator:OldCoffin"},{"floor":34,"key":"animator:AlchemistGlove"},{"floor":36,"key":"Girya"},{"floor":40,"key":"Nunchaku"},{"floor":42,"key":"Mummified Hand"},{"floor":43,"key":"Pantograph"},{"floor":43,"key":"Paper Crane"},{"floor":44,"key":"Gremlin Horn"}],"event_choices":[{"damage_healed":0.0,"max_hp_gain":0.0,"max_hp_loss":0.0,"gold_gain":0.0,"event_name":"Scrap Ooze","player_choice":"Success","floor":14.0,"gold_loss":0.0,"damage_taken":3.0,"relics_obtained":["Frozen Egg 2"]},{"damage_healed":0.0,"max_hp_gain":0.0,"max_hp_loss":0.0,"gold_gain":0.0,"event_name":"The Library","player_choice":"Read","floor":19.0,"gold_loss":0.0,"damage_taken":0.0,"cards_obtained":["animator:Shalltear"]},{"damage_healed":0.0,"max_hp_gain":0.0,"max_hp_loss":0.0,"gold_gain":0.0,"event_name":"WeMeetAgain","player_choice":"Gave Potion","floor":21.0,"gold_loss":0.0,"damage_taken":0.0,"relics_obtained":["Boot"]},{"damage_healed":0.0,"max_hp_gain":0.0,"max_hp_loss":0.0,"gold_gain":0.0,"event_name":"Drug Dealer","player_choice":"Inject Mutagens","floor":29.0,"gold_loss":0.0,"damage_taken":0.0,"relics_obtained":["MutagenicStrength"]},{"damage_healed":0,"gold_gain":0,"player_choice":"Fight","damage_taken":0,"max_hp_gain":0,"max_hp_loss":0,"event_name":"Mysterious Sphere","floor":36,"gold_loss":0},{"damage_healed":0,"gold_gain":0,"player_choice":"Memory 1","damage_taken":0,"max_hp_gain":0,"max_hp_loss":0,"event_name":"SensoryStone","floor":37,"gold_loss":0},{"damage_healed":0,"gold_gain":0,"player_choice":"Bought 2 Potions","damage_taken":0,"max_hp_gain":0,"max_hp_loss":0,"event_name":"The Woman in Blue","floor":38,"gold_loss":0}],"is_beta":false,"boss_relics":[{"not_picked":["Mark of Pain","animator:CursedBlade"],"picked":"animator:VividPicture"},{"not_picked":["Fusion Hammer","SacredBark"],"picked":"Calling Bell"}],"items_purged_floors":[],"is_endless":false,"potions_floor_spawned":[2,3,7,10,20,24,27,31,36,40],"killed_by":"Transient","ascension_level":1}}