{"host":"bpszg8uald72z2zd","time":1608133480,"event":{"mods":["AchievementEnabler","BaseMod","Colored Map","DeckTracker","Keyboard Shortcuts","Minty Spire (QoL Compilation)","Relic Stats","SuperFastMode"],"gold_per_floor":[110,110,110,130,130,160,160,189,237,237,312,366,366,410,410,410,410],"floor_reached":16,"playtime":289,"items_purged":[],"score":197,"play_id":"a88838bd-8f86-49f3-aae7-242302c7cb87","local_time":"20201217004440","is_ascension_mode":true,"campfire_choices":[{"data":"Eruption","floor":10,"key":"SMITH"},{"floor":13,"key":"REST"},{"data":"Adaptation","floor":15,"key":"SMITH"}],"circlet_count":0,"master_deck":["AscendersBane","Strike_P","Strike_P","Strike_P","Defend_P","Defend_P","Defend_P","Defend_P","Eruption+1","Vigilance","TalkToTheHand","WreathOfFlame","Adaptation+1","Prostrate"],"relics":["PureWater","NeowsBlessing","CeramicFish","Omamori","Yang","Golden Idol","Regal Pillow","Boot","Damaru"],"acts_visited":["Exordium"],"potions_floor_usage":[16,16],"damage_taken":[{"damage":0,"enemies":"2 Louse","floor":1,"turns":1},{"damage":0,"enemies":"Jaw Worm","floor":4,"turns":1},{"damage":0,"enemies":"Gremlin Nob","floor":6,"turns":1},{"damage":0,"enemies":"Small Slimes","floor":8,"turns":4},{"damage":13,"enemies":"Lagavulin","floor":14,"turns":7},{"damage":74,"enemies":"Hexaghost","floor":16,"turns":11}],"seed_played":"-967368645956391034","potions_obtained":[{"floor":4,"key":"SkillPotion"},{"floor":8,"key":"GamblersBrew"},{"floor":14,"key":"FairyPotion"}],"is_trial":false,"path_per_floor":["M","?","?","M","T","E","?","M","T","R","?","T","R","E","R","B"],"character_chosen":"WATCHER","items_purchased":[],"campfire_rested":1,"item_purchase_floors":[],"current_hp_per_floor":[65,47,40,40,40,40,40,40,40,40,29,29,64,51,51,0,0],"gold":410,"neow_bonus":"THREE_ENEMY_KILL","is_daily":false,"chose_seed":false,"campfire_upgraded":2,"win_rate":0.0,"timestamp":1608133480,"path_taken":["M","?","?","M","?","E","?","?","T","R","?","?","R","E","R","BOSS"],"items_purchased_type":[],"build_version":"2020-12-13","purchased_purges":0,"victory":false,"max_hp_per_floor":[72,72,72,72,72,72,67,67,67,67,67,67,67,67,67,67,67],"relic_stats":{"Regal Pillow":15,"counters":[6,25],"Golden Idol":11,"CeramicFish":27,"Yang":[30],"Boot":[3],"obtain_stats":[{"Regal Pillow":9,"NeowsBlessing":0,"Golden Idol":7,"CeramicFish":2,"Damaru":14,"Yang":6,"Omamori":5,"PureWater":0,"Boot":12},{"Regal Pillow":4,"NeowsBlessing":0,"Golden Idol":3,"CeramicFish":1,"Damaru":5,"Yang":3,"Omamori":2,"PureWater":0,"Boot":4},{"Regal Pillow":7,"NeowsBlessing":0,"Golden Idol":3,"CeramicFish":1,"Damaru":14,"Yang":3,"Omamori":2,"PureWater":0,"Boot":7}]},"card_choices":[{"not_picked":["EmptyBody","BowlingBash"],"picked":"TalkToTheHand","floor":1},{"not_picked":["JustLucky","Evaluate"],"picked":"WreathOfFlame","floor":4},{"not_picked":["CutThroughFate","EmptyFist","Devotion"],"picked":"SKIP","floor":6},{"not_picked":["EmptyBody","WindmillStrike"],"picked":"Adaptation","floor":8},{"not_picked":["ClearTheMind","FlurryOfBlows"],"picked":"Prostrate","floor":14}],"player_experience":429742,"relics_obtained":[{"floor":5,"key":"Omamori"},{"floor":6,"key":"Yang"},{"floor":9,"key":"Regal Pillow"},{"floor":12,"key":"Boot"},{"floor":14,"key":"Damaru"}],"event_choices":[{"damage_healed":0,"gold_gain":0,"player_choice":"Success","damage_taken":18,"relics_obtained":["CeramicFish"],"max_hp_gain":0,"max_hp_loss":0,"event_name":"Scrap Ooze","floor":2,"gold_loss":0},{"cards_removed":["Strike_P"],"damage_healed":0,"gold_gain":0,"player_choice":"Card Removal","damage_taken":7,"max_hp_gain":0,"max_hp_loss":0,"event_name":"Golden Wing","floor":3,"gold_loss":0},{"damage_healed":0,"gold_gain":0,"player_choice":"Lose Max HP","damage_taken":0,"relics_obtained":["Golden Idol"],"max_hp_gain":0,"max_hp_loss":5,"event_name":"Golden Idol","floor":7,"gold_loss":0},{"damage_healed":0,"gold_gain":75,"player_choice":"Gather Gold","damage_taken":11,"max_hp_gain":0,"max_hp_loss":0,"event_name":"World of Goop","floor":11,"gold_loss":0}],"is_beta":false,"boss_relics":[],"items_purged_floors":[],"is_endless":false,"potions_floor_spawned":[4,8,14],"killed_by":"Hexaghost","ascension_level":10}}