{"host":"pqs17sqrgflf4eqa","time":1608081480,"event":{"mods":["AchievementEnabler","BaseMod","Bestiary","Better Altar","Colored Map","Colored Powertips","Emptier Cage","Googly Eyes","Highlight Path","Minty Spire (QoL Compilation)","Quick Restart","StSLib","SuperFastMode","Transform Curses","slay the spire mod where everything is the same but ironclad has a cowboy hat"],"gold_per_floor":[118,133,144,156,176,201,201,232,232,232,232,78,91,107,107,209,209,224,139,139,153,153,186,186,203,281,281,281],"floor_reached":27,"playtime":615,"items_purged":["Defend_B"],"score":294,"play_id":"42110621-2cad-49dd-8f02-f774a033dce6","local_time":"20201215201800","is_ascension_mode":true,"campfire_choices":[{"data":"Zap","floor":7,"key":"SMITH"},{"floor":11,"key":"REST"},{"floor":15,"key":"REST"},{"data":"Creative AI","floor":24,"key":"SMITH"}],"circlet_count":0,"master_deck":["Strike_B","Strike_B+1","Strike_B","Strike_B","Defend_B","Defend_B","Defend_B","Zap+1","Dualcast","Ball Lightning+1","Sweeping Beam","Hologram","Darkness","Compile Driver","BootSequence","Go for the Eyes","Lockon","Leap","Leap","Rainbow","Rip and Tear+1","Conserve Battery+1","Creative AI+1","Streamline+1"],"relics":["Cracked Core","NeowsBlessing","Orichalcum","Ancient Tea Set","WingedGreaves","Black Star","HornCleat","Bird Faced Urn","Whetstone","White Beast Statue"],"acts_visited":["Exordium","TheCity"],"potions_floor_usage":[5,6,6,14,16,16,27,27,27],"damage_taken":[{"damage":0,"enemies":"Cultist","floor":1,"turns":1},{"damage":0,"enemies":"Jaw Worm","floor":2,"turns":1},{"damage":0,"enemies":"Small Slimes","floor":3,"turns":1},{"damage":6,"enemies":"2 Fungi Beasts","floor":4,"turns":2},{"damage":11,"enemies":"Gremlin Gang","floor":5,"turns":3},{"damage":20,"enemies":"Lagavulin","floor":6,"turns":5},{"damage":30,"enemies":"Gremlin Nob","floor":8,"turns":4},{"damage":3,"enemies":"3 Louse","floor":13,"turns":2},{"damage":7,"enemies":"Exordium Thugs","floor":14,"turns":3},{"damage":30,"enemies":"The Guardian","floor":16,"turns":9},{"damage":14,"enemies":"3 Byrds","floor":18,"turns":5},{"damage":9,"enemies":"Shell Parasite","floor":21,"turns":5},{"damage":48,"enemies":"Book of Stabbing","floor":23,"turns":6},{"damage":13,"enemies":"Cultist and Chosen","floor":25,"turns":6},{"damage":40,"enemies":"Slavers","floor":27,"turns":3}],"seed_played":"2565129184257190022","potions_obtained":[{"floor":2,"key":"EntropicBrew"},{"floor":3,"key":"Ancient Potion"},{"floor":5,"key":"Strength Potion"},{"floor":10,"key":"FocusPotion"},{"floor":16,"key":"Swift Potion"},{"floor":21,"key":"SpeedPotion"},{"floor":23,"key":"Energy Potion"}],"is_trial":false,"path_per_floor":["M","M","M","M","M","E","R","E","T","?","R","$","M","M","R","B",null,"M","?","?","M","?","E","R","M","T","E"],"character_chosen":"DEFECT","items_purchased":["Lockon","Leap"],"campfire_rested":2,"item_purchase_floors":[12,12],"current_hp_per_floor":[75,75,75,69,58,38,38,8,8,8,30,30,27,20,42,12,75,61,61,61,52,85,37,37,30,30,0,0],"gold":281,"neow_bonus":"THREE_ENEMY_KILL","is_daily":false,"chose_seed":false,"campfire_upgraded":2,"win_rate":0.0,"timestamp":1608081480,"path_taken":["M","M","?","M","?","E","R","E","T","?","R","$","?","M","R","BOSS","M","?","?","?","?","E","R","?","T","E"],"items_purchased_type":["Card","Card"],"build_version":"2020-12-13","purchased_purges":1,"victory":false,"max_hp_per_floor":[75,75,75,75,75,75,75,75,75,75,75,75,75,75,75,75,75,75,75,75,75,85,85,85,85,85,85,85],"card_choices":[{"not_picked":["Leap","Hello World"],"picked":"Ball Lightning","floor":1},{"not_picked":["Aggregate","Storm"],"picked":"Sweeping Beam","floor":2},{"not_picked":["Double Energy","Turbo"],"picked":"Hologram","floor":3},{"not_picked":["Turbo","Scrape"],"picked":"Darkness","floor":4},{"not_picked":["Recycle","Gash"],"picked":"Compile Driver","floor":5},{"not_picked":["Machine Learning","Skim"],"picked":"BootSequence","floor":6},{"not_picked":["Skim","White Noise"],"picked":"Go for the Eyes","floor":8},{"not_picked":["Reprogram","White Noise"],"picked":"Leap","floor":13},{"not_picked":["Go for the Eyes","Hologram"],"picked":"Sunder","floor":14},{"not_picked":["All For One","Machine Learning"],"picked":"Rainbow","floor":16},{"not_picked":["Coolheaded","Barrage"],"picked":"Rip and Tear+1","floor":18},{"not_picked":["Cold Snap","Go for the Eyes"],"picked":"Conserve Battery+1","floor":21},{"not_picked":["Stack","Sweeping Beam"],"picked":"Creative AI","floor":23},{"not_picked":["Double Energy","Rip and Tear"],"picked":"Streamline+1","floor":25}],"player_experience":137258,"relics_obtained":[{"floor":6,"key":"Orichalcum"},{"floor":8,"key":"Ancient Tea Set"},{"floor":9,"key":"WingedGreaves"},{"floor":23,"key":"Bird Faced Urn"},{"floor":23,"key":"Whetstone"},{"floor":26,"key":"White Beast Statue"}],"event_choices":[{"damage_healed":0,"gold_gain":0,"player_choice":"Got Potions","damage_taken":0,"max_hp_gain":0,"max_hp_loss":0,"event_name":"Lab","floor":10,"gold_loss":0},{"damage_healed":0,"gold_gain":0,"player_choice":"Obtained Relic","damage_taken":0,"relics_obtained":["HornCleat"],"max_hp_gain":0,"max_hp_loss":0,"event_name":"Addict","floor":19,"gold_loss":85},{"damage_healed":0,"gold_gain":0,"cards_transformed":["Sunder"],"player_choice":"Transformed","damage_taken":0,"max_hp_gain":0,"max_hp_loss":0,"event_name":"Transmorgrifier","floor":20,"gold_loss":0,"cards_obtained":["Hyperbeam"]},{"cards_removed":["Hyperbeam"],"damage_healed":23,"gold_gain":0,"player_choice":"Offered Rare","damage_taken":0,"max_hp_gain":10,"max_hp_loss":0,"event_name":"Bonfire Elementals","floor":22,"gold_loss":0}],"is_beta":false,"boss_relics":[{"not_picked":["Coffee Dripper","Calling Bell"],"picked":"Black Star"}],"items_purged_floors":[12],"is_endless":false,"potions_floor_spawned":[2,3,5,8,16,21,23,25],"killed_by":"Slavers","ascension_level":4}}