{"host":"31q8uht4v38sth7r","time":1608100281,"event":{"mods":["BaseMod","Colored Map","Downfall","Highlight Path","Minty Spire (QoL Compilation)","Permanent Neow","StSLib"],"gold_per_floor":[99,99,125,50,78,12,12,50,50,89,25,53,53,171,182,290,290,215,226,237,262,262,300,300,300,337,262,286,310,361,141,169,275,275,275,285,285,310,321,355,405,415,457,457,45,45,65,80,108,108],"floor_reached":51,"playtime":5473,"items_purged":["champ:Strike","champ:Strike"],"score":1166,"play_id":"541250e0-2f84-406f-8cec-d8f959af50c7","local_time":"20201216143121","is_ascension_mode":true,"campfire_choices":[{"floor":1.0,"key":"RECALL"},{"data":"champ:Taunt","floor":4.0,"key":"SMITH"},{"data":"champ:HoldFirm","floor":18.0,"key":"SMITH"},{"data":"champ:PreciseThrust","floor":22.0,"key":"SMITH"},{"data":"champ:TornadoPunch","floor":27.0,"key":"SMITH"},{"data":"Apotheosis","floor":35.0,"key":"SMITH"},{"data":"champ:ShieldWall","floor":44.0,"key":"SMITH"}],"circlet_count":0,"master_deck":["champ:Strike+1","champ:Defend","champ:Defend","champ:Taunt+1","champ:PreciseThrust+1","champ:ShieldWall+1","champ:FlashCut","champ:BringItOn","champ:StanceDance","champ:ViciousMockery","champ:EnGarde","champ:CheapShot+1","champ:Haymaker","champ:TornadoPunch+1","champ:DefensiveStyle","champ:Circumvent","champ:Encircle+1","champ:HoldFirm+1","champ:Circumvent","champ:PerfectForm+1","champ:Lariat","champ:GladiatorStyle+1","champ:Lariat+1","Apotheosis+1","champ:DefensiveShout","champ:MurderStrike","champ:DefensiveStyle+1","champ:HoldFirm","champ:HeavySlash","champ:FalseCounter+1"],"relics":["champ:ChampionCrown","Tiny Chest","CeramicFish","downfall:HeartBlessingRed","Matryoshka","Bottled Lightning","champ:LiftRelic","Smiling Mask","Ornamental Fan","Frozen Egg 2","Empty Cage","downfall:HeartBlessingGreen","champ:DefensiveTrainingManual","Anchor","InkBottle","downfall:HeartBlessingBlue","Potion Belt","Velvet Choker","Akabeko","Omamori","Nunchaku","Whetstone","Bronze Scales","Orichalcum"],"acts_visited":["Exordium","TheCity","TheBeyond"],"potions_floor_usage":[50],"damage_taken":[{"damage":13.0,"enemies":"Cultist","floor":3.0,"turns":4.0},{"damage":5.0,"enemies":"Small Slimes","floor":5.0,"turns":4.0},{"damage":15.0,"enemies":"downfall:FleeingMerchant","floor":6.0,"turns":4.0},{"damage":23.0,"enemies":"Lagavulin","floor":8.0,"turns":8.0},{"damage":13.0,"enemies":"3 Sentries","floor":10.0,"turns":8.0},{"damage":5.0,"enemies":"downfall:FleeingMerchant","floor":11.0,"turns":4.0},{"damage":0.0,"enemies":"2 Louse","floor":12.0,"turns":2.0},{"damage":7.0,"enemies":"downfall:Heads","floor":14.0,"turns":6.0},{"damage":0.0,"enemies":"Red Slaver","floor":15.0,"turns":3.0},{"damage":15.0,"enemies":"downfall:Watcher","floor":16.0,"turns":9.0},{"damage":8.0,"enemies":"Spheric Guardian","floor":19.0,"turns":5.0},{"damage":2.0,"enemies":"Shell Parasite","floor":20.0,"turns":9.0},{"damage":1.0,"enemies":"Chosen and Byrds","floor":21.0,"turns":6.0},{"damage":14.0,"enemies":"Slavers","floor":23.0,"turns":10.0},{"damage":29.0,"enemies":"Gremlin Leader","floor":26.0,"turns":13.0},{"damage":18.0,"enemies":"Cultist and Chosen","floor":28.0,"turns":5.0},{"damage":5.0,"enemies":"Shelled Parasite and Fungi","floor":29.0,"turns":4.0},{"damage":0.0,"enemies":"downfall:FleeingMerchant","floor":31.0,"turns":4.0},{"damage":9.0,"enemies":"Sentry and Sphere","floor":32.0,"turns":5.0},{"damage":24.0,"enemies":"downfall:Defect","floor":33.0,"turns":10.0},{"damage":29.0,"enemies":"3 Shapes","floor":36.0,"turns":5.0},{"damage":14.0,"enemies":"Nemesis","floor":38.0,"turns":5.0},{"damage":2.0,"enemies":"Orb Walker","floor":39.0,"turns":3.0},{"damage":38.0,"enemies":"Giant Head","floor":40.0,"turns":6.0},{"damage":7.0,"enemies":"Spire Growth","floor":42.0,"turns":4.0},{"damage":16.0,"enemies":"Nemesis","floor":43.0,"turns":5.0},{"damage":15.0,"enemies":"downfall:FleeingMerchant","floor":45.0,"turns":4.0},{"damage":25,"enemies":"4 Shapes","floor":47,"turns":4},{"damage":8,"enemies":"Sphere and 2 Shapes","floor":48,"turns":4},{"damage":25,"enemies":"Writhing Mass","floor":49,"turns":4},{"damage":57,"enemies":"downfall:Silent","floor":50,"turns":12}],"seed_played":"4250537245708183973","potions_obtained":[{"floor":3.0,"key":"champ:CounterPotion"},{"floor":8.0,"key":"FearPotion"},{"floor":15.0,"key":"SkillPotion"},{"floor":21.0,"key":"DuplicationPotion"},{"floor":28.0,"key":"FearPotion"},{"floor":33.0,"key":"GamblersBrew"},{"floor":39.0,"key":"LiquidBronze"},{"floor":40.0,"key":"Explosive Potion"}],"is_trial":false,"path_per_floor":["R","T","M","R","M","$","T","E","?","E","$","M","T","?","M","B",null,"R","M","M","M","R","E","T","?","E","R","M","M","T","$","M","B",null,"R","M","?","E","M","E","T","M","E","R","$","T","M","M","M","B",null],"character_chosen":"THE_CHAMP","items_purchased":["champ:BringItOn","champ:StanceDance","champ:Haymaker","champ:TornadoPunch","Apotheosis","champ:HoldFirm","Bronze Scales","champ:HeavySlash"],"campfire_rested":0,"item_purchase_floors":[6,6,11,11,31,45,45,45],"current_hp_per_floor":[90,90,90,90,90,85,85,67,67,59,59,59,59,59,59,48,90,90,84,84,83,83,71,71,36,26,36,36,33,33,33,28,28,100,100,89,89,89,89,89,89,84,84,84,71,71,71,71,67,36],"gold":108,"neow_bonus":"RANDOM_COMMON_RELIC","is_daily":false,"chose_seed":false,"campfire_upgraded":6,"win_rate":0.0,"timestamp":1608100281,"path_taken":["R","?","?","R","M","$","T","E","?","E","$","M","?","?","M","BOSS","R","M","M","M","R","E","T","?","E","R","?","M","?","$","M","BOSS","R","M","?","E","M","E","T","M","E","R","$","?","M","M","M","BOSS"],"items_purchased_type":["Card","Card","Card","Card","Card","Card","Relic","Card"],"build_version":"2020-12-13","purchased_purges":2,"victory":true,"max_hp_per_floor":[90,90,90,90,90,90,90,90,90,90,90,90,90,90,90,90,90,90,90,90,90,90,90,90,90,90,100,100,100,100,100,100,100,100,100,100,100,100,100,100,100,100,100,100,100,100,100,100,100,100],"card_choices":[{"not_picked":["champ:StanceDance","champ:BladeFlurry"],"picked":"champ:PreciseThrust","floor":3.0},{"not_picked":["champ:TornadoPunch","champ:IronFortress"],"picked":"champ:ShieldWall","floor":5.0},{"not_picked":["champ:Circumvent","champ:FocusedBerserking"],"picked":"champ:FlashCut","floor":6.0},{"not_picked":["champ:CalledShot","champ:Backstep"],"picked":"champ:ViciousMockery","floor":8.0},{"not_picked":["champ:Riposte","champ:BringItOn"],"picked":"champ:EnGarde","floor":10.0},{"not_picked":["champ:Haymaker","champ:ArenaPreparation"],"picked":"champ:CheapShot","floor":11.0},{"not_picked":["champ:FanOfKnives","champ:AdrenalArmor"],"picked":"champ:DefensiveStyle","floor":12.0},{"not_picked":["champ:StanceDance","champ:SteelEdge"],"picked":"champ:Circumvent","floor":14.0},{"not_picked":["champ:TornadoPunch","champ:AdrenalArmor","champ:Encircle"],"picked":"SKIP","floor":15.0},{"not_picked":["champ:VampiricStrike","champ:SteelEdge"],"picked":"champ:HoldFirm","floor":16.0},{"not_picked":["champ:Duel+1","champ:DefensiveShout","champ:StanceDance"],"picked":"SKIP","floor":19.0},{"not_picked":["champ:EnGarde","champ:EnragedBash","champ:BerserkersShout"],"picked":"SKIP","floor":20.0},{"not_picked":["champ:TornadoPunch","champ:PerfectedStrike"],"picked":"champ:Circumvent","floor":21.0},{"not_picked":["champ:DefensiveStyle+1","champ:FanOfKnives+1"],"picked":"champ:PerfectForm+1","floor":23.0},{"not_picked":["champ:ArenaPreparation","champ:FaceSlap"],"picked":"champ:Lariat","floor":26.0},{"not_picked":["champ:FlashCut","champ:IronFortress+1"],"picked":"champ:GladiatorStyle+1","floor":28.0},{"not_picked":["champ:FightOn","champ:RapidStrikes"],"picked":"champ:Lariat+1","floor":29.0},{"not_picked":["champ:RisingSlash","champ:Backstep","champ:Encircle"],"picked":"SKIP","floor":31.0},{"not_picked":["champ:TornadoPunch","champ:GladiatorsShout"],"picked":"champ:DefensiveShout","floor":32.0},{"not_picked":["champ:LastStand+1","champ:VampiricStrike"],"picked":"champ:MurderStrike","floor":33.0},{"not_picked":["champ:AdrenalArmor+1","champ:StanceDance","champ:FocusedBerserking+1"],"picked":"SKIP","floor":36.0},{"not_picked":["champ:BerserkersShout+1","champ:CrownThrow","champ:BerserkerStyle+1"],"picked":"SKIP","floor":38.0},{"not_picked":["champ:BerserkersShout","champ:GladiatorsShout","champ:PreciseThrust+1"],"picked":"SKIP","floor":39.0},{"not_picked":["champ:DefensiveShout+1","champ:FlashCut","champ:BringItOn+1"],"picked":"SKIP","floor":40.0},{"not_picked":["champ:BringItOn+1","champ:IronFortress+1","champ:BladeFlurry+1"],"picked":"SKIP","floor":42.0},{"not_picked":["champ:FlashCut+1","champ:BringItOn+1"],"picked":"champ:DefensiveStyle+1","floor":43.0},{"not_picked":["champ:TornadoPunch","champ:DefensiveShout+1","champ:Aggression+1"],"picked":"SKIP","floor":45.0},{"not_picked":["champ:DefensiveShout+1","champ:Aggression+1","champ:GladiatorsShout+1"],"picked":"SKIP","floor":47},{"not_picked":["champ:GladiatorStyle+1","champ:BladeFlurry+1","champ:MurderStrike"],"picked":"SKIP","floor":48},{"not_picked":["champ:Backstep+1","champ:AdrenalArmor+1"],"picked":"champ:FalseCounter+1","floor":49}],"player_experience":1029369,"relics_obtained":[{"floor":2.0,"key":"CeramicFish"},{"floor":7.0,"key":"Matryoshka"},{"floor":8.0,"key":"Bottled Lightning"},{"floor":10.0,"key":"Smiling Mask"},{"floor":13.0,"key":"Ornamental Fan"},{"floor":13.0,"key":"Frozen Egg 2"},{"floor":23.0,"key":"champ:DefensiveTrainingManual"},{"floor":24.0,"key":"Anchor"},{"floor":26.0,"key":"InkBottle"},{"floor":30.0,"key":"Potion Belt"},{"floor":38.0,"key":"Akabeko"},{"floor":40.0,"key":"Omamori"},{"floor":41.0,"key":"Nunchaku"},{"floor":43.0,"key":"Whetstone"},{"floor":46,"key":"Orichalcum"}],"event_choices":[],"is_beta":false,"boss_relics":[{"not_picked":["Tiny House","Ectoplasm"],"picked":"Empty Cage"},{"not_picked":["Runic Pyramid","Pandora\u0027s Box"],"picked":"Velvet Choker"}],"items_purged_floors":[31,45],"is_endless":false,"potions_floor_spawned":[3,8,15,21,23,28,33,39,40,42,43,48],"ascension_level":1}}