{"host":"jm9833yuloeli2yd","time":1608082720,"event":{"mods":["AchievementEnabler","BaseMod","Better Altar","Better Match","Better Note","Better Sensory Stone","Better Skull","Better Vampires","Colored Map","Colored Powertips","DeckTracker","Minty Spire (QoL Compilation)","Permanent Neow","Quick Restart","Replay The Spire","StSLib","SuperFastMode"],"gold_per_floor":[111,131,131,0,24,63,63,0,25,40,40,6,20,20,20],"floor_reached":14,"playtime":347,"items_purged":["Overencumbered"],"score":180,"play_id":"b1b928e3-4ab1-47d0-8fea-ebeaf95987d7","local_time":"20201215203840","is_ascension_mode":true,"campfire_choices":[{"floor":7.0,"key":"REST"}],"circlet_count":0,"master_deck":["AscendersBane","Strike_B","Strike_B","Strike_B","Defend_B","Defend_B","Defend_B","Zap","Dualcast","Gash","ReplayTheSpireMod:System Scan","Rebound","Trip","FTL","Beam Cell","Genetic Algorithm","Conserve Battery"],"relics":["Empty Cage","Golden Idol","Replay:Antivirus Software","Dream Catcher","Divine Protection","ReplayTheSpireMod:CursedCoin"],"acts_visited":["Exordium"],"potions_floor_usage":[14,14],"damage_taken":[{"damage":9.0,"enemies":"Jaw Worm","floor":1.0,"turns":4.0},{"damage":7.0,"enemies":"Small Slimes","floor":2.0,"turns":3.0},{"damage":11.0,"enemies":"2 Louse","floor":5.0,"turns":3.0},{"damage":31.0,"enemies":"Gremlin Nob","floor":6.0,"turns":4.0},{"damage":17.0,"enemies":"Blue Slaver","floor":10.0,"turns":4.0},{"damage":0.0,"enemies":"2 Fungi Beasts","floor":13.0,"turns":3.0},{"damage":9,"enemies":"3 Sentries","floor":14,"turns":3}],"seed_played":"-5543409392469159932","potions_obtained":[{"floor":1.0,"key":"AttackPotion"},{"floor":6.0,"key":"Weak Potion"},{"floor":10.0,"key":"AttackPotion"}],"is_trial":false,"path_per_floor":["M","M","?","$","M","E","R","?","T","M","?","$","M","E"],"character_chosen":"DEFECT","items_purchased":["Rebound","Trip","ReplayTheSpireMod:CursedCoin","CultistPotion"],"campfire_rested":1,"item_purchase_floors":[4,4,12,12],"current_hp_per_floor":[55,48,48,48,37,6,25,25,25,8,8,8,8,0,0],"gold":20,"neow_bonus":"BOSS_RELIC","is_daily":false,"chose_seed":false,"campfire_upgraded":0,"win_rate":0.0,"timestamp":1608082720,"path_taken":["M","M","?","$","M","E","R","?","T","M","?","$","M","E"],"items_purchased_type":["Card","Card","Relic","Potion"],"build_version":"2020-12-13","purchased_purges":1,"victory":false,"max_hp_per_floor":[71,71,64,64,64,64,64,64,64,64,64,64,64,64,64],"card_choices":[{"not_picked":["Turbo","Barrage"],"picked":"Gash","floor":1.0},{"not_picked":["Sweeping Beam","Go for the Eyes"],"picked":"ReplayTheSpireMod:System Scan","floor":2.0},{"not_picked":["Turbo","Glacier"],"picked":"FTL","floor":5.0},{"not_picked":["BasicCrystalCard","Compile Driver"],"picked":"Beam Cell","floor":6.0},{"not_picked":["Rebound","Coolheaded"],"picked":"Genetic Algorithm","floor":10.0},{"not_picked":["Ball Lightning","Mirror Shield"],"picked":"Conserve Battery","floor":13.0}],"player_experience":1097501,"relics_obtained":[{"floor":6.0,"key":"Replay:Antivirus Software"},{"floor":9.0,"key":"Dream Catcher"}],"event_choices":[{"damage_healed":0.0,"max_hp_gain":0.0,"max_hp_loss":7.0,"gold_gain":0.0,"event_name":"Golden Idol","player_choice":"Lose Max HP","floor":3.0,"gold_loss":0.0,"damage_taken":0.0,"relics_obtained":["Golden Idol"]},{"damage_healed":0.0,"max_hp_gain":0.0,"max_hp_loss":0.0,"gold_gain":0.0,"event_name":"World of Goop","player_choice":"Left Gold","floor":8.0,"gold_loss":63.0,"damage_taken":0.0},{"damage_healed":0.0,"max_hp_gain":0.0,"max_hp_loss":0.0,"gold_gain":0.0,"event_name":"Dead Adventurer","player_choice":"Searched \u00271\u0027 times","floor":11.0,"gold_loss":0.0,"damage_taken":0.0,"relics_obtained":["Divine Protection"]}],"is_beta":false,"boss_relics":[],"items_purged_floors":[12],"is_endless":false,"potions_floor_spawned":[1,6,10],"killed_by":"3 Sentries","ascension_level":20}}