{"host":"u0ul4tg7h190tzjo","time":1608079672,"event":{"mods":["AchievementEnabler","Act Like it!","Aspiration","BaseMod","Beaked The Cultist","Better Altar","Better Note","Better Sensory Stone","Better Skull","Better Third Choice","Colored Powertips","Conspire","Downfall","Energized Spire","GifTheSpireLib","Hubris","Minty Spire (QoL Compilation)","Rare Cards Sparkle","Shop Mod","Spikes Relics","StSLib","Stuff the Spire","The Dragon Tamer","vexMod"],"gold_per_floor":[99,114,39,54,72,87,87,120,120,45,195,209,223,235,254,358,358,283,296,314,348,359,359,359,389,389,423,433,533,557,573,583,583,583],"floor_reached":33,"playtime":2545,"items_purged":[],"score":363,"play_id":"8cb57800-1d6b-405b-be86-d7916c12a44a","local_time":"20201215194752","is_ascension_mode":false,"campfire_choices":[{"floor":1,"key":"RECALL"},{"data":"champ:PerfectedStrike","floor":3,"key":"SMITH"},{"data":"champ:Taunt","floor":10,"key":"SMITH"},{"data":"champ:Devastate","floor":18,"key":"SMITH"},{"data":"champ:IronFortress","floor":23,"key":"SMITH"}],"circlet_count":0,"master_deck":["champ:Strike+1","champ:Strike+1","champ:Strike+1","champ:Strike+1","champ:Defend","champ:Defend","champ:Defend","champ:Defend","champ:Execute+1","champ:Taunt+1","champ:PerfectedStrike+1","champ:RecklessLeap+1","champ:IronFortress+1","champ:BringItOn","Slimebound:Icky","champ:FaceSlap","champ:Haymaker","champ:Devastate+1","champ:SteelEdge","champ:PerfectedStrike+1","champ:ShieldWall+1"],"relics":["champ:ChampionCrown","downfall:HeartBlessingRed","downfall:HeartBlessingGreen","champ:ChampionCrownUpgraded","downfall:HeartBlessingBlue","champ:FightingForDummies","vexMod:Dragonfruit","Nloth\u0027s Gift","Anchor","MealTicket"],"acts_visited":["Exordium","TheCity"],"potions_floor_usage":[8,16,16,33,33,33],"damage_taken":[{"damage":5,"enemies":"Cultist","floor":2,"turns":3},{"damage":0,"enemies":"Small Slimes","floor":4,"turns":2},{"damage":0,"enemies":"conspire:RoseBush","floor":5,"turns":3},{"damage":4,"enemies":"conspire:2 RoseBushes","floor":6,"turns":3},{"damage":15,"enemies":"Gremlin Nob","floor":8,"turns":2},{"damage":5,"enemies":"Lots of Slimes","floor":12,"turns":3},{"damage":0,"enemies":"Exordium Wildlife","floor":13,"turns":2},{"damage":0,"enemies":"3 Louse","floor":14,"turns":3},{"damage":28,"enemies":"conspire:2 RoseBushes","floor":15,"turns":4},{"damage":88,"enemies":"downfall:Defect","floor":16,"turns":7},{"damage":5,"enemies":"Spheric Guardian","floor":19,"turns":3},{"damage":0,"enemies":"Chosen","floor":20,"turns":2},{"damage":37,"enemies":"conspire:SneckoGhost","floor":21,"turns":6},{"damage":0,"enemies":"Snake Plant","floor":22,"turns":2},{"damage":47,"enemies":"Book of Stabbing","floor":25,"turns":5},{"damage":7,"enemies":"conspire:Head Lice","floor":27,"turns":3},{"damage":23,"enemies":"Shelled Parasite and Fungi","floor":28,"turns":2},{"damage":34,"enemies":"Centurion and Healer","floor":31,"turns":4},{"damage":8,"enemies":"Snecko","floor":32,"turns":3},{"damage":90,"enemies":"downfall:Silent","floor":33,"turns":9}],"seed_played":"-3308415425548025115","potions_obtained":[{"floor":4,"key":"DuplicationPotion"},{"floor":5,"key":"Energy Potion"},{"floor":6,"key":"champ:CounterPotion"},{"floor":13,"key":"GamblersBrew"},{"floor":14,"key":"Strength Potion"},{"floor":20,"key":"FearPotion"},{"floor":21,"key":"Strength Potion"},{"floor":25,"key":"SteroidPotion"},{"floor":31,"key":"Energy Potion"}],"is_trial":false,"path_per_floor":["R","M","R","M","M","M","T","E","?","R","?","M","M","M","M","B",null,"R","M","M","E","M","R","T","E","?","E","M","?","T","M","M","B"],"character_chosen":"THE_CHAMP","items_purchased":[],"campfire_rested":0,"item_purchase_floors":[],"current_hp_per_floor":[99,99,99,99,99,95,95,95,95,95,95,95,95,95,87,29,99,109,109,109,97,97,97,97,78,78,76,76,76,76,67,67,0,0],"gold":583,"neow_bonus":"TEN_PERCENT_HP_BONUS","is_daily":false,"chose_seed":false,"campfire_upgraded":4,"win_rate":0.0,"timestamp":1608079672,"path_taken":["R","M","R","M","?","M","T","E","?","R","?","M","M","M","M","BOSS","R","?","M","E","M","R","T","E","?","E","M","?","?","?","M","BOSS"],"items_purchased_type":[],"build_version":"2020-12-13","purchased_purges":0,"victory":false,"max_hp_per_floor":[99,99,99,99,99,99,99,99,99,99,99,99,99,99,99,99,99,109,109,109,109,109,109,109,114,114,114,114,114,114,114,114,114,114],"card_choices":[{"not_picked":["champ:ShieldWall","champ:FocusedGladiator"],"picked":"champ:PerfectedStrike","floor":2},{"not_picked":["champ:Circumvent","champ:BladeFlurry","champ:BerserkerStyle"],"picked":"SKIP","floor":4},{"not_picked":["champ:CrookedStrike","champ:BerserkerStyle"],"picked":"champ:RecklessLeap","floor":5},{"not_picked":["champ:PerfectedStrike","champ:Encircle"],"picked":"champ:IronFortress","floor":6},{"not_picked":["champ:Circumvent","champ:Improvising"],"picked":"champ:BringItOn","floor":8},{"not_picked":["champ:SkillfulDodge","champ:DefensiveStyle","champ:Backstep"],"picked":"SKIP","floor":12},{"not_picked":["champ:BerserkersShout","champ:BringItOn"],"picked":"champ:FaceSlap","floor":13},{"not_picked":["champ:Encircle","champ:Shatter","champ:DefensiveShout"],"picked":"SKIP","floor":14},{"not_picked":["champ:GladiatorsShout","champ:Encircle"],"picked":"champ:Haymaker","floor":15},{"not_picked":["champ:LastStand","champ:CrownThrow"],"picked":"champ:Devastate","floor":16},{"not_picked":["champ:BladeFlurry","champ:BerserkersShout","champ:FalseCounter+1"],"picked":"SKIP","floor":19},{"not_picked":["champ:DefensiveShout","champ:Haymaker","champ:Circumvent"],"picked":"SKIP","floor":20},{"not_picked":["champ:IronFortress","champ:FightOn","champ:BerserkersShout"],"picked":"SKIP","floor":21},{"not_picked":["champ:CrookedStrike","champ:AdrenalArmor","champ:FocusedDefense"],"picked":"SKIP","floor":22},{"not_picked":["champ:Encircle","champ:Backstep","champ:IronFortress"],"picked":"SKIP","floor":25},{"not_picked":["champ:Lariat","champ:MurderStrike"],"picked":"champ:SteelEdge","floor":27},{"not_picked":["champ:FocusedBerserking","champ:GutPunch","champ:Circumvent+1"],"picked":"SKIP","floor":28},{"not_picked":["champ:BladeFlurry","champ:FocusedDefense"],"picked":"champ:PerfectedStrike+1","floor":31},{"not_picked":["champ:BerserkersShout","champ:AdrenalArmor"],"picked":"champ:ShieldWall+1","floor":32}],"player_experience":172075,"relics_obtained":[{"floor":8,"key":"Dream Catcher"},{"floor":21,"key":"champ:FightingForDummies"},{"floor":24,"key":"beaked:ShinyBauble"},{"floor":25,"key":"vexMod:Dragonfruit"},{"floor":27,"key":"Anchor"},{"floor":30,"key":"MealTicket"}],"event_choices":[],"is_beta":false,"boss_relics":[{"not_picked":["aspiration:RunicSpoon","Sozu"],"picked":"champ:ChampionCrownUpgraded"}],"items_purged_floors":[],"is_endless":false,"potions_floor_spawned":[4,5,6,13,14,20,21,25,28,31],"killed_by":"downfall:Silent","ascension_level":0}}