{"host":"l8lkgdumzpe3823a","time":1608155550,"event":{"mods":["Aspiration","BaseMod","Better Note","Colored Powertips","Curses Come First","Custom Start","DeckTracker","Defuse TimeMaze Blight","Highlight Path","Hubris","Infinite Spire","Minty Spire (QoL Compilation)","Quick Restart","Replay The Spire","Shop Mod","StSLib","SuperFastMode","The Construct","The Dragon Tamer","vexMod"],"gold_per_floor":[110,110,110,1,15,48,48,48,96,96,111,137,37,55,55,158,158,175,192,208,208,208,208,238,42,68,78,78,78,54,70,70,166,166,186,186,61,77,94,94,105,132,132,132,132,132,132],"floor_reached":46,"playtime":1524,"items_purged":["Spreading Infection","Strike_G","ReplayTheSpireMod:Splinters"],"score":578,"play_id":"b3805e89-bb71-47ad-87b1-ba8df4da0d7f","local_time":"20201216155230","is_ascension_mode":true,"campfire_choices":[{"data":"Distraction","floor":7.0,"key":"SMITH"},{"data":"infinitespire:DeathsTouch","floor":10.0,"key":"SMITH"},{"floor":15.0,"key":"REST"},{"data":"Shame","floor":23.0,"key":"PURGE"},{"data":"Adrenaline","floor":28.0,"key":"SMITH"},{"data":"Catalyst","floor":32.0,"key":"SMITH"},{"floor":40.0,"key":"REST"},{"floor":44.0,"key":"REST"}],"circlet_count":0,"master_deck":["Defend_G","Defend_G","Defend_G","Defend_G","Survivor","Neutralize","Dodge and Roll","Well Laid Plans","Distraction+1","Blade Dance+1","Calculated Gamble","Adrenaline+1","Bullet Time","Dodge and Roll","Prepared","Catalyst+1","Poisoned Stab","Prepared","Catalyst+1","A Thousand Cuts","Clumsy","infinitespire:Gouge","Dodge and Roll+1","PiercingWail","Parasite","Catalyst","Finisher+1"],"relics":["Ring of the Snake","ReplayTheSpireMod:Ring of Addiction","Chameleon Ring","White Beast Statue","Ring of Fury","Kunai","MealTicket","Peace Pipe","hubris:AncientText","Bag of Preparation","War Paint","Art of War","aspiration:RitualStick","Kintsugi","hubris:ToyBattleship","infinitespire:EmpoweringShard"],"acts_visited":["Exordium","TheCity","TheBeyond"],"potions_floor_usage":[46],"damage_taken":[{"damage":2.0,"enemies":"Jaw Worm","floor":1.0,"turns":5.0},{"damage":4.0,"enemies":"Small Slimes","floor":5.0,"turns":2.0},{"damage":7.0,"enemies":"Gremlin Nob","floor":6.0,"turns":3.0},{"damage":6.0,"enemies":"2 Louse","floor":11.0,"turns":2.0},{"damage":10.0,"enemies":"Lagavulin","floor":12.0,"turns":3.0},{"damage":14.0,"enemies":"Lots of Slimes","floor":14.0,"turns":3.0},{"damage":8.0,"enemies":"Hexaghost","floor":16.0,"turns":7.0},{"damage":0.0,"enemies":"3 Byrds","floor":18.0,"turns":1.0},{"damage":13.0,"enemies":"2 Thieves","floor":19.0,"turns":3.0},{"damage":0.0,"enemies":"Chosen and Byrds","floor":20.0,"turns":3.0},{"damage":11.0,"enemies":"Book of Stabbing","floor":24.0,"turns":4.0},{"damage":0.0,"enemies":"Shelled Parasite and Fungi","floor":27.0,"turns":2.0},{"damage":15.0,"enemies":"Centurion and Healer","floor":31.0,"turns":2.0},{"damage":32.0,"enemies":"hubris:MusketHawk","floor":33.0,"turns":6.0},{"damage":0.0,"enemies":"Orb Walker","floor":35.0,"turns":2.0},{"damage":27.0,"enemies":"3 Shapes","floor":38.0,"turns":3.0},{"damage":30.0,"enemies":"Spire Growth","floor":39.0,"turns":4.0},{"damage":8.0,"enemies":"Writhing Mass","floor":41.0,"turns":5.0},{"damage":0.0,"enemies":"Nightmare","floor":42.0,"turns":6.0},{"damage":20.0,"enemies":"Jaw Worm Horde","floor":45.0,"turns":2.0},{"damage":19,"enemies":"Transient","floor":46,"turns":2}],"seed_played":"1265945745328449963","potions_obtained":[{"floor":3.0,"key":"SkillPotion"},{"floor":3.0,"key":"SteroidPotion"},{"floor":3.0,"key":"SteroidPotion"},{"floor":5.0,"key":"Weak Potion"},{"floor":6.0,"key":"Ancient Potion"},{"floor":12.0,"key":"SpeedPotion"},{"floor":14.0,"key":"LiquidMemories"},{"floor":16.0,"key":"LiquidBronze"},{"floor":18.0,"key":"CultistPotion"},{"floor":19.0,"key":"LifebloodPotion"},{"floor":20.0,"key":"SpeedPotion"},{"floor":24.0,"key":"Adrenaline Potion"},{"floor":27.0,"key":"SmokeBomb"},{"floor":31.0,"key":"Energy Potion"},{"floor":33.0,"key":"EssenceOfSteel"},{"floor":35.0,"key":"Elixir"},{"floor":38.0,"key":"Fire Potion"},{"floor":39.0,"key":"BlessingOfTheForge"},{"floor":41.0,"key":"Milkshake"},{"floor":42.0,"key":"SteroidPotion"}],"is_trial":false,"path_per_floor":["M","?","?","$","M","E","R","?","T","R","M","E","$","M","R","B",null,"M","M","M","?","T","R","E","$","T","M","R","?","$","M","R","B",null,"M","?","$","M","M","R","M","NM","T","R","M","M"],"character_chosen":"THE_SILENT","items_purchased":["Well Laid Plans","War Paint","Poisoned Stab","Prepared"],"campfire_rested":3,"item_purchase_floors":[4,25,25,30],"current_hp_per_floor":[68,51,51,51,47,40,40,40,40,40,34,24,39,25,45,37,68,68,55,55,55,55,55,44,59,59,59,59,46,61,46,46,14,62,62,62,60,33,3,21,13,13,13,31,11,0,0],"gold":132,"neow_bonus":"TRANSFORM_CARD","is_daily":false,"chose_seed":false,"campfire_upgraded":4,"win_rate":0.0,"timestamp":1608155550,"path_taken":["M","?","?","$","M","E","R","?","T","R","M","E","$","?","R","BOSS","M","M","M","?","?","R","E","$","T","M","R","?","$","M","R","BOSS","M","?","$","M","M","R","?","NM","T","R","M","M"],"items_purchased_type":["Card","Relic","Card","Card"],"build_version":"2020-12-13","purchased_purges":3,"victory":false,"max_hp_per_floor":[70,70,70,70,70,70,70,70,70,68,68,68,68,68,68,68,68,68,68,68,68,68,68,66,66,66,66,64,64,64,62,62,62,62,62,62,60,60,60,60,60,60,60,60,60,60,60],"card_choices":[{"not_picked":["Bane","Hidden Blade"],"picked":"Dodge and Roll","floor":1.0},{"not_picked":["infinitespire:Oblivion","infinitespire:Starlight"],"picked":"infinitespire:DeathsTouch","floor":2.0},{"not_picked":["Acrobatics","Dodge and Roll"],"picked":"Distraction","floor":5.0},{"not_picked":["Night Terror","Dodge and Roll"],"picked":"Blade Dance","floor":6.0},{"not_picked":["Deadly Poison","Prepared","Accuracy"],"picked":"SKIP","floor":11.0},{"not_picked":["Hidden Blade","Bane"],"picked":"Calculated Gamble","floor":12.0},{"not_picked":["Underhanded Strike","ReplayTheSpireMod:Speed Training"],"picked":"Adrenaline","floor":14.0},{"not_picked":["Malaise","Storm of Steel"],"picked":"Bullet Time","floor":16.0},{"not_picked":["Poisoned Stab","Hidden Blade"],"picked":"Blade Dance","floor":18.0},{"not_picked":["Sucker Punch","Endless Agony"],"picked":"Dodge and Roll","floor":19.0},{"not_picked":["Venomology","Sucker Punch+1"],"picked":"Prepared","floor":20.0},{"not_picked":["Sneak Up","Backstab"],"picked":"Catalyst","floor":24.0},{"not_picked":["Outmaneuver","Quick Slash","Cloak And Dagger"],"picked":"SKIP","floor":27.0},{"not_picked":["Underhanded Strike","Deflect"],"picked":"Catalyst","floor":31.0},{"not_picked":["Glass Knife","Poison Darts"],"picked":"A Thousand Cuts","floor":33.0},{"not_picked":["Eviscerate+1","Sucker Punch","Outmaneuver+1"],"picked":"SKIP","floor":35.0},{"not_picked":["hubris:Counter+1","Deflect"],"picked":"Dodge and Roll+1","floor":38.0},{"not_picked":["ReplayTheSpireMod:Shiv Toss+1","ReplayTheSpireMod:Tripwire"],"picked":"PiercingWail","floor":39.0},{"not_picked":["Draining Mist","Bane+1"],"picked":"Catalyst","floor":41.0},{"not_picked":["PiercingWail+1","Choke+1"],"picked":"Finisher+1","floor":42.0}],"player_experience":558880,"relics_obtained":[{"floor":3.0,"key":"ReplayTheSpireMod:Ring of Addiction"},{"floor":3.0,"key":"Chameleon Ring"},{"floor":3.0,"key":"White Beast Statue"},{"floor":3.0,"key":"Ring of Fury"},{"floor":6.0,"key":"Kunai"},{"floor":9.0,"key":"MealTicket"},{"floor":12.0,"key":"Peace Pipe"},{"floor":22.0,"key":"hubris:AncientText"},{"floor":24.0,"key":"Bag of Preparation"},{"floor":26.0,"key":"Art of War"},{"floor":42.0,"key":"hubris:ToyBattleship"},{"floor":43.0,"key":"infinitespire:EmpoweringShard"}],"event_choices":[{"cards_removed":["Strike_G"],"damage_healed":0.0,"max_hp_gain":0.0,"max_hp_loss":0.0,"gold_gain":0.0,"event_name":"Wheel of Change","player_choice":"Card Removal","floor":8.0,"gold_loss":0.0,"damage_taken":0.0},{"damage_healed":0.0,"max_hp_gain":0.0,"max_hp_loss":0.0,"gold_gain":0.0,"cards_transformed":["infinitespire:DeathsTouch"],"event_name":"Transmorgrifier","player_choice":"Transformed","floor":36.0,"gold_loss":0.0,"damage_taken":0.0,"cards_obtained":["infinitespire:Gouge"]}],"is_beta":false,"boss_relics":[{"not_picked":["Coffee Dripper","Replay:Wanted Poster","aspiration:RitualDagger"]},{"not_picked":["Replay:Bronze Core","Fusion Hammer"],"picked":"Kintsugi"}],"items_purged_floors":[4,13,37],"is_endless":false,"potions_floor_spawned":[5,6,11,12,14,16,18,19,20,24,27,31,33,35,38,39,41,42,45],"killed_by":"Transient","ascension_level":3}}