{"host":"daa8jqyg4gqfaysm","time":1608129317,"event":{"mods":["BaseMod","Colored Powertips","Minty Spire (QoL Compilation)","StSLib"],"gold_per_floor":[112,132,40,40,53,87,87,116,116,166,223,255,255,266,266,340,340,353,268,268,20,32,58,58,86,86,136,136,150,167,17,17,94,94,105,105,130,183,183,214,25,58,84,84,84,115,115,135,135,135,135,135,21,50,50,50],"floor_reached":55,"playtime":2795,"items_purged":["Strike_B"],"score":1659,"play_id":"9014164b-f493-4d6d-b79e-b8278fc5b112","local_time":"20201216223517","is_ascension_mode":true,"campfire_choices":[{"data":"Defragment","floor":7,"key":"SMITH"},{"data":"Rip and Tear","floor":13,"key":"SMITH"},{"data":"Zap","floor":15,"key":"SMITH"},{"data":"Auto Shields","floor":24,"key":"SMITH"},{"data":"Chill","floor":28,"key":"SMITH"},{"data":"Defragment","floor":32,"key":"SMITH"},{"floor":45,"key":"REST"},{"floor":47,"key":"RECALL"},{"data":"Buffer","floor":49,"key":"SMITH"},{"data":"Dualcast","floor":52,"key":"SMITH"}],"circlet_count":0,"master_deck":["AscendersBane","Strike_B","Strike_B","Defend_B","Defend_B","Defend_B","Defend_B","Zap+1","Dualcast+1","Ball Lightning","Defragment+1","Rip and Tear+1","Cold Snap","Auto Shields+1","Chill+1","Reinforced Body+1","Sweeping Beam","Hologram+1","Coolheaded+1","Seek+1","Melter+1","Leap+1","Compile Driver","Defragment+1","Chaos+1","Buffer+1","Coolheaded+1","Lockon+1","Hologram+1","Undo+1","Capacitor","Steam Power+1"],"relics":["Cracked Core","Juzu Bracelet","Orichalcum","Toxic Egg 2","Strawberry","Happy Flower","Singing Bowl","Black Star","Eternal Feather","Bottled Lightning","Lantern","Thread and Needle","Ice Cream","Vajra","DataDisk","Sozu","Calipers","FossilizedHelix","Anchor","Molten Egg 2","Centennial Puzzle","Frozen Eye","Oddly Smooth Stone","Akabeko","Pen Nib","Mercury Hourglass","Kunai","Bird Faced Urn"],"acts_visited":["Exordium","TheCity","TheBeyond","TheEnding"],"potions_floor_usage":[23,25,33,38],"damage_taken":[{"damage":1,"enemies":"2 Louse","floor":1,"turns":3},{"damage":7,"enemies":"Small Slimes","floor":2,"turns":3},{"damage":0,"enemies":"Cultist","floor":5,"turns":3},{"damage":19,"enemies":"Gremlin Nob","floor":6,"turns":4},{"damage":0,"enemies":"3 Sentries","floor":8,"turns":8},{"damage":4,"enemies":"Gremlin Nob","floor":11,"turns":5},{"damage":5,"enemies":"Lagavulin","floor":12,"turns":7},{"damage":1,"enemies":"2 Fungi Beasts","floor":14,"turns":2},{"damage":30,"enemies":"Hexaghost","floor":16,"turns":10},{"damage":3,"enemies":"Chosen","floor":18,"turns":6},{"damage":0,"enemies":"Spheric Guardian","floor":22,"turns":1},{"damage":21,"enemies":"Book of Stabbing","floor":23,"turns":6},{"damage":43,"enemies":"Slavers","floor":25,"turns":6},{"damage":0,"enemies":"Snecko","floor":29,"turns":4},{"damage":0,"enemies":"Centurion and Healer","floor":30,"turns":5},{"damage":5,"enemies":"Champ","floor":33,"turns":15},{"damage":0,"enemies":"Orb Walker","floor":35,"turns":3},{"damage":0,"enemies":"Mind Bloom Boss Battle","floor":37,"turns":7},{"damage":50,"enemies":"2 Orb Walkers","floor":38,"turns":7},{"damage":0,"enemies":"Nemesis","floor":40,"turns":9},{"damage":1,"enemies":"Reptomancer","floor":42,"turns":8},{"damage":0,"enemies":"Giant Head","floor":46,"turns":10},{"damage":0,"enemies":"3 Darklings","floor":48,"turns":5},{"damage":0,"enemies":"Awakened One","floor":50,"turns":29},{"damage":42,"enemies":"Shield and Spear","floor":54,"turns":15},{"damage":68,"enemies":"The Heart","floor":55,"turns":14}],"seed_played":"-175649610416146808","potions_obtained":[{"floor":8,"key":"PotionOfCapacity"},{"floor":11,"key":"SpeedPotion"},{"floor":18,"key":"Fire Potion"},{"floor":23,"key":"SkillPotion"},{"floor":29,"key":"SkillPotion"}],"is_trial":false,"path_per_floor":["M","M","$","?","M","E","R","E","T","?","?","E","R","M","R","B",null,"M","?","?","$","M","E","R","E","T","?","R","M","M","$","R","B",null,"M","?","?","?","T","E","$","E","T","?","R","E","R","M","R","B",null,"R","$","E","B"],"character_chosen":"DEFECT","items_purchased":["Rip and Tear","Cold Snap","Bottled Lightning","Chaos+1","Frozen Eye","Hologram+1","Capacitor","Steam Power+1"],"campfire_rested":1,"item_purchase_floors":[3,3,21,31,41,41,53,53],"current_hp_per_floor":[63,56,56,61,61,42,42,42,49,49,45,40,40,39,39,9,65,62,62,83,83,85,64,76,35,35,35,47,47,47,47,62,57,80,82,82,82,34,34,34,34,33,33,33,76,78,88,90,90,90,90,90,90,50,0,0],"gold":50,"neow_bonus":"RANDOM_COMMON_RELIC","is_daily":false,"chose_seed":false,"campfire_upgraded":8,"win_rate":0.0,"timestamp":1608129317,"path_taken":["M","M","$","?","M","E","R","E","T","?","?","E","R","M","R","BOSS","M","?","?","$","M","E","R","E","T","?","R","M","M","$","R","BOSS","M","?","?","?","?","E","?","E","T","?","R","E","R","M","R","BOSS","R","$","E","BOSS"],"items_purchased_type":["Card","Card","Relic","Card","Relic","Card","Card","Card"],"build_version":"2020-12-13","purchased_purges":1,"victory":false,"max_hp_per_floor":[71,71,71,76,76,76,76,76,83,83,83,83,83,83,83,83,83,83,83,83,83,85,85,85,87,87,87,87,87,87,87,87,87,87,89,89,89,91,91,91,91,91,91,86,86,88,88,90,90,90,90,90,90,92,92,92],"card_choices":[{"not_picked":["Conserve Battery","Self Repair"],"picked":"Ball Lightning","floor":1},{"not_picked":["Go for the Eyes","Coolheaded"],"picked":"Defragment","floor":2},{"not_picked":["Turbo","Consume"],"picked":"Auto Shields","floor":5},{"not_picked":["Recycle","Rebound"],"picked":"Chill","floor":6},{"not_picked":["Thunder Strike","Double Energy+1"],"picked":"Reinforced Body+1","floor":8},{"not_picked":["Hologram+1","Steam+1"],"picked":"Sweeping Beam","floor":11},{"not_picked":["Barrage","Gash"],"picked":"Hologram+1","floor":12},{"not_picked":["Steam+1","Static Discharge"],"picked":"Coolheaded+1","floor":14},{"not_picked":["Creative AI","Buffer"],"picked":"Seek+1","floor":16},{"not_picked":["Beam Cell","Gash"],"picked":"Melter+1","floor":18},{"not_picked":["Chill+1","Gash+1","Barrage"],"picked":"Singing Bowl","floor":22},{"not_picked":["Barrage","Streamline"],"picked":"Leap+1","floor":23},{"not_picked":["Turbo+1","Heatsinks","Chill+1"],"picked":"Singing Bowl","floor":25},{"not_picked":["Cold Snap","Gash"],"picked":"Compile Driver","floor":29},{"not_picked":["Reprogram+1","Beam Cell"],"picked":"Defragment","floor":30},{"not_picked":["All For One","Thunder Strike"],"picked":"Buffer","floor":33},{"not_picked":["Steam+1","Cold Snap+1","Ball Lightning"],"picked":"Singing Bowl","floor":35},{"not_picked":["Hologram+1","Streamline"],"picked":"Coolheaded+1","floor":37},{"not_picked":["Barrage","Turbo+1","Hologram+1"],"picked":"Singing Bowl","floor":38},{"not_picked":["Sunder+1","Recycle+1"],"picked":"Lockon+1","floor":40},{"not_picked":["Hyperbeam+1","Darkness+1"],"picked":"Undo+1","floor":42},{"not_picked":["Go for the Eyes+1","Turbo+1","Beam Cell+1"],"picked":"Singing Bowl","floor":46},{"not_picked":["Gash+1","Stack+1","Compile Driver+1"],"picked":"Singing Bowl","floor":48},{"not_picked":["Hologram+1","Streamline+1","Double Energy+1"],"picked":"Singing Bowl","floor":54}],"player_experience":686226,"relics_obtained":[{"floor":6,"key":"Orichalcum"},{"floor":8,"key":"Toxic Egg 2"},{"floor":9,"key":"Strawberry"},{"floor":11,"key":"Happy Flower"},{"floor":12,"key":"Singing Bowl"},{"floor":23,"key":"Lantern"},{"floor":23,"key":"Thread and Needle"},{"floor":25,"key":"Ice Cream"},{"floor":25,"key":"Vajra"},{"floor":26,"key":"DataDisk"},{"floor":37,"key":"Calipers"},{"floor":38,"key":"FossilizedHelix"},{"floor":39,"key":"Anchor"},{"floor":40,"key":"Molten Egg 2"},{"floor":40,"key":"Centennial Puzzle"},{"floor":42,"key":"Oddly Smooth Stone"},{"floor":42,"key":"Akabeko"},{"floor":46,"key":"Pen Nib"},{"floor":46,"key":"Mercury Hourglass"},{"floor":54,"key":"Kunai"},{"floor":54,"key":"Bird Faced Urn"}],"event_choices":[{"damage_healed":0,"gold_gain":0,"player_choice":"Donut","damage_taken":0,"max_hp_gain":5,"max_hp_loss":0,"event_name":"Big Fish","floor":4,"gold_loss":0},{"damage_healed":0,"gold_gain":50,"player_choice":"Pray","damage_taken":0,"max_hp_gain":0,"max_hp_loss":0,"event_name":"Golden Shrine","floor":10,"gold_loss":0},{"damage_healed":0,"gold_gain":30,"player_choice":"Searched \u00273\u0027 times","damage_taken":0,"max_hp_gain":0,"max_hp_loss":0,"event_name":"Dead Adventurer","floor":11,"gold_loss":0},{"damage_healed":0,"gold_gain":0,"player_choice":"Obtained Relic","damage_taken":0,"relics_obtained":["Eternal Feather"],"max_hp_gain":0,"max_hp_loss":0,"event_name":"Addict","floor":19,"gold_loss":85},{"damage_healed":21,"gold_gain":0,"player_choice":"Full Heal","damage_taken":0,"max_hp_gain":0,"max_hp_loss":0,"event_name":"Wheel of Change","floor":20,"gold_loss":0},{"damage_healed":0,"gold_gain":50,"player_choice":"Stole From Cult","damage_taken":0,"max_hp_gain":0,"max_hp_loss":0,"event_name":"Nest","floor":27,"gold_loss":0},{"cards_removed":["Strike_B"],"damage_healed":0,"gold_gain":0,"player_choice":"Removed Attack","damage_taken":0,"max_hp_gain":0,"max_hp_loss":0,"event_name":"Falling","floor":36,"gold_loss":0},{"damage_healed":0,"gold_gain":0,"player_choice":"Fight","damage_taken":0,"max_hp_gain":0,"max_hp_loss":0,"event_name":"MindBloom","floor":37,"gold_loss":0},{"damage_healed":0,"gold_gain":0,"player_choice":"Fight","damage_taken":0,"max_hp_gain":0,"max_hp_loss":0,"event_name":"Mysterious Sphere","floor":38,"gold_loss":0},{"damage_healed":0,"gold_gain":0,"player_choice":"Max HP","damage_taken":0,"max_hp_gain":0,"max_hp_loss":5,"event_name":"Winding Halls","floor":44,"gold_loss":0}],"is_beta":false,"boss_relics":[{"not_picked":["Ectoplasm","Tiny House"],"picked":"Black Star"},{"not_picked":["Pandora\u0027s Box","Nuclear Battery"],"picked":"Sozu"}],"items_purged_floors":[31],"is_endless":false,"potions_floor_spawned":[8,11,14,18,23,29,30,37,38,46],"killed_by":"The Heart","ascension_level":15}}