{"host":"p245q48pmopyklqs","time":1608092067,"event":{"mods":["AchievementEnabler","BaseMod","Better Third Choice","DeckTracker","Minty Spire (QoL Compilation)","Relic Stats","StSLib","SuperFastMode"],"gold_per_floor":[12,31,49,69,79,79,101,56,56,69,84,109,109,109,109,182,182,198,118,118],"floor_reached":19,"playtime":1521,"items_purged":[],"score":342,"play_id":"f3d45d78-6086-4736-8b74-981278123a76","local_time":"20201216131427","is_ascension_mode":true,"campfire_choices":[{"data":"Uppercut","floor":6,"key":"SMITH"},{"floor":13,"key":"REST"},{"floor":15,"key":"REST"}],"circlet_count":0,"master_deck":["AscendersBane","Strike_R","Strike_R","Strike_R","Defend_R","Defend_R","Defend_R","Defend_R","Bash","Shrug It Off","Uppercut+1","Inflame","Shrug It Off","Seeing Red","Dual Wield","Berserk","Sword Boomerang+1"],"relics":["Burning Blood","Odd Mushroom","Molten Egg 2","Bag of Marbles","Shuriken","Mark of Pain"],"acts_visited":["Exordium","TheCity"],"potions_floor_usage":[7,12,12,16],"damage_taken":[{"damage":4,"enemies":"Small Slimes","floor":1,"turns":4},{"damage":9,"enemies":"Jaw Worm","floor":2,"turns":5},{"damage":0,"enemies":"Cultist","floor":3,"turns":3},{"damage":23,"enemies":"Exordium Thugs","floor":4,"turns":5},{"damage":24,"enemies":"Exordium Wildlife","floor":5,"turns":6},{"damage":34,"enemies":"The Mushroom Lair","floor":7,"turns":6},{"damage":5,"enemies":"Looter","floor":10,"turns":5},{"damage":4,"enemies":"Blue Slaver","floor":11,"turns":6},{"damage":8,"enemies":"Lagavulin","floor":12,"turns":10},{"damage":26,"enemies":"The Guardian","floor":16,"turns":19},{"damage":45,"enemies":"Chosen","floor":18,"turns":8},{"damage":28,"enemies":"2 Thieves","floor":19,"turns":2}],"seed_played":"-989016421967226863","potions_obtained":[{"floor":2,"key":"Weak Potion"},{"floor":4,"key":"DistilledChaos"},{"floor":10,"key":"Dexterity Potion"},{"floor":12,"key":"Weak Potion"}],"is_trial":false,"path_per_floor":["M","M","M","M","M","R","?","?","T","M","M","E","R","?","R","B",null,"M","M"],"character_chosen":"IRONCLAD","items_purchased":[],"campfire_rested":2,"item_purchase_floors":[],"current_hp_per_floor":[70,67,73,56,38,38,10,10,10,11,13,11,33,15,37,17,61,22,0,0],"gold":118,"neow_bonus":"REMOVE_TWO","is_daily":false,"chose_seed":false,"campfire_upgraded":1,"win_rate":0.0,"timestamp":1608092067,"path_taken":["M","M","M","M","M","R","?","?","T","M","M","E","R","?","R","BOSS","M","M"],"items_purchased_type":[],"build_version":"2020-12-13","purchased_purges":0,"victory":false,"max_hp_per_floor":[75,75,75,75,75,75,75,75,75,75,75,75,75,75,75,75,75,75,75,75],"relic_stats":{"counters":[12,79],"Shuriken":[1],"obtain_stats":[{"Shuriken":14,"Molten Egg 2":9,"Mark of Pain":17,"Bag of Marbles":12,"Odd Mushroom":7,"Burning Blood":0},{"Shuriken":9,"Molten Egg 2":6,"Mark of Pain":10,"Bag of Marbles":9,"Odd Mushroom":6,"Burning Blood":0},{"Shuriken":50,"Molten Egg 2":29,"Mark of Pain":69,"Bag of Marbles":50,"Odd Mushroom":29,"Burning Blood":0}],"Burning Blood":66},"card_choices":[{"not_picked":["Clash","Headbutt"],"picked":"Shrug It Off","floor":1},{"not_picked":["Entrench","Heavy Blade"],"picked":"Uppercut","floor":2},{"not_picked":["Thunderclap","Clash"],"picked":"Inflame","floor":3},{"not_picked":["Twin Strike","Power Through","Thunderclap"],"picked":"SKIP","floor":4},{"not_picked":["Uppercut","Wild Strike","Fiend Fire"],"picked":"SKIP","floor":5},{"not_picked":["Uppercut","Wild Strike","Fiend Fire"],"picked":"SKIP","floor":5},{"not_picked":["Infernal Blade","Searing Blow+1"],"picked":"Shrug It Off","floor":10},{"not_picked":["Entrench","Heavy Blade+1"],"picked":"Seeing Red","floor":11},{"not_picked":["Ghostly Armor","Intimidate"],"picked":"Dual Wield","floor":12},{"not_picked":["Exhume","Juggernaut"],"picked":"Berserk","floor":16},{"not_picked":["Seeing Red","Clothesline+1"],"picked":"Sword Boomerang+1","floor":18}],"player_experience":2277962,"relics_obtained":[{"floor":7,"key":"Odd Mushroom"},{"floor":9,"key":"Molten Egg 2"},{"floor":12,"key":"Bag of Marbles"}],"event_choices":[{"damage_healed":0,"gold_gain":0,"player_choice":"Fought Mushrooms","damage_taken":0,"max_hp_gain":0,"max_hp_loss":0,"event_name":"Mushrooms","floor":7,"gold_loss":0},{"damage_healed":0,"gold_gain":0,"player_choice":"Left","damage_taken":0,"max_hp_gain":0,"max_hp_loss":0,"event_name":"betterThird:BetterGoop","floor":8,"gold_loss":45},{"damage_healed":0,"gold_gain":0,"player_choice":"Relic ","damage_taken":18,"max_hp_gain":0,"max_hp_loss":0,"event_name":"betterThird:BetterScrap","floor":14,"gold_loss":0,"cards_obtained":["Reboot"]}],"is_beta":false,"boss_relics":[{"not_picked":["Snecko Eye","Ectoplasm"],"picked":"Mark of Pain"}],"items_purged_floors":[],"is_endless":false,"potions_floor_spawned":[2,4,5,10,12],"killed_by":"2 Thieves","ascension_level":20}}