{"host":"gsjtu2nhjj0xfoom","time":1608105857,"event":{"mods":["BaseMod","Colored Map","Colored Powertips","Highlight Path","Minty Spire (QoL Compilation)","Permanent Neow","StSLib"],"gold_per_floor":[115,290,309,7,82,82,120,148,175,275,275,304,304,29,29,113,113,136,157,207,54,69,69,106,106,129,129,129],"floor_reached":27,"playtime":1407,"items_purged":["Doubt","Strike_P"],"score":378,"play_id":"5c087d31-c4cf-4790-b550-e0e61b7839c8","local_time":"20201216090417","is_ascension_mode":true,"campfire_choices":[{"data":"Ragnarok","floor":6.0,"key":"SMITH"},{"data":"Tantrum","floor":11.0,"key":"SMITH"},{"data":"Eruption","floor":13.0,"key":"SMITH"},{"data":"Perseverance","floor":15.0,"key":"SMITH"},{"floor":23,"key":"REST"},{"floor":25,"key":"REST"}],"circlet_count":0,"master_deck":["AscendersBane","Strike_P","Strike_P+1","Strike_P","Defend_P","Defend_P","Defend_P","Defend_P","Eruption+1","Vigilance","Ragnarok+1","CutThroughFate+1","Tantrum+1","Perseverance+1","WreathOfFlame","Scrawl","EmptyBody","DevaForm+1","InnerPeace","Fasting2+1","Fasting2+1","ClearTheMind","Halt"],"relics":["PureWater","OrangePellets","CeramicFish","MealTicket","Membership Card","Frozen Egg 2","Sozu","ClockworkSouvenir","Whetstone","Orichalcum"],"acts_visited":["Exordium","TheCity"],"potions_floor_usage":[24],"damage_taken":[{"damage":3.0,"enemies":"Small Slimes","floor":1.0,"turns":3.0},{"damage":0.0,"enemies":"Jaw Worm","floor":3.0,"turns":2.0},{"damage":9.0,"enemies":"3 Sentries","floor":7.0,"turns":6.0},{"damage":0.0,"enemies":"Cultist","floor":8.0,"turns":2.0},{"damage":0.0,"enemies":"Exordium Thugs","floor":12.0,"turns":2.0},{"damage":18.0,"enemies":"The Guardian","floor":16.0,"turns":9.0},{"damage":5.0,"enemies":"Chosen","floor":18.0,"turns":3.0},{"damage":15.0,"enemies":"Shell Parasite","floor":19.0,"turns":4.0},{"damage":34,"enemies":"Sentry and Sphere","floor":22,"turns":4},{"damage":23,"enemies":"Book of Stabbing","floor":24,"turns":6},{"damage":26,"enemies":"Slavers","floor":27,"turns":2}],"seed_played":"-8807960120563856670","potions_obtained":[{"floor":1.0,"key":"Swift Potion"},{"floor":3.0,"key":"BlessingOfTheForge"},{"floor":12.0,"key":"Strength Potion"}],"is_trial":false,"path_per_floor":["M","?","M","$","?","R","E","M","T","?","R","M","R","$","R","B",null,"M","M","?","$","M","R","E","R","T","E"],"character_chosen":"WATCHER","items_purchased":["OrangePellets","Tantrum","Membership Card","Frozen Egg 2","EmptyBody","Fasting2+1","ClockworkSouvenir","ClearTheMind"],"campfire_rested":2,"item_purchase_floors":[4,4,14,14,14,21,21,21],"current_hp_per_floor":[44,44,44,44,33,33,24,24,24,24,24,24,24,39,39,21,59,54,39,39,54,20,41,18,39,39,13,13],"gold":129,"neow_bonus":"THREE_RARE_CARDS","is_daily":false,"chose_seed":false,"campfire_upgraded":4,"win_rate":0.0,"timestamp":1608105857,"path_taken":["M","?","M","$","?","R","E","M","T","?","R","?","R","$","R","BOSS","M","M","?","$","M","R","E","R","T","E"],"items_purchased_type":["Relic","Card","Relic","Relic","Card","Card","Relic","Card"],"build_version":"2020-12-13","purchased_purges":2,"victory":false,"max_hp_per_floor":[72,72,72,72,72,72,72,72,72,72,72,72,72,72,72,72,72,72,72,72,72,72,72,72,72,72,72,72],"card_choices":[{"not_picked":["MasterReality","ConjureBlade"],"picked":"Ragnarok","floor":0.0},{"not_picked":["ThirdEye","Perseverance"],"picked":"CutThroughFate","floor":1.0},{"not_picked":["BowlingBash","SashWhip","WaveOfTheHand"],"picked":"SKIP","floor":3.0},{"not_picked":["ClearTheMind","BowlingBash"],"picked":"Perseverance","floor":7.0},{"not_picked":["Weave","JustLucky"],"picked":"WreathOfFlame","floor":8.0},{"not_picked":["CutThroughFate","Consecrate"],"picked":"Scrawl","floor":12.0},{"not_picked":["Judgement","Ragnarok"],"picked":"DevaForm+1","floor":16.0},{"not_picked":["Prostrate","FlurryOfBlows"],"picked":"InnerPeace","floor":18.0},{"not_picked":["BowlingBash","FlyingSleeves"],"picked":"Fasting2+1","floor":19.0},{"not_picked":["Worship","ForeignInfluence","Collect"],"picked":"SKIP","floor":22},{"not_picked":["MentalFortress+1","Evaluate"],"picked":"Halt","floor":24}],"player_experience":1369650,"relics_obtained":[{"floor":7.0,"key":"CeramicFish"},{"floor":9.0,"key":"MealTicket"},{"floor":24,"key":"Whetstone"},{"floor":26,"key":"Orichalcum"}],"event_choices":[{"damage_healed":0.0,"max_hp_gain":0.0,"max_hp_loss":0.0,"gold_gain":175.0,"event_name":"Liars Game","player_choice":"AGREE","floor":2.0,"gold_loss":0.0,"damage_taken":0.0,"cards_obtained":["Doubt"]},{"damage_healed":0.0,"max_hp_gain":0.0,"max_hp_loss":0.0,"gold_gain":75.0,"event_name":"World of Goop","player_choice":"Gather Gold","floor":5.0,"gold_loss":0.0,"damage_taken":11.0},{"damage_healed":0.0,"max_hp_gain":0.0,"max_hp_loss":0.0,"gold_gain":100.0,"event_name":"Golden Shrine","player_choice":"Pray","floor":10.0,"gold_loss":0.0,"damage_taken":0.0},{"damage_healed":0,"gold_gain":100,"player_choice":"Bet on Murderer","damage_taken":0,"max_hp_gain":0,"max_hp_loss":0,"event_name":"The Joust","floor":20,"gold_loss":50}],"is_beta":false,"boss_relics":[{"not_picked":["Fusion Hammer","Pandora\u0027s Box"],"picked":"Sozu"}],"items_purged_floors":[4,21],"is_endless":false,"potions_floor_spawned":[1,3,12,19,22],"killed_by":"Slavers","ascension_level":13}}