{"host":"g8zw5beq5mqt80bj","time":1608116958,"event":{"mods":["2.2 Compatiblity","AchievementEnabler","BaseMod","Colored Map","Colored Powertips","DeckTracker","Highlight Path","Minty Spire (QoL Compilation)","Quick Restart","Random Character Button","Rare Cards Sparkle"],"gold_per_floor":[112,127,202,202,213,240,240,258,258,290,290,305,321,25,25,129,129,147,163,182,199,214,214,234,250,550,649,649,649,662,188,188,289,289,304,304,316,316,316,316,29,48,73,73,73],"floor_reached":44,"playtime":2286,"items_purged":["Barricade"],"score":474,"play_id":"c8b92f27-95cf-49b3-9e09-84c2b33dc258","local_time":"20201216120918","is_ascension_mode":false,"campfire_choices":[{"floor":7.0,"key":"REST"},{"floor":15.0,"key":"REST"},{"floor":23,"key":"REST"},{"floor":29,"key":"REST"},{"floor":32,"key":"REST"},{"floor":40,"key":"REST"}],"circlet_count":0,"master_deck":["Strike_R","Strike_R","Strike_R","Strike_R","Strike_R","Defend_R","Defend_R","Defend_R","Defend_R","Bash","Metallicize+1","Armaments","Anger","Dropkick","Flex","Inflame","Immolate","Thunderclap","Immolate","Apotheosis","Headbutt","Clothesline","Anger","Armaments","Thunderclap","Twin Strike","Fire Breathing","Wild Strike","Spot Weakness","Infernal Blade","Flex","Spot Weakness","Berserk","Pummel+1","Madness","Madness","Entrench","Blind","Wild Strike+1","Shrug It Off","Mind Blast","Iron Wave","Doubt"],"relics":["Burning Blood","Smiling Mask","Torii","InkBottle","Self Forming Clay","Mark of Pain","Old Coin","White Beast Statue","Dream Catcher","TheAbacus","Cursed Key","Pen Nib","Regal Pillow"],"acts_visited":["Exordium","TheCity","TheBeyond"],"potions_floor_usage":[35],"damage_taken":[{"damage":10.0,"enemies":"Small Slimes","floor":1.0,"turns":3.0},{"damage":1.0,"enemies":"Cultist","floor":2.0,"turns":4.0},{"damage":0.0,"enemies":"2 Louse","floor":5.0,"turns":3.0},{"damage":31.0,"enemies":"Lagavulin","floor":6.0,"turns":8.0},{"damage":5.0,"enemies":"Lots of Slimes","floor":8.0,"turns":5.0},{"damage":22.0,"enemies":"Gremlin Nob","floor":10.0,"turns":5.0},{"damage":9.0,"enemies":"2 Fungi Beasts","floor":12.0,"turns":2.0},{"damage":0.0,"enemies":"3 Louse","floor":13.0,"turns":1.0},{"damage":38.0,"enemies":"Hexaghost","floor":16.0,"turns":9.0},{"damage":8.0,"enemies":"3 Byrds","floor":18.0,"turns":5.0},{"damage":12.0,"enemies":"Spheric Guardian","floor":19.0,"turns":5.0},{"damage":10.0,"enemies":"Shelled Parasite and Fungi","floor":20.0,"turns":4.0},{"damage":12,"enemies":"Cultist and Chosen","floor":21,"turns":5},{"damage":25,"enemies":"3 Cultists","floor":22,"turns":5},{"damage":16,"enemies":"Snake Plant","floor":24,"turns":4},{"damage":12,"enemies":"Shelled Parasite and Fungi","floor":25,"turns":5},{"damage":21,"enemies":"Centurion and Healer","floor":30,"turns":3},{"damage":38,"enemies":"Champ","floor":33,"turns":9},{"damage":15,"enemies":"Orb Walker","floor":35,"turns":2},{"damage":21,"enemies":"3 Darklings","floor":37,"turns":3},{"damage":43,"enemies":"Transient","floor":42,"turns":5},{"damage":50,"enemies":"Maw","floor":44,"turns":4}],"seed_played":"5526793508893784301","potions_obtained":[{"floor":1.0,"key":"ElixirPotion"},{"floor":2.0,"key":"Block Potion"},{"floor":6.0,"key":"SpeedPotion"},{"floor":16.0,"key":"BloodPotion"},{"floor":35,"key":"BloodPotion"},{"floor":37,"key":"EssenceOfSteel"}],"is_trial":false,"path_per_floor":["M","M","?","?","M","E","R","M","T","E","?","M","M","$","R","B",null,"M","M","M","M","M","R","M","M","T","?","?","R","M","$","R","B",null,"M","?","M","?","?","R","$","M","T","M"],"character_chosen":"IRONCLAD","items_purchased":["Apotheosis","Regen Potion","Headbutt","Infernal Blade","Dream Catcher","Flex","TheAbacus","Shrug It Off","Pen Nib","Mind Blast"],"campfire_rested":6,"item_purchase_floors":[14,14,14,31,31,31,31,41,41,41],"current_hp_per_floor":[76,80,69,69,75,50,74,75,75,59,59,56,62,62,80,48,80,78,72,68,62,43,67,57,51,51,51,51,75,60,60,80,48,80,80,70,55,55,55,79,79,42,42,0,0],"gold":73,"neow_bonus":"RANDOM_COMMON_RELIC","is_daily":false,"chose_seed":false,"campfire_upgraded":0,"win_rate":0.0,"timestamp":1608116958,"path_taken":["M","M","?","?","?","E","R","M","T","E","?","M","M","$","R","BOSS","M","?","?","M","M","R","M","?","T","?","?","R","M","$","R","BOSS","M","?","M","?","?","R","$","M","T","M"],"items_purchased_type":["Card","Potion","Card","Card","Relic","Card","Relic","Card","Relic","Card"],"build_version":"2020-12-13","purchased_purges":1,"victory":false,"max_hp_per_floor":[80,80,80,80,80,80,80,80,80,80,80,80,80,80,80,80,80,80,80,80,80,80,80,80,80,80,80,80,80,80,80,80,80,80,80,80,80,80,80,80,80,80,80,80,80],"card_choices":[{"not_picked":["Rage","Sentinel"],"picked":"Metallicize","floor":1.0},{"not_picked":["Hemokinesis","Havoc"],"picked":"Armaments","floor":2.0},{"not_picked":["Warcry","Sword Boomerang"],"picked":"Anger","floor":5.0},{"not_picked":["Carnage","Sword Boomerang"],"picked":"Dropkick","floor":6.0},{"not_picked":["Body Slam","Pummel"],"picked":"Flex","floor":8.0},{"not_picked":["Armaments","Cleave"],"picked":"Inflame","floor":10.0},{"not_picked":["Armaments","Bloodletting"],"picked":"Thunderclap","floor":12.0},{"not_picked":["Perfected Strike","Warcry"],"picked":"Immolate","floor":13.0},{"not_picked":["Corruption","Juggernaut"],"picked":"Barricade","floor":16.0},{"not_picked":["Headbutt","Body Slam+1"],"picked":"Clothesline","floor":18.0},{"not_picked":["Shrug It Off","Thunderclap"],"picked":"Anger","floor":19.0},{"not_picked":["Iron Wave","Body Slam"],"picked":"Armaments","floor":20.0},{"not_picked":["Battle Trance","Power Through"],"picked":"Thunderclap","floor":21},{"not_picked":["Anger","Havoc+1"],"picked":"Twin Strike","floor":22},{"not_picked":["Havoc","Rage"],"picked":"Fire Breathing","floor":24},{"not_picked":["Metallicize+1","Pommel Strike"],"picked":"Wild Strike","floor":25},{"not_picked":["Clothesline","Limit Break"],"picked":"Spot Weakness","floor":30},{"not_picked":["Armaments+1","Dual Wield+1"],"picked":"Spot Weakness","floor":32},{"not_picked":["Barricade","Offering"],"picked":"Berserk","floor":33},{"not_picked":["Battle Trance","Dropkick+1"],"picked":"Pummel+1","floor":35},{"not_picked":["Battle Trance+1","Headbutt"],"picked":"Entrench","floor":37},{"not_picked":["Madness","Jack Of All Trades"],"picked":"Blind","floor":38},{"not_picked":["Warcry+1","Evolve+1"],"picked":"Wild Strike+1","floor":40},{"not_picked":["Cleave+1","Dark Embrace+1"],"picked":"Iron Wave","floor":42}],"player_experience":102859,"relics_obtained":[{"floor":6.0,"key":"Torii"},{"floor":9.0,"key":"InkBottle"},{"floor":10.0,"key":"Self Forming Clay"},{"floor":26,"key":"Old Coin"},{"floor":28,"key":"White Beast Statue"},{"floor":43,"key":"Regal Pillow"}],"event_choices":[{"damage_healed":0.0,"max_hp_gain":0.0,"max_hp_loss":0.0,"gold_gain":75.0,"event_name":"World of Goop","player_choice":"Gather Gold","floor":3.0,"gold_loss":0.0,"damage_taken":11.0},{"damage_healed":0.0,"max_hp_gain":0.0,"max_hp_loss":0.0,"gold_gain":0.0,"event_name":"Accursed Blacksmith","player_choice":"Forge","floor":4.0,"gold_loss":0.0,"damage_taken":0.0,"cards_upgraded":["Metallicize"]},{"damage_healed":0.0,"max_hp_gain":0.0,"max_hp_loss":0.0,"gold_gain":0.0,"event_name":"Match and Keep!","player_choice":"1 cards matched","floor":11.0,"gold_loss":0.0,"damage_taken":0.0,"cards_obtained":["Immolate"]},{"damage_healed":0,"gold_gain":99,"player_choice":"Stole From Cult","damage_taken":0,"max_hp_gain":0,"max_hp_loss":0,"event_name":"Nest","floor":27,"gold_loss":0},{"damage_healed":0,"gold_gain":0,"player_choice":"Relic","damage_taken":0,"max_hp_gain":0,"max_hp_loss":0,"event_name":"Wheel of Change","floor":28,"gold_loss":0},{"damage_healed":0,"gold_gain":0,"player_choice":"Embrace Madness","damage_taken":10,"max_hp_gain":0,"max_hp_loss":0,"event_name":"Winding Halls","floor":36,"gold_loss":0,"cards_obtained":["Madness","Madness"]},{"damage_healed":0,"gold_gain":0,"player_choice":"Memory 1","damage_taken":0,"max_hp_gain":0,"max_hp_loss":0,"event_name":"SensoryStone","floor":38,"gold_loss":0},{"damage_healed":0,"gold_gain":0,"player_choice":"Ignored","damage_taken":0,"max_hp_gain":0,"max_hp_loss":0,"event_name":"Tomb of Lord Red Mask","floor":39,"gold_loss":0}],"is_beta":false,"boss_relics":[{"not_picked":["SlaversCollar","Black Blood"],"picked":"Mark of Pain"},{"not_picked":["Black Star","Runic Cube"],"picked":"Cursed Key"}],"items_purged_floors":[31],"is_endless":false,"potions_floor_spawned":[1,2,6,16,18,24,25,30,33,35,37,42],"killed_by":"Maw","ascension_level":0}}