{"host":"6bsan6hkua32tfq7","time":1608106681,"event":{"mods":["BaseMod","Better Third Choice","Colored Map","Highlight Path","Minty Spire (QoL Compilation)","StSLib"],"gold_per_floor":[114,132,151,161,171,171,187,29,108,33,53,69,69,104,104,177,177,188,278,295,25,25,25,25],"floor_reached":23,"playtime":530,"items_purged":["Defend_G"],"score":490,"play_id":"afd43852-ad96-4cba-9625-eec2b608c067","local_time":"20201216091801","is_ascension_mode":true,"campfire_choices":[{"data":"All Out Attack","floor":6,"key":"SMITH"},{"data":"Terror","floor":15,"key":"SMITH"}],"circlet_count":0,"master_deck":["AscendersBane","Strike_G","Strike_G","Strike_G","Strike_G","Strike_G","Defend_G","Defend_G","Defend_G","Defend_G","Survivor","Neutralize","Underhanded Strike","Noxious Fumes","Slice","All Out Attack","All Out Attack+1","Terror+1","Sucker Punch","Adrenaline","Leg Sweep"],"relics":["Ring of the Snake","NeowsBlessing","ClockworkSouvenir","Meat on the Bone","PreservedInsect","Coffee Dripper","Pantograph","Molten Egg 2"],"acts_visited":["Exordium","TheCity"],"potions_floor_usage":[16,16,23,23],"damage_taken":[{"damage":0,"enemies":"Cultist","floor":1,"turns":1},{"damage":0,"enemies":"Small Slimes","floor":2,"turns":1},{"damage":0,"enemies":"2 Louse","floor":3,"turns":1},{"damage":40,"enemies":"Exordium Thugs","floor":4,"turns":6},{"damage":2,"enemies":"Exordium Wildlife","floor":5,"turns":3},{"damage":0,"enemies":"Blue Slaver","floor":7,"turns":5},{"damage":0,"enemies":"3 Louse","floor":11,"turns":2},{"damage":7,"enemies":"Looter","floor":12,"turns":4},{"damage":30,"enemies":"Gremlin Nob","floor":14,"turns":4},{"damage":0,"enemies":"Slime Boss","floor":16,"turns":3},{"damage":9,"enemies":"Shell Parasite","floor":18,"turns":3},{"damage":6,"enemies":"Chosen","floor":20,"turns":5},{"damage":42,"enemies":"Gremlin Leader","floor":23,"turns":5}],"seed_played":"-8863090001455852288","potions_obtained":[{"floor":5,"key":"PowerPotion"},{"floor":11,"key":"Dexterity Potion"},{"floor":12,"key":"CunningPotion"}],"is_trial":false,"path_per_floor":["M","M","M","M","M","R","M","$","T","$","M","M","?","E","R","B",null,"M","?","M","$","T","E"],"character_chosen":"THE_SILENT","items_purchased":["ClockworkSouvenir","Pantograph"],"campfire_rested":0,"item_purchase_floors":[8,21],"current_hp_per_floor":[59,59,59,19,17,17,17,17,17,17,29,34,39,21,21,33,62,53,28,34,34,34,0,0],"gold":25,"neow_bonus":"THREE_ENEMY_KILL","is_daily":false,"chose_seed":false,"campfire_upgraded":2,"win_rate":0.0,"timestamp":1608106681,"path_taken":["M","M","?","M","M","R","M","$","T","?","M","M","?","E","R","BOSS","M","?","M","?","?","E"],"items_purchased_type":["Relic","Relic"],"build_version":"2020-12-13","purchased_purges":1,"victory":false,"max_hp_per_floor":[66,66,66,66,66,66,66,66,66,66,66,66,71,71,71,71,71,71,71,71,71,71,71,71],"card_choices":[{"not_picked":["PiercingWail","Flying Knee"],"picked":"Underhanded Strike","floor":1},{"not_picked":["Accuracy","Blade Dance"],"picked":"Noxious Fumes","floor":2},{"not_picked":["Dodge and Roll","PiercingWail"],"picked":"Slice","floor":3},{"not_picked":["Doppelganger","Cloak And Dagger"],"picked":"All Out Attack","floor":4},{"not_picked":["Quick Slash","Expertise"],"picked":"All Out Attack","floor":5},{"not_picked":["Bane","Deflect"],"picked":"Terror","floor":7},{"not_picked":["Bane","Endless Agony","Blade Dance"],"picked":"SKIP","floor":11},{"not_picked":["Deadly Poison","Bane","Acrobatics"],"picked":"SKIP","floor":12},{"not_picked":["Dodge and Roll","Cloak And Dagger"],"picked":"Sucker Punch","floor":14},{"not_picked":["Phantasmal Killer","Tools of the Trade"],"picked":"Adrenaline","floor":16},{"not_picked":["Deflect","Quick Slash+1"],"picked":"Leg Sweep","floor":18},{"not_picked":["Deflect","Flying Knee","Cloak And Dagger"],"picked":"SKIP","floor":20}],"player_experience":5175129,"relics_obtained":[{"floor":9,"key":"Meat on the Bone"},{"floor":14,"key":"PreservedInsect"},{"floor":22,"key":"Molten Egg 2"}],"event_choices":[{"damage_healed":0,"gold_gain":0,"player_choice":"Donut","damage_taken":0,"max_hp_gain":5,"max_hp_loss":0,"event_name":"Big Fish","floor":13,"gold_loss":0},{"damage_healed":0,"gold_gain":90,"player_choice":"GOLD POTION POTION ","damage_taken":25,"max_hp_gain":0,"max_hp_loss":0,"event_name":"Knowing Skull","floor":19,"potions_obtained":["GamblersBrew","EssenceOfSteel"],"gold_loss":0,"cards_obtained":[]}],"is_beta":false,"boss_relics":[{"not_picked":["Pandora\u0027s Box","Busted Crown"],"picked":"Coffee Dripper"}],"items_purged_floors":[10],"is_endless":false,"potions_floor_spawned":[5,11,12,14],"killed_by":"Gremlin Leader","ascension_level":20}}