{"host":"qy1e0kd24tpj3i2m","time":1608147455,"event":{"mods":["Act Like it!","BaseMod","Colored Map","Minty Spire (QoL Compilation)","Red Circlet Mod","Reorder Act Four","StSLib","SuperFastMode","Transform Curses"],"gold_per_floor":[112,37,37,52,69,69,102,2,72,222,222,97,121,121,121,219,219,243,93,109,109,34,34,34,34,34,59,78,78,78,78,78,171,171,184,184,9,32,48,48,48,48],"floor_reached":41,"playtime":1026,"items_purged":["Strike_G","Strike_G","Doubt","Defend_G","Strike_G"],"score":774,"play_id":"ff638a33-7b91-4384-b49c-558ecc8bf6af","local_time":"20201217043735","is_ascension_mode":true,"campfire_choices":[{"data":"Blade Dance","floor":6.0,"key":"SMITH"},{"data":"Accuracy","floor":15.0,"key":"SMITH"},{"data":"Envenom","floor":23.0,"key":"SMITH"},{"data":"Neutralize","floor":25.0,"key":"SMITH"},{"data":"Blade Dance","floor":32.0,"key":"SMITH"},{"data":"Glass Knife","floor":40,"key":"SMITH"}],"circlet_count":0,"master_deck":["AscendersBane","Strike_G","Defend_G+1","Defend_G","Survivor+1","Neutralize+1","Blade Dance+1","Cloak And Dagger","Accuracy+1","Blade Dance+1","Envenom+1","Backflip","Ghostly","Ghostly","Ghostly","Glass Knife+1","Cloak And Dagger","Choke+1"],"relics":["Ring of the Serpent","NeowsBlessing","Vajra","Golden Idol","War Paint","Enchiridion","Shuriken","Letter Opener","Cursed Key"],"acts_visited":["Exordium","TheCity","TheBeyond"],"potions_floor_usage":[33,33],"damage_taken":[{"damage":0.0,"enemies":"Small Slimes","floor":1.0,"turns":1.0},{"damage":0.0,"enemies":"Cultist","floor":4.0,"turns":1.0},{"damage":0.0,"enemies":"2 Louse","floor":5.0,"turns":1.0},{"damage":29.0,"enemies":"Lagavulin","floor":7.0,"turns":5.0},{"damage":0.0,"enemies":"Blue Slaver","floor":13.0,"turns":3.0},{"damage":7.0,"enemies":"The Guardian","floor":16.0,"turns":12.0},{"damage":11.0,"enemies":"Chosen","floor":18.0,"turns":4.0},{"damage":0.0,"enemies":"2 Thieves","floor":20.0,"turns":3.0},{"damage":12.0,"enemies":"Snake Plant","floor":27.0,"turns":3.0},{"damage":0.0,"enemies":"3 Cultists","floor":28.0,"turns":3.0},{"damage":2,"enemies":"Automaton","floor":33,"turns":6},{"damage":2,"enemies":"3 Shapes","floor":35,"turns":4},{"damage":0,"enemies":"Orb Walker","floor":38,"turns":2},{"damage":0,"enemies":"Maw","floor":39,"turns":5},{"damage":0,"enemies":"Jaw Worm Horde","floor":41,"turns":1}],"seed_played":"-4420095238170107363","potions_obtained":[{"floor":5.0,"key":"SmokeBomb"},{"floor":16.0,"key":"FearPotion"},{"floor":18.0,"key":"Fire Potion"},{"floor":28.0,"key":"PowerPotion"},{"floor":35,"key":"EssenceOfSteel"}],"is_trial":false,"path_per_floor":["M","$","?","M","M","R","E","$","T","?","?","$","M","T","R","B",null,"M","$","M","?","?","R","?","R","T","M","M","?","?","$","R","B",null,"M","?","$","M","M","R","M"],"character_chosen":"THE_SILENT","items_purchased":[],"campfire_rested":0,"item_purchase_floors":[],"current_hp_per_floor":[59,59,59,59,59,59,30,30,30,30,30,30,30,30,30,23,51,40,40,40,19,19,19,19,19,19,7,7,7,7,7,7,5,24,22,22,22,22,22,22,22,22],"gold":48,"neow_bonus":"THREE_ENEMY_KILL","is_daily":false,"chose_seed":false,"campfire_upgraded":6,"win_rate":0.0,"timestamp":1608147455,"path_taken":["M","$","?","?","M","R","E","$","T","?","?","?","M","?","R","BOSS","M","$","M","?","?","R","?","R","T","M","?","?","?","$","R","BOSS","M","?","$","?","M","R","M"],"items_purchased_type":[],"build_version":"2020-12-13","purchased_purges":5,"victory":false,"max_hp_per_floor":[66,66,66,66,66,66,66,66,66,66,60,60,60,60,60,60,60,60,60,60,60,60,60,60,60,60,60,60,60,30,30,30,30,30,30,30,30,30,30,30,30,30],"card_choices":[{"not_picked":["Underhanded Strike","Deflect"],"picked":"Blade Dance","floor":1.0},{"not_picked":["PiercingWail","Deadly Poison"],"picked":"Cloak And Dagger","floor":4.0},{"not_picked":["Riddle With Holes","Blade Dance"],"picked":"Accuracy","floor":5.0},{"not_picked":["Dodge and Roll","Deflect","Grand Finale"],"picked":"SKIP","floor":7.0},{"not_picked":["Crippling Poison","Underhanded Strike"],"picked":"Blade Dance","floor":13.0},{"not_picked":["Phantasmal Killer","Bullet Time"],"picked":"Envenom","floor":16.0},{"not_picked":["Sucker Punch","Quick Slash","Distraction"],"picked":"SKIP","floor":18.0},{"not_picked":["Slice","Acrobatics","Escape Plan"],"picked":"SKIP","floor":20.0},{"not_picked":["Crippling Poison","Prepared","Bouncing Flask"],"picked":"SKIP","floor":27.0},{"not_picked":["Reflex","Glass Knife"],"picked":"Backflip","floor":28.0},{"not_picked":["Doppelganger","Unload"],"picked":"Glass Knife","floor":33},{"not_picked":["Predator","Backflip"],"picked":"Cloak And Dagger","floor":35},{"not_picked":["Poisoned Stab","Footwork"],"picked":"Choke+1","floor":38},{"not_picked":["Bouncing Flask","Bane","Dash+1"],"picked":"SKIP","floor":39}],"player_experience":903890,"relics_obtained":[{"floor":7.0,"key":"Vajra"},{"floor":14.0,"key":"War Paint"},{"floor":21.0,"key":"Enchiridion"},{"floor":26.0,"key":"Shuriken"}],"event_choices":[{"cards_removed":["Defend_G"],"damage_healed":0.0,"max_hp_gain":0.0,"max_hp_loss":0.0,"gold_gain":0.0,"event_name":"Bonfire Elementals","player_choice":"Offered Basic","floor":3.0,"gold_loss":0.0,"damage_taken":0.0},{"damage_healed":0.0,"max_hp_gain":0.0,"max_hp_loss":0.0,"gold_gain":150.0,"event_name":"Liars Game","player_choice":"AGREE","floor":10.0,"gold_loss":0.0,"damage_taken":0.0,"cards_obtained":["Doubt"]},{"damage_healed":0.0,"max_hp_gain":0.0,"max_hp_loss":6.0,"gold_gain":0.0,"event_name":"Golden Idol","player_choice":"Lose Max HP","floor":11.0,"gold_loss":0.0,"damage_taken":0.0,"relics_obtained":["Golden Idol"]},{"damage_healed":0.0,"max_hp_gain":0.0,"max_hp_loss":0.0,"gold_gain":0.0,"event_name":"Cursed Tome","player_choice":"Obtained Book","floor":21.0,"gold_loss":0.0,"damage_taken":21.0},{"cards_removed":["Strike_G"],"damage_healed":0.0,"max_hp_gain":0.0,"max_hp_loss":0.0,"gold_gain":0.0,"event_name":"Beggar","player_choice":"Gave Gold","floor":22.0,"gold_loss":75.0,"damage_taken":0.0},{"cards_removed":["Defend_G"],"damage_healed":0.0,"max_hp_gain":0.0,"max_hp_loss":0.0,"gold_gain":0.0,"event_name":"Purifier","player_choice":"Purged","floor":24.0,"gold_loss":0.0,"damage_taken":0.0},{"damage_healed":0.0,"max_hp_gain":0.0,"max_hp_loss":0.0,"gold_gain":0.0,"event_name":"The Mausoleum","player_choice":"Opened","floor":29.0,"gold_loss":0.0,"damage_taken":0.0,"relics_obtained":["Letter Opener"],"cards_obtained":["Writhe"]},{"damage_healed":0.0,"max_hp_gain":0.0,"max_hp_loss":30.0,"gold_gain":0.0,"event_name":"Ghosts","player_choice":"Became a Ghost","floor":30.0,"gold_loss":0.0,"damage_taken":0.0,"cards_obtained":["Ghostly","Ghostly","Ghostly"]},{"cards_removed":["Writhe"],"damage_healed":0,"gold_gain":0,"player_choice":"Purged","damage_taken":0,"max_hp_gain":0,"max_hp_loss":0,"event_name":"Purifier","floor":36,"gold_loss":0}],"is_beta":false,"boss_relics":[{"not_picked":["Busted Crown","SlaversCollar"],"picked":"Ring of the Serpent"},{"not_picked":["Pandora\u0027s Box","Black Star"],"picked":"Cursed Key"}],"items_purged_floors":[2,8,12,19,37],"is_endless":false,"potions_floor_spawned":[5,16,18,28,35],"killed_by":"Jaw Worm Horde","ascension_level":20}}