{"host":"97xrrfc9klt1b555","time":1608097849,"event":{"mods":["2.2 Compatiblity","Act Like it!","AlwaysNeverKeys","Aspiration","BaseMod","Better Third Choice","BetterRewards","Colored Map","Colored Powertips","Conspire","DeckTracker","Downfall","Energized Spire","Exacting","Friendly Minions","GifTheSpireLib","Halation","Highlight Path","Hubris","Infinite Spire","Minty Spire (QoL Compilation)","Permanent Neow","Quick Restart","RatMod","Replay The Spire","Spikes Relics","StSLib","Strawberry Spire","Stuff the Spire","SuperFastMode","The Servant 0.9.4","Trackpad","vexMod"],"gold_per_floor":[124,140,140,240,267,295,295,351,351,351,351,367,367,395,395,495,495,508,254,254,254,254,254,254,286,286,286,286,286,304,304,329,346,346,346,346],"floor_reached":35,"playtime":1573,"items_purged":[],"score":301,"play_id":"b56e2f08-7014-4c63-8ebf-32d977be5017","local_time":"20201216005049","is_ascension_mode":false,"campfire_choices":[{"floor":10,"key":"REST"},{"data":"Exchange","floor":13,"key":"SMITH"},{"floor":15,"key":"REST"},{"data":"infinitespire:NeuralNetwork","floor":27,"key":"SMITH"},{"data":"SoulSculpture","floor":29,"key":"SMITH"},{"floor":31,"key":"REST"},{"floor":34,"key":"REST"}],"circlet_count":0,"master_deck":["Strike_S","Strike_S","Strike_S","Strike_S","Defend_S","Defend_S","Defend_S","Defend_S","KidneyShot","Exchange+1","AbeCurse","Moonlight","ShatteredReality","FastForward","SoulSculpture+1","DoubleEdge","Replace","LightFlow","MurderousAura","Rearm","StuffTheSpire:Rapture","infinitespire:NeuralNetwork+1","Starlight","SoulSculpture","Revamp","Rewind","Revamp","DualDimension+1"],"relics":["Abe\u0027s Treasure","trackpad:Compendium","Bronze Scales","Blue Candle","ChewingGum","halation:EternalFortune","Torii","Prayer Wheel","hubris:Towel","Turnip","Garlic"],"acts_visited":["Exordium","TheCity"],"potions_floor_usage":[35,35],"damage_taken":[{"damage":0,"enemies":"Cultist","floor":1,"turns":4},{"damage":2,"enemies":"Small Slimes","floor":2,"turns":4},{"damage":2,"enemies":"2 Louse","floor":5,"turns":3},{"damage":33,"enemies":"Lagavulin","floor":6,"turns":8},{"damage":3,"enemies":"Lots of Slimes","floor":8,"turns":4},{"damage":0,"enemies":"Blue Slaver","floor":12,"turns":3},{"damage":40,"enemies":"strawberrySpire:EnergyPylons","floor":14,"turns":4},{"damage":14,"enemies":"The Guardian","floor":16,"turns":11},{"damage":28,"enemies":"Spheric Guardian","floor":18,"turns":4},{"damage":10,"enemies":"strawberrySpire:AncientClocktower","floor":25,"turns":8},{"damage":12,"enemies":"3 Byrds","floor":30,"turns":3},{"damage":15,"enemies":"conspire:Head Lice","floor":32,"turns":8},{"damage":2,"enemies":"Cultist and Chosen","floor":33,"turns":3},{"damage":51,"enemies":"Automaton","floor":35,"turns":6}],"seed_played":"-9064645269183947110","potions_obtained":[{"floor":8,"key":"PowerPotion"},{"floor":12,"key":"Milkshake"},{"floor":14,"key":"SneckoOil"}],"is_trial":false,"path_per_floor":["M","M","$","?","M","E","?","M","T","R","?","M","R","E","R","B",null,"M","?","?","AVR","?","PTL","PTL","E","?","R","T","R","M","R","E","M","R","B"],"character_chosen":"THE_SERVANT","items_purchased":[],"campfire_rested":4,"item_purchase_floors":[],"current_hp_per_floor":[65,63,63,63,61,28,31,28,28,48,48,48,48,8,28,14,68,40,40,43,43,43,43,43,33,33,33,33,33,21,42,27,25,46,0,0],"gold":346,"neow_bonus":"BOSS_RELIC","is_daily":false,"chose_seed":false,"campfire_upgraded":3,"win_rate":0.0,"timestamp":1608097849,"path_taken":["M","?","?","?","?","E","?","M","T","R","?","M","R","E","R","BOSS","M","?","?","AVR","?","PTL","PTL","E","?","R","T","R","?","R","E","M","R","BOSS"],"items_purchased_type":[],"build_version":"2020-12-13","purchased_purges":0,"victory":false,"max_hp_per_floor":[65,65,65,65,65,65,68,68,68,68,68,68,68,68,68,68,68,68,68,71,71,71,71,71,71,71,71,71,71,71,71,71,71,71,71,71],"card_choices":[{"not_picked":["ShiftingGears","Revamp"],"picked":"Moonlight","floor":1},{"not_picked":["Moonlight","Revamp"],"picked":"ShatteredReality","floor":2},{"not_picked":["Desolation","Unruled"],"picked":"FastForward","floor":5},{"not_picked":["Foresight","Read"],"picked":"SoulSculpture","floor":6},{"not_picked":["Unruled","Read"],"picked":"DoubleEdge","floor":8},{"not_picked":["Unruled","Potential"],"picked":"Replace","floor":12},{"not_picked":["Potential","BottledTime"],"picked":"LightFlow","floor":14},{"not_picked":["TrueSight","SilverMatrix"],"picked":"MurderousAura","floor":16},{"not_picked":["Potential","ShiftingGears"],"picked":"Rearm","floor":18},{"not_picked":["Moonlight","InstantArmor"],"picked":"Starlight","floor":25},{"not_picked":["Alleviate","Replace"],"picked":"SoulSculpture","floor":30},{"not_picked":["ShatteredReality","ShiftingGears"],"picked":"Revamp","floor":30},{"not_picked":["Starlight","Unruled+1"],"picked":"Rewind","floor":32},{"not_picked":["RealityMarble","TimeTheft+1"],"picked":"Revamp","floor":33},{"not_picked":["Starlight+1","Alleviate+1"],"picked":"DualDimension+1","floor":33}],"player_experience":838991,"relics_obtained":[{"floor":6,"key":"trackpad:Compendium"},{"floor":9,"key":"Bronze Scales"},{"floor":14,"key":"Blue Candle"},{"floor":25,"key":"Prayer Wheel"},{"floor":28,"key":"Turnip"},{"floor":32,"key":"Garlic"}],"event_choices":[{"damage_healed":0,"gold_gain":100,"player_choice":"Gold","damage_taken":0,"max_hp_gain":0,"max_hp_loss":0,"event_name":"Wheel of Change","floor":4,"gold_loss":0},{"damage_healed":0,"gold_gain":0,"player_choice":"Leave","damage_taken":0,"max_hp_gain":0,"max_hp_loss":0,"event_name":"conspire:Investor","floor":11,"gold_loss":0},{"damage_healed":0,"gold_gain":0,"player_choice":"Ignored","damage_taken":0,"max_hp_gain":0,"max_hp_loss":0,"event_name":"Ghosts","floor":22,"gold_loss":0}],"is_beta":false,"boss_relics":[{"not_picked":["halation:ForbiddenBikini","halation:Yufonium"],"picked":"ChewingGum"}],"items_purged_floors":[],"is_endless":false,"potions_floor_spawned":[8,12],"killed_by":"Automaton","ascension_level":0}}