{"host":"g1wmg2w41xhsnw8g","time":1608161738,"event":{"mods":["2.2 Compatiblity","Act Like it!","BaseMod","Better Altar","Better Match","Better Note","Better Sensory Stone","Better Skull","Better Third Choice","BetterRewards","Booster Modes","CapriCore","Colored Map","Colored Powertips","Curses Come First","Defuse TimeMaze Blight","Displayed Cursed Tome","Friendly Minions","GifTheSpireLib","Googly Eyes","Infinite Spire","Minty Spire (QoL Compilation)","Red Circlet Mod","Relic Sorter","SCP261 Mod","Shop Mod","Spicy Shops","StSLib","The Poker Player","The Sage","TheBandit","Transform Curses","????"],"gold_per_floor":[109,109,119,138,148,173,173,189,242,260,59,93,93,93,93,93],"floor_reached":14,"playtime":849,"items_purged":[],"score":132,"play_id":"aa6ef75e-63d9-4d44-91c9-fce4ea25d922","local_time":"20201216183537","daily_mods":["SealedDeck","Specialized","Heirloom","Elite Swarm"],"is_ascension_mode":true,"campfire_choices":[{"data":"wariomod:RacingSpeed","floor":13,"key":"SMITH"}],"circlet_count":0,"master_deck":["PokerPlayerMod:HiddenCard","PokerPlayerMod:HiddenCard","PokerPlayerMod:HiddenCard","PokerPlayerMod:HiddenCard","wariomod:DiceyMove","wariomod:RacingSpeed+1","PokerPlayerMod:ClubStrike","wariomod:HappyHit","wariomod:SimpleShield","wariomod:Leapslam","PokerPlayerMod:DiamondStrike","wariomod:ChargeForth","wariomod:DoubleDash","wariomod:DeadlyDash","PokerPlayerMod:ClubDance","wariomod:ChargeForth","PokerPlayerMod:SecretDealer","PokerPlayerMod:Club4","PokerPlayerMod:DartThrow"],"relics":["wariomod:TheHat","WingedGreaves","Bird Faced Urn","Centennial Puzzle","MerchantsRug","StrikeDummy"],"acts_visited":["Exordium"],"potions_floor_usage":[8,12],"damage_taken":[{"damage":7,"enemies":"Small Slimes","floor":1,"turns":2},{"damage":4,"enemies":"Cultist","floor":3,"turns":3},{"damage":10,"enemies":"Jaw Worm","floor":4,"turns":3},{"damage":13,"enemies":"Red Slaver","floor":5,"turns":2},{"damage":31,"enemies":"Lagavulin","floor":6,"turns":4},{"damage":10,"enemies":"Looter","floor":8,"turns":3},{"damage":0,"enemies":"3 Louse","floor":10,"turns":2},{"damage":12,"enemies":"Gremlin Nob","floor":12,"turns":4},{"damage":36,"enemies":"Lagavulin","floor":14,"turns":3}],"seed_played":"6694132293782233477","potions_obtained":[{"floor":6,"key":"Regen Potion"},{"floor":8,"key":"Block Potion"},{"floor":10,"key":"SCP261:BlastolaColaPotion"}],"is_trial":true,"path_per_floor":["M","?","M","M","M","E","?","M","T","M","$","E","R","E"],"character_chosen":"THE_BANDIT","items_purchased":["MerchantsRug","Regen Potion"],"campfire_rested":0,"item_purchase_floors":[11,11],"current_hp_per_floor":[73,73,69,59,46,15,15,14,14,14,14,25,25,0,0,0],"gold":93,"neow_bonus":"","is_daily":false,"chose_seed":false,"campfire_upgraded":1,"win_rate":0.0,"timestamp":1608161737,"path_taken":["M","?","M","M","?","E","?","?","T","M","$","E","R","E"],"items_purchased_type":["Relic","Potion"],"build_version":"2020-12-13","purchased_purges":0,"victory":false,"max_hp_per_floor":[80,80,80,80,80,80,80,80,80,80,80,80,80,80,80,80],"card_choices":[{"not_picked":["PokerPlayerMod:ClubsClub","PokerPlayerMod:SpadeStrike","wariomod:DanceDash"],"picked":"SKIP","floor":1},{"not_picked":["wariomod:OctoJump","wariomod:BoomBoom","wariomod:AwfulLook"],"picked":"SKIP","floor":3},{"not_picked":["PokerPlayerMod:MagicTrick","wariomod:NullJump"],"picked":"PokerPlayerMod:ClubDance","floor":4},{"not_picked":["wariomod:DanceDash","PokerPlayerMod:Configure"],"picked":"wariomod:ChargeForth","floor":5},{"not_picked":["wariomod:DeadlyDash","PokerPlayerMod:GamblerForm"],"picked":"PokerPlayerMod:SecretDealer","floor":6},{"not_picked":["wariomod:DiceyMove","wariomod:Boomsmack","wariomod:AwfulLook"],"picked":"SKIP","floor":8},{"not_picked":["wariomod:BumRush","PokerPlayerMod:Trickery"],"picked":"PokerPlayerMod:DartThrow","floor":10},{"not_picked":["PokerPlayerMod:TheDieIsCast","wariomod:BoomAndDoom","wariomod:PoisonBombs"],"picked":"SKIP","floor":12}],"player_experience":1111353,"relics_obtained":[{"floor":6,"key":"Bird Faced Urn"},{"floor":9,"key":"Centennial Puzzle"},{"floor":12,"key":"StrikeDummy"}],"event_choices":[{"damage_healed":0,"gold_gain":0,"player_choice":"Bought 0 Potions","damage_taken":0,"max_hp_gain":0,"max_hp_loss":0,"event_name":"The Woman in Blue","floor":2,"gold_loss":0},{"damage_healed":0,"gold_gain":0,"cards_transformed":["PokerPlayerMod:HiddenCard"],"player_choice":"Transformed","damage_taken":0,"max_hp_gain":0,"max_hp_loss":0,"event_name":"Transmorgrifier","floor":7,"gold_loss":0,"cards_obtained":["PokerPlayerMod:Club4"]}],"is_beta":false,"boss_relics":[],"items_purged_floors":[],"is_endless":false,"potions_floor_spawned":[6,8,10],"killed_by":"Lagavulin","ascension_level":1}}