{"host":"drk0p5jtlzl1xmwe","time":1608110066,"event":{"mods":["2.2 Compatiblity","AchievementEnabler","Act Like it!","Bard","BaseMod","Better Note","Better Vampires","Ekko","Friendly Minions","Hermit","Hubris","Infinite Spire","Luminous","Marisa????????","Minty Spire (QoL Compilation)","Rare Cards Sparkle","Relic Stats","Replay The Spire","Shade Mod","StSLib","The Animator","The Bug Knight","The Cursed","The Disciple","The Gatherer","The Servant 0.9.4","The Spell Scribe"],"gold_per_floor":[115,126,126,146,157,157,157,157],"floor_reached":7,"playtime":349,"items_purged":[],"score":49,"play_id":"be2878de-2e73-4d07-badd-1a21687cf873","local_time":"20201216091426","is_ascension_mode":true,"campfire_choices":[{"data":"Shrug It Off","floor":6,"key":"SMITH"}],"circlet_count":0,"master_deck":["Strike_R","Strike_R","Strike_R","Strike_R","Strike_R","Defend_R","Defend_R","Defend_R","Defend_R","Bash","Impervious","Heavy Blade","hubris:SharpeningStone+1","Shrug It Off+1","Feel No Pain"],"relics":["Burning Blood"],"acts_visited":["Exordium"],"potions_floor_usage":[5],"damage_taken":[{"damage":37,"enemies":"infinitespire:Voidling","floor":1,"turns":5},{"damage":11,"enemies":"Jaw Worm","floor":2,"turns":4},{"damage":1,"enemies":"Cultist","floor":4,"turns":4},{"damage":29,"enemies":"Large Slime","floor":5,"turns":9},{"damage":49,"enemies":"Lagavulin","floor":7,"turns":10}],"seed_played":"1084903072816202298","potions_obtained":[{"floor":2,"key":"Weak Potion"}],"is_trial":false,"path_per_floor":["M","M","?","M","M","R","E"],"character_chosen":"IRONCLAD","items_purchased":[],"campfire_rested":0,"item_purchase_floors":[],"current_hp_per_floor":[54,49,49,54,31,31,0,0],"gold":157,"neow_bonus":"ONE_RANDOM_RARE_CARD","is_daily":false,"chose_seed":false,"campfire_upgraded":1,"win_rate":0.0,"timestamp":1608110066,"path_taken":["M","?","?","?","M","R","E"],"items_purchased_type":[],"build_version":"2020-12-13","purchased_purges":0,"victory":false,"max_hp_per_floor":[80,80,80,80,80,80,80,80],"relic_stats":{"counters":[5,32],"obtain_stats":[{"Burning Blood":0},{"Burning Blood":0},{"Burning Blood":0}],"Burning Blood":24},"card_choices":[{"not_picked":["Pommel Strike","Cleave"],"picked":"Heavy Blade","floor":1},{"not_picked":["Ghostly Armor","Cleave"],"picked":"hubris:SharpeningStone","floor":2},{"not_picked":["Headbutt","ReplayReversal"],"picked":"Shrug It Off","floor":4},{"not_picked":["Perfected Strike","Clash"],"picked":"Feel No Pain","floor":5}],"player_experience":644783,"relics_obtained":[],"event_choices":[{"damage_healed":0,"gold_gain":0,"player_choice":"Upgraded","damage_taken":0,"max_hp_gain":0,"max_hp_loss":0,"event_name":"Upgrade Shrine","floor":3,"gold_loss":0,"cards_upgraded":["hubris:SharpeningStone"]}],"is_beta":false,"boss_relics":[],"items_purged_floors":[],"is_endless":false,"potions_floor_spawned":[2],"killed_by":"Lagavulin","ascension_level":3}}