{"host":"l4kdldlios54gl54","time":1608096118,"event":{"mods":["AchievementEnabler","BaseMod","Colored Map","Colored Powertips","Minty Spire (QoL Compilation)","Random Character Button"],"gold_per_floor":[118,135,149,32,32,32,67,47,47,47,75,75,88,0,0,79,79,89,89,103,120,20,20,30,30,57,57,90,90,108,108,108,184,184,184,184],"floor_reached":35,"playtime":1438,"items_purged":["Strike_G","A Thousand Cuts"],"score":747,"play_id":"8538216a-8cb3-48d8-8d24-9e5fe5b35e72","local_time":"20201216062158","is_ascension_mode":true,"campfire_choices":[{"data":"Infinite Blades","floor":6,"key":"SMITH"},{"data":"Infinite Blades","floor":10,"key":"SMITH"},{"data":"Accuracy","floor":12,"key":"SMITH"},{"data":"Terror","floor":15,"key":"SMITH"},{"data":"Ghostly","floor":23,"key":"SMITH"},{"data":"Ghostly","floor":25,"key":"SMITH"},{"data":"Ghostly","floor":27,"key":"SMITH"},{"floor":32,"key":"REST"}],"circlet_count":0,"master_deck":["AscendersBane","Survivor+1","Neutralize","Predator+1","Infinite Blades+1","Infinite Blades+1","Accuracy+1","Terror+1","Malaise","Distraction","Slice","Endless Agony","A Thousand Cuts","Outmaneuver","Outmaneuver","Quick Slash","Infinite Blades","Deflect","Ghostly+1","Ghostly+1","Ghostly+1","Deflect","PiercingWail"],"relics":["Ring of the Snake","NeowsBlessing","Eternal Feather","Bag of Marbles","Bottled Tornado","Pandora\u0027s Box","Oddly Smooth Stone","Blue Candle","Philosopher\u0027s Stone"],"acts_visited":["Exordium","TheCity","TheBeyond"],"potions_floor_usage":[7,11,11,18,30,33,33,35],"damage_taken":[{"damage":0,"enemies":"2 Louse","floor":1,"turns":1},{"damage":0,"enemies":"Cultist","floor":2,"turns":1},{"damage":0,"enemies":"Jaw Worm","floor":3,"turns":1},{"damage":9,"enemies":"3 Sentries","floor":7,"turns":7},{"damage":24,"enemies":"Gremlin Nob","floor":11,"turns":4},{"damage":4,"enemies":"2 Fungi Beasts","floor":13,"turns":3},{"damage":15,"enemies":"Hexaghost","floor":16,"turns":6},{"damage":21,"enemies":"Shell Parasite","floor":18,"turns":3},{"damage":3,"enemies":"Spheric Guardian","floor":20,"turns":4},{"damage":24,"enemies":"Shelled Parasite and Fungi","floor":21,"turns":4},{"damage":13,"enemies":"Centurion and Healer","floor":24,"turns":6},{"damage":22,"enemies":"Book of Stabbing","floor":28,"turns":5},{"damage":3,"enemies":"Cultist and Chosen","floor":30,"turns":5},{"damage":22,"enemies":"Automaton","floor":33,"turns":10},{"damage":37,"enemies":"3 Shapes","floor":35,"turns":10}],"seed_played":"4796974089922357893","potions_obtained":[{"floor":3,"key":"LiquidMemories"},{"floor":7,"key":"Weak Potion"},{"floor":8,"key":"Regen Potion"},{"floor":13,"key":"Explosive Potion"},{"floor":24,"key":"ColorlessPotion"},{"floor":28,"key":"Fire Potion"},{"floor":30,"key":"Strength Potion"},{"floor":33,"key":"Fire Potion"}],"is_trial":false,"path_per_floor":["M","M","M","$","?","R","E","?","T","R","E","R","M","$","R","B",null,"M","?","M","M","$","R","M","R","T","R","E","?","M","?","R","B",null,"M"],"character_chosen":"THE_SILENT","items_purchased":["Infinite Blades","Terror"],"campfire_rested":1,"item_purchase_floors":[4,14],"current_hp_per_floor":[59,59,59,59,39,39,30,30,30,39,27,36,32,32,41,26,56,35,33,30,6,6,18,5,17,17,29,7,7,4,4,25,3,26,0,0],"gold":184,"neow_bonus":"THREE_ENEMY_KILL","is_daily":false,"chose_seed":false,"campfire_upgraded":7,"win_rate":0.0,"timestamp":1608096118,"path_taken":["M","M","M","$","?","R","E","?","T","R","E","R","?","?","R","BOSS","M","?","M","M","$","R","M","R","T","R","E","?","M","?","R","BOSS","M"],"items_purchased_type":["Card","Card"],"build_version":"2020-12-13","purchased_purges":2,"victory":false,"max_hp_per_floor":[66,66,66,66,66,66,66,66,66,66,66,66,66,66,66,66,66,66,33,33,33,33,33,33,33,33,33,33,33,33,33,33,33,33,33,33],"card_choices":[{"not_picked":["Blade Dance","Dagger Throw"],"picked":"Predator","floor":1},{"not_picked":["Bane","Heel Hook","Acrobatics"],"picked":"SKIP","floor":2},{"not_picked":["Setup","Dash"],"picked":"Infinite Blades","floor":3},{"not_picked":["Infinite Blades","Catalyst","Prepared"],"picked":"SKIP","floor":7},{"not_picked":["PiercingWail","Flying Knee"],"picked":"Accuracy","floor":11},{"not_picked":["Outmaneuver","Underhanded Strike","Deadly Poison"],"picked":"SKIP","floor":13},{"not_picked":["Glass Knife","Tools of the Trade"],"picked":"Malaise","floor":16},{"not_picked":["Dagger Spray","Eviscerate"],"picked":"Deflect","floor":18},{"not_picked":["Cloak And Dagger","Sucker Punch","Calculated Gamble"],"picked":"SKIP","floor":20},{"not_picked":["Blade Dance","Well Laid Plans+1","Infinite Blades"],"picked":"SKIP","floor":21},{"not_picked":["Backflip","Sucker Punch"],"picked":"Deflect","floor":24},{"not_picked":["Outmaneuver","Sucker Punch","Phantasmal Killer"],"picked":"SKIP","floor":28},{"not_picked":["Masterful Stab","Dodge and Roll"],"picked":"PiercingWail","floor":30}],"player_experience":830237,"relics_obtained":[{"floor":7,"key":"Eternal Feather"},{"floor":9,"key":"Bag of Marbles"},{"floor":11,"key":"Bottled Tornado"},{"floor":26,"key":"Oddly Smooth Stone"},{"floor":28,"key":"Blue Candle"}],"event_choices":[{"damage_healed":0,"gold_gain":0,"player_choice":"Entered Light","damage_taken":20,"max_hp_gain":0,"max_hp_loss":0,"event_name":"Shining Light","floor":5,"gold_loss":0,"cards_upgraded":["Survivor","Predator"]},{"damage_healed":0,"gold_gain":0,"player_choice":"Bought 1 Potion","damage_taken":0,"max_hp_gain":0,"max_hp_loss":0,"event_name":"The Woman in Blue","floor":8,"gold_loss":0},{"damage_healed":0,"gold_gain":0,"player_choice":"Became a Ghost","damage_taken":0,"max_hp_gain":0,"max_hp_loss":33,"event_name":"Ghosts","floor":19,"gold_loss":0,"cards_obtained":["Ghostly","Ghostly","Ghostly"]},{"damage_healed":0,"gold_gain":0,"player_choice":"Smashed Altar","damage_taken":0,"max_hp_gain":0,"max_hp_loss":0,"event_name":"Forgotten Altar","floor":29,"gold_loss":0,"cards_obtained":["Decay"]},{"cards_removed":["Decay"],"damage_healed":0,"gold_gain":0,"player_choice":"Removed Curses","damage_taken":0,"max_hp_gain":0,"max_hp_loss":0,"event_name":"Fountain of Cleansing","floor":31,"gold_loss":0}],"is_beta":false,"boss_relics":[{"not_picked":["HoveringKite","Runic Pyramid"],"picked":"Pandora\u0027s Box"},{"not_picked":["Black Star","Cursed Key"],"picked":"Philosopher\u0027s Stone"}],"items_purged_floors":[4,22],"is_endless":false,"potions_floor_spawned":[3,7,13,24,28,30,33],"killed_by":"3 Shapes","ascension_level":19}}