{"host":"b6iqmq74l2bwzb3l","time":1608143738,"event":{"mods":["Astrologer","BaseMod","Colored Map","Colored Powertips","Googly Eyes","MarisaÅiñ∂âJÅ@ñÇóùçπÅj","Minty Spire (QoL Compilation)","Quick Restart","StSLib","The Cursed"],"gold_per_floor":[119,44,63,138,138,138,173,173,196,196,209,223,239,251,251,349,349,364,374,274,274,274],"floor_reached":21,"playtime":652,"items_purged":["Strike_P","Strike_P"],"score":206,"play_id":"e5a17b9c-c753-41e2-8d76-d9e4060b9428","local_time":"20201217033538","is_ascension_mode":false,"campfire_choices":[{"data":"Eruption","floor":6,"key":"SMITH"},{"data":"FearNoEvil","floor":8,"key":"SMITH"},{"data":"Vigilance","floor":10,"key":"SMITH"},{"data":"Worship","floor":15,"key":"SMITH"}],"circlet_count":0,"master_deck":["Defend_P","Defend_P","Defend_P","Eruption+1","Vigilance+1","FearNoEvil+1","FollowUp","FollowUp","CarveReality","ReachHeaven","TalkToTheHand","Worship+1","LessonLearned","Adaptation"],"relics":["PureWater","NeowsBlessing","Yang","Lantern","Empty Cage"],"acts_visited":["Exordium","TheCity"],"potions_floor_usage":[16,21],"damage_taken":[{"damage":0,"enemies":"Cultist","floor":1,"turns":1},{"damage":0,"enemies":"2 Louse","floor":3,"turns":2},{"damage":0,"enemies":"Gremlin Nob","floor":7,"turns":1},{"damage":0,"enemies":"Small Slimes","floor":11,"turns":2},{"damage":0,"enemies":"Exordium Thugs","floor":12,"turns":2},{"damage":0,"enemies":"Lots of Slimes","floor":13,"turns":3},{"damage":11,"enemies":"Exordium Wildlife","floor":14,"turns":3},{"damage":3,"enemies":"Slime Boss","floor":16,"turns":6},{"damage":4,"enemies":"2 Thieves","floor":18,"turns":4},{"damage":3,"enemies":"3 Byrds","floor":19,"turns":6},{"damage":67,"enemies":"Cultist and Chosen","floor":21,"turns":7}],"seed_played":"-3885976287217656112","potions_obtained":[{"floor":3,"key":"Strength Potion"},{"floor":11,"key":"DuplicationPotion"},{"floor":13,"key":"SpeedPotion"},{"floor":19,"key":"StancePotion"}],"is_trial":false,"path_per_floor":["M","$","M","?","?","R","E","R","T","R","M","M","M","M","R","B",null,"M","M","$","M"],"character_chosen":"WATCHER","items_purchased":[],"campfire_rested":0,"item_purchase_floors":[],"current_hp_per_floor":[72,72,72,61,61,61,61,61,61,61,61,61,61,50,50,47,72,68,65,65,0,0],"gold":274,"neow_bonus":"THREE_ENEMY_KILL","is_daily":false,"chose_seed":false,"campfire_upgraded":4,"win_rate":0.0,"timestamp":1608143738,"path_taken":["M","?","?","?","?","R","E","R","T","R","?","M","M","M","R","BOSS","M","M","$","?"],"items_purchased_type":[],"build_version":"2020-12-13","purchased_purges":2,"victory":false,"max_hp_per_floor":[72,72,72,72,72,72,72,72,72,72,72,72,72,72,72,72,72,72,72,72,72,72],"card_choices":[{"not_picked":["JustLucky","Fasting2"],"picked":"FearNoEvil","floor":1},{"not_picked":["WheelKick","Evaluate"],"picked":"FollowUp","floor":3},{"not_picked":["ThirdEye","DeceiveReality"],"picked":"FollowUp","floor":7},{"not_picked":["Perseverance","ClearTheMind"],"picked":"CarveReality","floor":11},{"not_picked":["Study","Perseverance"],"picked":"ReachHeaven","floor":12},{"not_picked":["Indignation","EmptyBody"],"picked":"TalkToTheHand","floor":13},{"not_picked":["Nirvana","Fasting2"],"picked":"Worship","floor":14},{"not_picked":["DeusExMachina","ConjureBlade"],"picked":"LessonLearned","floor":16},{"not_picked":["Tantrum","FlyingSleeves","Evaluate"],"picked":"SKIP","floor":18},{"not_picked":["EmptyBody+1","PathToVictory"],"picked":"Adaptation","floor":19}],"player_experience":314983,"relics_obtained":[{"floor":7,"key":"Yang"},{"floor":9,"key":"Lantern"}],"event_choices":[{"damage_healed":0,"gold_gain":75,"player_choice":"Gather Gold","damage_taken":11,"max_hp_gain":0,"max_hp_loss":0,"event_name":"World of Goop","floor":4,"gold_loss":0},{"cards_removed":["Defend_P"],"damage_healed":0,"gold_gain":0,"player_choice":"Card Removal","damage_taken":0,"max_hp_gain":0,"max_hp_loss":0,"event_name":"Wheel of Change","floor":5,"gold_loss":0}],"is_beta":false,"boss_relics":[{"not_picked":["Velvet Choker","Tiny House"],"picked":"Empty Cage"}],"items_purged_floors":[2,20],"is_endless":false,"potions_floor_spawned":[3,11,13,14,19],"killed_by":"Cultist and Chosen","ascension_level":0}}