{"host":"63rwe7p34ct1i0qu","time":1608126209,"event":{"mods":["BaseMod","DeckTracker","Minty Spire (QoL Compilation)","Permanent Neow","Quick Restart","StSLib"],"gold_per_floor":[111,131,143,143,161,161,195,208,233,233,37,50,50,68,68,164,164,151,167,167,22,22,22,50,50,99,99,99,112,112,122,122,224,224,235,253,271,288,288,91,91,117,144,169,169,188,201,3,3,3],"floor_reached":51,"playtime":2175,"items_purged":["Strike_G"],"score":1141,"play_id":"c91df1ee-3861-4753-9de9-1dddfc49e2b6","local_time":"20201216224329","is_ascension_mode":true,"campfire_choices":[{"data":"Glass Knife","floor":6,"key":"SMITH"},{"data":"Neutralize","floor":10,"key":"SMITH"},{"data":"A Thousand Cuts","floor":13,"key":"SMITH"},{"floor":15,"key":"REST"},{"data":"Envenom","floor":23,"key":"SMITH"},{"data":"Expertise","floor":25,"key":"SMITH"},{"data":"After Image","floor":28,"key":"SMITH"},{"floor":30,"key":"REST"},{"data":"Poisoned Stab","floor":32,"key":"SMITH"},{"floor":41,"key":"REST"},{"floor":45,"key":"REST"},{"floor":49,"key":"REST"}],"circlet_count":0,"master_deck":["AscendersBane","Defend_G","Defend_G","Survivor","Neutralize+1","Poisoned Stab+1","Glass Knife+1","Dash","Backstab","Reflex","A Thousand Cuts+1","Envenom+1","Leg Sweep+1","Underhanded Strike+1","Sucker Punch+1","Deflect","Expertise+1","After Image+1","Deflect","Well Laid Plans+1","Blade Dance+1","Corpse Explosion","Escape Plan+1","Catalyst+1","Bandage Up","Finesse","Good Instincts","Blade Dance","Finisher+1","Deflect+1","Cloak And Dagger+1","Adrenaline"],"relics":["Ring of the Snake","Toy Ornithopter","Anchor","Astrolabe","Snake Skull","Nunchaku","Blood Vial","Fusion Hammer","Ancient Tea Set","Bag of Preparation","Regal Pillow","Bag of Marbles","Bronze Scales"],"acts_visited":["Exordium","TheCity","TheBeyond"],"potions_floor_usage":[16,24,24,24,44,47,50,50],"damage_taken":[{"damage":5,"enemies":"Cultist","floor":1,"turns":5},{"damage":0,"enemies":"Jaw Worm","floor":2,"turns":5},{"damage":0,"enemies":"2 Louse","floor":3,"turns":4},{"damage":0,"enemies":"Blue Slaver","floor":5,"turns":3},{"damage":22,"enemies":"Lagavulin","floor":7,"turns":5},{"damage":0,"enemies":"3 Louse","floor":8,"turns":3},{"damage":0,"enemies":"Exordium Wildlife","floor":12,"turns":3},{"damage":0,"enemies":"Blue Slaver","floor":14,"turns":2},{"damage":24,"enemies":"The Guardian","floor":16,"turns":14},{"damage":0,"enemies":"2 Thieves","floor":18,"turns":4},{"damage":11,"enemies":"Chosen","floor":19,"turns":5},{"damage":23,"enemies":"Book of Stabbing","floor":24,"turns":5},{"damage":14,"enemies":"Snake Plant","floor":29,"turns":5},{"damage":2,"enemies":"Chosen and Byrds","floor":31,"turns":6},{"damage":37,"enemies":"Automaton","floor":33,"turns":10},{"damage":0,"enemies":"3 Shapes","floor":35,"turns":3},{"damage":0,"enemies":"3 Darklings","floor":36,"turns":2},{"damage":9,"enemies":"Maw","floor":37,"turns":7},{"damage":2,"enemies":"4 Shapes","floor":38,"turns":5},{"damage":21,"enemies":"Nemesis","floor":42,"turns":7},{"damage":15,"enemies":"Giant Head","floor":44,"turns":7},{"damage":6,"enemies":"Jaw Worm Horde","floor":46,"turns":3},{"damage":1,"enemies":"3 Darklings","floor":47,"turns":2},{"damage":21,"enemies":"Donu and Deca","floor":50,"turns":5}],"seed_played":"-797170553657855159","potions_obtained":[{"floor":7,"key":"ColorlessPotion"},{"floor":8,"key":"Block Potion"},{"floor":18,"key":"GamblersBrew"},{"floor":19,"key":"Block Potion"},{"floor":24,"key":"Fruit Juice"},{"floor":33,"key":"LiquidBronze"},{"floor":37,"key":"Ancient Potion"},{"floor":38,"key":"PowerPotion"},{"floor":46,"key":"ColorlessPotion"}],"is_trial":false,"path_per_floor":["M","M","M","?","M","R","E","M","T","R","$","M","R","M","R","B",null,"M","M","?","$","?","R","E","R","T","?","R","M","R","M","R","B",null,"M","M","M","M","?","$","R","E","T","E","R","M","M","$","R","B",null],"character_chosen":"THE_SILENT","items_purchased":["Underhanded Strike","Reflex","Snake Skull","Blade Dance","Ancient Tea Set","Bronze Scales","AttackPotion"],"campfire_rested":5,"item_purchase_floors":[11,11,21,40,40,48,48],"current_hp_per_floor":[58,58,58,51,51,51,29,29,29,29,29,29,29,29,50,31,60,60,49,49,49,49,49,46,46,46,46,46,34,56,56,56,21,62,64,66,59,59,49,49,71,56,56,52,75,69,74,74,75,56],"gold":3,"neow_bonus":"REMOVE_CARD","is_daily":false,"chose_seed":false,"campfire_upgraded":7,"win_rate":0.0,"timestamp":1608126209,"path_taken":["M","?","M","?","M","R","E","M","T","R","$","M","R","M","R","BOSS","M","M","?","$","?","R","E","R","T","?","R","?","R","M","R","BOSS","M","M","M","M","?","$","R","E","T","E","R","M","M","$","R","BOSS"],"items_purchased_type":["Card","Card","Relic","Card","Relic","Relic","Potion"],"build_version":"2020-12-13","purchased_purges":1,"victory":true,"max_hp_per_floor":[70,70,70,70,70,70,70,70,70,70,70,70,70,70,70,70,70,70,70,70,70,70,70,75,75,75,75,75,75,75,75,75,75,75,75,75,75,75,75,75,75,75,75,75,75,75,75,75,75,75],"card_choices":[{"not_picked":["Bane","Dagger Throw"],"picked":"Poisoned Stab","floor":1},{"not_picked":["Deadly Poison","Caltrops"],"picked":"Glass Knife","floor":2},{"not_picked":["Setup","Sucker Punch"],"picked":"Dash","floor":3},{"not_picked":["Cloak And Dagger","Concentrate","Endless Agony"],"picked":"SKIP","floor":5},{"not_picked":["Flying Knee","Dash","Dagger Throw"],"picked":"SKIP","floor":7},{"not_picked":["Outmaneuver","Acrobatics"],"picked":"Backstab","floor":8},{"not_picked":["Slice","Backflip"],"picked":"A Thousand Cuts","floor":12},{"not_picked":["Underhanded Strike","Outmaneuver","Sucker Punch"],"picked":"SKIP","floor":14},{"not_picked":["Grand Finale","Malaise"],"picked":"Envenom","floor":16},{"not_picked":["Riddle With Holes","Dodge and Roll","Poisoned Stab"],"picked":"SKIP","floor":18},{"not_picked":["Flying Knee","Riddle With Holes+1"],"picked":"Deflect","floor":19},{"not_picked":["Flying Knee","Poisoned Stab"],"picked":"Expertise","floor":24},{"not_picked":["Deadly Poison+1","Slice"],"picked":"Well Laid Plans+1","floor":29},{"not_picked":["Heel Hook","Bane"],"picked":"Blade Dance+1","floor":31},{"not_picked":["Malaise","Venomology"],"picked":"Corpse Explosion","floor":33},{"not_picked":["Masterful Stab","PiercingWail","Leg Sweep+1"],"picked":"SKIP","floor":35},{"not_picked":["Dagger Throw+1","Quick Slash"],"picked":"Escape Plan+1","floor":36},{"not_picked":["Bane+1","Dodge and Roll+1"],"picked":"Catalyst+1","floor":37},{"not_picked":["Dagger Spray","Sucker Punch+1","Expertise"],"picked":"SKIP","floor":38},{"not_picked":["Dramatic Entrance","Deep Breath"],"picked":"Bandage Up","floor":39},{"not_picked":["Enlightenment","Blind"],"picked":"Finesse","floor":39},{"not_picked":["Forethought","Finesse"],"picked":"Good Instincts","floor":39},{"not_picked":["Dagger Throw+1","Bane"],"picked":"Finisher+1","floor":42},{"not_picked":["Prepared","Leg Sweep+1"],"picked":"Deflect+1","floor":44},{"not_picked":["Quick Slash+1","Blur"],"picked":"Cloak And Dagger+1","floor":46},{"not_picked":["Masterful Stab","Sucker Punch+1"],"picked":"Adrenaline","floor":47}],"player_experience":780284,"relics_obtained":[{"floor":7,"key":"Toy Ornithopter"},{"floor":9,"key":"Anchor"},{"floor":24,"key":"Nunchaku"},{"floor":26,"key":"Blood Vial"},{"floor":42,"key":"Bag of Preparation"},{"floor":43,"key":"Regal Pillow"},{"floor":44,"key":"Bag of Marbles"}],"event_choices":[{"cards_removed":["Strike_G"],"damage_healed":0,"gold_gain":0,"player_choice":"Card Removal","damage_taken":7,"max_hp_gain":0,"max_hp_loss":0,"event_name":"Golden Wing","floor":4,"gold_loss":0},{"damage_healed":0,"gold_gain":0,"player_choice":"Ignored","damage_taken":0,"max_hp_gain":0,"max_hp_loss":0,"event_name":"Ghosts","floor":20,"gold_loss":0},{"cards_removed":["Defend_G"],"damage_healed":0,"gold_gain":0,"player_choice":"Elegance","damage_taken":0,"max_hp_gain":0,"max_hp_loss":0,"event_name":"Back to Basics","floor":22,"gold_loss":0},{"damage_healed":0,"gold_gain":0,"cards_transformed":["Underhanded Strike","Defend_G"],"player_choice":"Became Test Subject","damage_taken":0,"max_hp_gain":0,"max_hp_loss":0,"event_name":"Drug Dealer","floor":27,"gold_loss":0,"cards_obtained":["After Image","Deflect"]},{"damage_healed":0,"gold_gain":0,"player_choice":"Memory 3","damage_taken":10,"max_hp_gain":0,"max_hp_loss":0,"event_name":"SensoryStone","floor":39,"gold_loss":0}],"is_beta":false,"boss_relics":[{"not_picked":["Tiny House","SlaversCollar"],"picked":"Astrolabe"},{"not_picked":["Black Star","Cursed Key"],"picked":"Fusion Hammer"}],"items_purged_floors":[11],"is_endless":false,"potions_floor_spawned":[7,8,12,18,19,24,33,37,38,46],"ascension_level":11}}