{"host":"fo1pcjb7ykmk7tjo","time":1608142767,"event":{"mods":["BaseMod","Colored Map","Downfall","Hermit","Hubris","Infinite Spire","Marisa????????","Minty Spire (QoL Compilation)","Replay The Spire","StSLib","The Disciple","The Servant 0.9.4"],"gold_per_floor":[114,124,124,124,148,148,168,205,279,279,116,134,340,345,345],"floor_reached":14,"playtime":605,"items_purged":[],"score":90,"play_id":"62f81254-2d01-4880-ae47-0fb73c729e19","local_time":"20201216191927","is_ascension_mode":false,"campfire_choices":[{"data":"hermit:Maintenance","floor":6.0,"key":"SMITH"},{"data":"hermit:FlashPowder","floor":10.0,"key":"SMITH"}],"circlet_count":0,"master_deck":["hermit:Strike_Hermit","hermit:Strike_Hermit","hermit:Strike_Hermit","hermit:Defend_Hermit","hermit:Defend_Hermit","hermit:Defend_Hermit","hermit:Snapshot","hermit:Covet","hermit:Brawl","hermit:Scavenge","hermit:Maintenance+1","hermit:FlashPowder","hermit:FlashPowder+1","hermit:HighNoon","hermit:FullyLoaded"],"relics":["hermit:Momento","hubris:Towel","Dead Branch","Pantograph"],"acts_visited":["Exordium"],"potions_floor_usage":[],"damage_taken":[{"damage":0.0,"enemies":"Small Slimes","floor":1.0,"turns":2.0},{"damage":8.0,"enemies":"Jaw Worm","floor":2.0,"turns":4.0},{"damage":0.0,"enemies":"Cultist","floor":5.0,"turns":4.0},{"damage":11.0,"enemies":"Gremlin Gang","floor":7.0,"turns":5.0},{"damage":18.0,"enemies":"3 Sentries","floor":8.0,"turns":8.0},{"damage":0.0,"enemies":"2 Fungi Beasts","floor":12.0,"turns":5.0},{"damage":20,"enemies":"Gremlin Nob","floor":14,"turns":4}],"seed_played":"1333233848803964665","potions_obtained":[{"floor":2.0,"key":"Strength Potion"},{"floor":5.0,"key":"Slimebound:ThreeZeroPotion"},{"floor":7.0,"key":"Milkshake"},{"floor":8.0,"key":"Fire Potion"}],"is_trial":false,"path_per_floor":["M","M","?","?","M","R","M","E","T","R","$","M","?","E"],"character_chosen":"HERMIT","items_purchased":["hermit:HighNoon"],"campfire_rested":0,"item_purchase_floors":[11],"current_hp_per_floor":[75,67,67,67,67,67,56,38,38,38,38,38,20,0,0],"gold":345,"neow_bonus":"REMOVE_CARD","is_daily":false,"chose_seed":false,"campfire_upgraded":2,"win_rate":0.0,"timestamp":1608142767,"path_taken":["M","M","?","?","?","R","?","E","T","R","$","M","?","E"],"items_purchased_type":["Card"],"build_version":"2020-12-13","purchased_purges":0,"victory":false,"max_hp_per_floor":[75,75,75,75,75,75,75,75,75,75,75,75,75,75,75],"card_choices":[{"not_picked":["hermit:Cheat","hermit:Ricochet"],"picked":"hermit:Brawl","floor":1.0},{"not_picked":["hermit:BodyArmor","hermit:WideOpen"],"picked":"hermit:Scavenge","floor":2.0},{"not_picked":["hermit:Desperado","hermit:FlashPowder"],"picked":"hermit:Maintenance","floor":5.0},{"not_picked":["hermit:ItchyTrigger","hermit:Spite"],"picked":"hermit:FlashPowder","floor":7.0},{"not_picked":["hermit:ShadowCloak","hermit:TakeAim"],"picked":"hermit:FlashPowder","floor":8.0},{"not_picked":["hermit:Brawl","hermit:FatalDesire","hermit:TakeAim"],"picked":"SKIP","floor":12.0},{"not_picked":["hermit:Headshot","hermit:SprayPray"],"picked":"hermit:FullyLoaded","floor":13}],"player_experience":153457,"relics_obtained":[{"floor":8.0,"key":"Dead Branch"},{"floor":9.0,"key":"Pantograph"}],"event_choices":[{"cards_removed":["hermit:Defend_Hermit"],"damage_healed":0.0,"max_hp_gain":0.0,"max_hp_loss":0.0,"gold_gain":0.0,"event_name":"Bonfire Elementals","player_choice":"Offered Basic","floor":4.0,"gold_loss":0.0,"damage_taken":0.0}],"is_beta":false,"boss_relics":[],"items_purged_floors":[],"is_endless":false,"potions_floor_spawned":[2,5,7,8],"killed_by":"Gremlin Nob","ascension_level":0}}