{"host":"x4yihwynwtwjbvbe","time":1608148982,"event":{"mods":["AchievementEnabler","BaseMod","Colored Map","Colored Powertips","Keyboard Shortcuts","Minty Spire (QoL Compilation)","Quick Restart","Relic Stats"],"gold_per_floor":[112,129,129,139,89,122,134,134,134,134,147,222,270,295,295,395,395,408,333,348,17,27,54,66,66,66,95,108,108,139,149,149,251,251,264,264,264,61,87,87,98,98,98,127,127,0,19,46,46,46],"floor_reached":51,"playtime":2190,"items_purged":["Strike_G","Defend_G","Strike_G"],"score":1161,"play_id":"2a663c08-27ee-4e67-8f93-f7ff63a851ca","local_time":"20201217050302","is_ascension_mode":true,"campfire_choices":[{"data":"Choke","floor":10.0,"key":"SMITH"},{"data":"Concentrate","floor":15.0,"key":"SMITH"},{"data":"Apotheosis","floor":25.0,"key":"SMITH"},{"data":"Adrenaline","floor":29.0,"key":"SMITH"},{"data":"Tactician","floor":32,"key":"SMITH"},{"data":"Footwork","floor":40,"key":"SMITH"},{"data":"Blind","floor":42,"key":"SMITH"},{"data":"Madness","floor":49,"key":"SMITH"}],"circlet_count":0,"master_deck":["Strike_G","Strike_G","Defend_G","Defend_G","Defend_G","Defend_G","Survivor","Neutralize+1","Cloak And Dagger","Dagger Spray","Choke+1","Deflect","Blade Dance","After Image","Concentrate+1","Adrenaline+1","Outmaneuver+1","Apotheosis+1","Blade Dance","Blade Dance+1","Expertise","Tactician+1","Blind+1","Madness+1","Madness","Footwork+1","Escape Plan","Escape Plan"],"relics":["Ring of the Snake","Meat on the Bone","InkBottle","Centennial Puzzle","Eternal Feather","Busted Crown","Ornamental Fan","Letter Opener","Shuriken","Snake Skull","Coffee Dripper","Nunchaku","Singing Bowl","Frozen Egg 2","Bottled Lightning","Red Mask","Bottled Tornado"],"acts_visited":["Exordium","TheCity","TheBeyond"],"potions_floor_usage":[],"damage_taken":[{"damage":5.0,"enemies":"Small Slimes","floor":1.0,"turns":5.0},{"damage":0.0,"enemies":"2 Louse","floor":2.0,"turns":2.0},{"damage":3.0,"enemies":"Jaw Worm","floor":4.0,"turns":4.0},{"damage":25.0,"enemies":"Gremlin Nob","floor":6.0,"turns":4.0},{"damage":5.0,"enemies":"Looter","floor":7.0,"turns":3.0},{"damage":5.0,"enemies":"2 Fungi Beasts","floor":11.0,"turns":2.0},{"damage":11.0,"enemies":"3 Sentries","floor":14.0,"turns":6.0},{"damage":21.0,"enemies":"The Guardian","floor":16.0,"turns":14.0},{"damage":13.0,"enemies":"Spheric Guardian","floor":18.0,"turns":4.0},{"damage":5.0,"enemies":"2 Thieves","floor":20.0,"turns":2.0},{"damage":10.0,"enemies":"Cultist and Chosen","floor":22.0,"turns":6.0},{"damage":14.0,"enemies":"Book of Stabbing","floor":23.0,"turns":4.0},{"damage":6.0,"enemies":"Centurion and Healer","floor":24.0,"turns":6.0},{"damage":0.0,"enemies":"Slavers","floor":27.0,"turns":6.0},{"damage":0.0,"enemies":"Sentry and Sphere","floor":28.0,"turns":2.0},{"damage":0.0,"enemies":"Gremlin Leader","floor":30.0,"turns":2.0},{"damage":2,"enemies":"Snecko","floor":31,"turns":4},{"damage":6,"enemies":"Collector","floor":33,"turns":5},{"damage":0,"enemies":"3 Darklings","floor":35,"turns":2},{"damage":32,"enemies":"3 Shapes","floor":41,"turns":9},{"damage":11,"enemies":"Nemesis","floor":44,"turns":3},{"damage":0,"enemies":"Sphere and 2 Shapes","floor":47,"turns":2},{"damage":0,"enemies":"Reptomancer","floor":48,"turns":2},{"damage":1,"enemies":"Donu and Deca","floor":50,"turns":6}],"seed_played":"6496270688865498674","potions_obtained":[{"floor":2.0,"key":"PowerPotion"},{"floor":7.0,"key":"Energy Potion"},{"floor":16.0,"key":"SkillPotion"},{"floor":20.0,"key":"FearPotion"},{"floor":23.0,"key":"LiquidMemories"},{"floor":27.0,"key":"Block Potion"},{"floor":28.0,"key":"EssenceOfSteel"},{"floor":44,"key":"ColorlessPotion"},{"floor":48,"key":"CunningPotion"}],"is_trial":false,"path_per_floor":["M","M","?","M","?","E","M","?","T","R","M","?","T","E","R","B",null,"M","$","M","$","M","E","M","R","T","E","M","R","E","M","R","B",null,"M","?","?","$","T","R","M","R","T","E","T","?","M","E","R","B",null],"character_chosen":"THE_SILENT","items_purchased":["Apotheosis","Blade Dance","Footwork"],"campfire_rested":0,"item_purchase_floors":[21,21,38],"current_hp_per_floor":[58,58,63,60,60,35,42,42,42,42,49,38,38,39,48,39,66,53,53,48,48,38,36,42,54,54,54,54,66,66,64,75,69,74,74,64,55,55,55,70,38,53,53,44,44,44,44,44,59,58],"gold":46,"neow_bonus":"THREE_CARDS","is_daily":false,"chose_seed":false,"campfire_upgraded":8,"win_rate":0.0,"timestamp":1608148982,"path_taken":["M","M","?","M","?","E","M","?","T","R","M","?","?","E","R","BOSS","M","$","M","$","M","E","M","R","T","E","M","R","E","M","R","BOSS","M","?","?","$","?","R","M","R","T","E","?","?","M","E","R","BOSS"],"items_purchased_type":["Card","Card","Card"],"build_version":"2020-12-13","purchased_purges":3,"victory":true,"max_hp_per_floor":[70,70,75,75,75,75,75,75,75,75,75,75,75,75,75,75,75,75,75,75,75,75,75,75,75,75,75,75,75,75,75,75,75,75,75,75,75,75,75,75,75,75,75,77,77,77,77,77,77,77],"relic_stats":{"Singing Bowl":2,"counters":[24,105],"Eternal Feather":89,"Snake Skull":[0],"Letter Opener":[358],"Centennial Puzzle":[35],"Nunchaku":[10],"Busted Crown":40,"Ornamental Fan":[236],"Shuriken":[50],"obtain_stats":[{"Singing Bowl":43,"Eternal Feather":14,"Snake Skull":30,"Letter Opener":26,"Frozen Egg 2":44,"Bottled Tornado":48,"Centennial Puzzle":13,"Nunchaku":39,"Busted Crown":17,"Ornamental Fan":23,"Shuriken":27,"Coffee Dripper":34,"Red Mask":46,"Bottled Lightning":45,"InkBottle":9,"Ring of the Snake":0,"Meat on the Bone":6},{"Singing Bowl":20,"Eternal Feather":7,"Snake Skull":16,"Letter Opener":13,"Frozen Egg 2":21,"Bottled Tornado":23,"Centennial Puzzle":6,"Nunchaku":19,"Busted Crown":8,"Ornamental Fan":12,"Shuriken":14,"Coffee Dripper":18,"Red Mask":21,"Bottled Lightning":21,"InkBottle":5,"Ring of the Snake":0,"Meat on the Bone":4},{"Singing Bowl":92,"Eternal Feather":26,"Snake Skull":72,"Letter Opener":62,"Frozen Egg 2":95,"Bottled Tornado":99,"Centennial Puzzle":20,"Nunchaku":83,"Busted Crown":40,"Ornamental Fan":56,"Shuriken":68,"Coffee Dripper":81,"Red Mask":95,"Bottled Lightning":95,"InkBottle":18,"Ring of the Snake":0,"Meat on the Bone":15}],"InkBottle":[60],"Ring of the Snake":[48],"Meat on the Bone":72},"card_choices":[{"not_picked":["Sucker Punch","Acrobatics"],"picked":"Cloak And Dagger","floor":0.0},{"not_picked":["Infinite Blades","Finisher"],"picked":"Dagger Spray","floor":1.0},{"not_picked":["Bane","Slice"],"picked":"Choke","floor":2.0},{"not_picked":["Sucker Punch","Outmaneuver","Finisher"],"picked":"SKIP","floor":4.0},{"not_picked":["Underhanded Strike","Distraction"],"picked":"Deflect","floor":6.0},{"not_picked":["Dagger Throw","Sucker Punch"],"picked":"Blade Dance","floor":7.0},{"not_picked":["Slice","Outmaneuver"],"picked":"After Image","floor":11.0},{"not_picked":["Acrobatics","Deadly Poison"],"picked":"Concentrate","floor":14.0},{"not_picked":["Bullet Time","Glass Knife"],"picked":"Adrenaline","floor":16.0},{"not_picked":[],"picked":"Outmaneuver+1","floor":18.0},{"not_picked":["Dash"],"picked":"SKIP","floor":20.0},{"not_picked":[],"picked":"Blade Dance+1","floor":22.0},{"not_picked":["Heel Hook+1"],"picked":"SKIP","floor":23.0},{"not_picked":["Quick Slash+1"],"picked":"SKIP","floor":24.0},{"not_picked":[],"picked":"Expertise","floor":27.0},{"not_picked":[],"picked":"Tactician","floor":28.0},{"not_picked":["Sucker Punch"],"picked":"SKIP","floor":30},{"not_picked":["Sucker Punch+1"],"picked":"SKIP","floor":31},{"not_picked":["Deadly Poison+1"],"picked":"SKIP","floor":35},{"not_picked":[],"picked":"Blind","floor":36},{"not_picked":["Sucker Punch+1"],"picked":"SKIP","floor":41},{"not_picked":["Quick Slash+1"],"picked":"Singing Bowl","floor":44},{"not_picked":[],"picked":"Escape Plan","floor":47},{"not_picked":[],"picked":"Escape Plan","floor":48}],"player_experience":221578,"relics_obtained":[{"floor":6.0,"key":"Meat on the Bone"},{"floor":9.0,"key":"InkBottle"},{"floor":13.0,"key":"Centennial Puzzle"},{"floor":14.0,"key":"Eternal Feather"},{"floor":23.0,"key":"Ornamental Fan"},{"floor":26.0,"key":"Letter Opener"},{"floor":27.0,"key":"Shuriken"},{"floor":30,"key":"Snake Skull"},{"floor":39,"key":"Nunchaku"},{"floor":43,"key":"Singing Bowl"},{"floor":44,"key":"Frozen Egg 2"},{"floor":45,"key":"Bottled Lightning"},{"floor":48,"key":"Bottled Tornado"}],"event_choices":[{"damage_healed":0.0,"max_hp_gain":5.0,"max_hp_loss":0.0,"gold_gain":0.0,"event_name":"Big Fish","player_choice":"Donut","floor":3.0,"gold_loss":0.0,"damage_taken":0.0},{"cards_removed":["Strike_G"],"damage_healed":0.0,"max_hp_gain":0.0,"max_hp_loss":0.0,"gold_gain":0.0,"event_name":"The Cleric","player_choice":"Card Removal","floor":5.0,"gold_loss":50.0,"damage_taken":0.0},{"damage_healed":0.0,"max_hp_gain":0.0,"max_hp_loss":0.0,"gold_gain":0.0,"event_name":"Living Wall","player_choice":"Grow","floor":8.0,"gold_loss":0.0,"damage_taken":0.0,"cards_upgraded":["Neutralize"]},{"damage_healed":0.0,"max_hp_gain":0.0,"max_hp_loss":0.0,"gold_gain":75.0,"event_name":"World of Goop","player_choice":"Gather Gold","floor":12.0,"gold_loss":0.0,"damage_taken":11.0},{"damage_healed":0,"gold_gain":0,"player_choice":"Memory 3","damage_taken":10,"max_hp_gain":0,"max_hp_loss":0,"event_name":"SensoryStone","floor":36,"gold_loss":0},{"damage_healed":0,"gold_gain":0,"player_choice":"Embrace Madness","damage_taken":9,"max_hp_gain":0,"max_hp_loss":0,"event_name":"Winding Halls","floor":37,"gold_loss":0,"cards_obtained":["Madness","Madness"]},{"damage_healed":0,"gold_gain":0,"player_choice":"Paid","damage_taken":0,"relics_obtained":["Red Mask"],"max_hp_gain":0,"max_hp_loss":0,"event_name":"Tomb of Lord Red Mask","floor":46,"gold_loss":127}],"is_beta":false,"boss_relics":[{"not_picked":["Runic Dome","Calling Bell"],"picked":"Busted Crown"},{"not_picked":["Cursed Key","Tiny House"],"picked":"Coffee Dripper"}],"items_purged_floors":[19,21,38],"is_endless":false,"potions_floor_spawned":[2,7,16,20,23,27,28,44,48],"ascension_level":7}}