{"host":"aovv4e73998kgan0","time":1608096581,"event":{"mods":["BaseMod","Minty Spire (QoL Compilation)","StSLib"],"gold_per_floor":[109,59,70,82,82,114,130,130,130,165,165,165,176,191,191,292,292,304,43,43,43],"floor_reached":20,"playtime":1064,"items_purged":["Strike_B"],"score":193,"play_id":"6cbd1040-8f2e-4a23-a384-ab476261185e","local_time":"20201216002941","is_ascension_mode":true,"campfire_choices":[{"data":"Doom and Gloom","floor":8.0,"key":"SMITH"},{"floor":12.0,"key":"REST"},{"data":"Zap","floor":15.0,"key":"SMITH"}],"circlet_count":0,"master_deck":["Strike_B","Defend_B","Defend_B","Defend_B","Defend_B","Zap+1","Dualcast","White Noise","Ball Lightning","Beam Cell","Compile Driver","Doom and Gloom+1","Leap+1","Auto Shields+1","Genetic Algorithm+1","Barrage","Fission+1","Consume+1","Self Repair"],"relics":["Cracked Core","Toxic Egg 2","Mummified Hand","Matryoshka","Black Star","Membership Card"],"acts_visited":["Exordium","TheCity"],"potions_floor_usage":[],"damage_taken":[{"damage":1.0,"enemies":"Cultist","floor":1.0,"turns":3.0},{"damage":3.0,"enemies":"Small Slimes","floor":3.0,"turns":3.0},{"damage":6.0,"enemies":"Jaw Worm","floor":4.0,"turns":2.0},{"damage":16.0,"enemies":"Gremlin Nob","floor":6.0,"turns":3.0},{"damage":12.0,"enemies":"Exordium Wildlife","floor":7.0,"turns":4.0},{"damage":32.0,"enemies":"3 Sentries","floor":10.0,"turns":5.0},{"damage":2.0,"enemies":"Blue Slaver","floor":13.0,"turns":4.0},{"damage":0.0,"enemies":"Looter","floor":14.0,"turns":3.0},{"damage":7.0,"enemies":"The Guardian","floor":16.0,"turns":7.0},{"damage":5.0,"enemies":"Shell Parasite","floor":18.0,"turns":5.0},{"damage":0,"enemies":"3 Byrds","floor":20,"turns":3}],"seed_played":"2151047449399696390","potions_obtained":[{"floor":3.0,"key":"Fire Potion"},{"floor":10.0,"key":"PowerPotion"},{"floor":13.0,"key":"FocusPotion"}],"is_trial":false,"path_per_floor":["M","?","M","M","?","E","M","R","T","E","?","R","M","M","R","B",null,"M","$","M"],"character_chosen":"DEFECT","items_purchased":["Membership Card","Consume+1","Self Repair"],"campfire_rested":1,"item_purchase_floors":[19,19,19],"current_hp_per_floor":[74,74,71,65,65,49,37,37,37,5,5,27,25,25,25,18,75,70,70,70,70],"gold":43,"neow_bonus":"THREE_CARDS","is_daily":false,"chose_seed":false,"campfire_upgraded":2,"win_rate":0.0,"timestamp":1608096581,"path_taken":["M","?","M","M","?","E","?","R","T","E","?","R","M","?","R","BOSS","M","$","M"],"items_purchased_type":["Relic","Card","Card"],"build_version":"2020-12-13","purchased_purges":1,"victory":false,"max_hp_per_floor":[75,75,75,75,75,75,75,75,75,75,75,75,75,75,75,75,75,75,75,75,75],"card_choices":[{"not_picked":["Cold Snap","Redo"],"picked":"White Noise","floor":0.0},{"not_picked":["Redo","Fusion"],"picked":"Ball Lightning","floor":1.0},{"not_picked":["Melter","Hello World"],"picked":"Beam Cell","floor":3.0},{"not_picked":["Rip and Tear","Heatsinks"],"picked":"Compile Driver","floor":4.0},{"not_picked":["Scrape","Rebound"],"picked":"Doom and Gloom","floor":6.0},{"not_picked":["Skim+1","Gash"],"picked":"Leap+1","floor":7.0},{"not_picked":["Storm","Reprogram+1"],"picked":"Auto Shields+1","floor":10.0},{"not_picked":["Rip and Tear","Go for the Eyes"],"picked":"Genetic Algorithm+1","floor":13.0},{"not_picked":["Doom and Gloom","Turbo+1"],"picked":"Barrage","floor":14.0},{"not_picked":["Reboot+1","Seek+1"],"picked":"Fission+1","floor":16.0},{"not_picked":["Barrage","Sweeping Beam","Ball Lightning"],"picked":"SKIP","floor":18.0}],"player_experience":155816,"relics_obtained":[{"floor":6.0,"key":"Toxic Egg 2"},{"floor":9.0,"key":"Mummified Hand"},{"floor":10.0,"key":"Matryoshka"}],"event_choices":[{"cards_removed":["Strike_B"],"damage_healed":0.0,"max_hp_gain":0.0,"max_hp_loss":0.0,"gold_gain":0.0,"event_name":"The Cleric","player_choice":"Card Removal","floor":2.0,"gold_loss":50.0,"damage_taken":0.0},{"cards_removed":["Strike_B"],"damage_healed":0.0,"max_hp_gain":0.0,"max_hp_loss":0.0,"gold_gain":0.0,"event_name":"Bonfire Elementals","player_choice":"Offered Basic","floor":5.0,"gold_loss":0.0,"damage_taken":0.0},{"damage_healed":0.0,"max_hp_gain":0.0,"max_hp_loss":0.0,"gold_gain":0.0,"event_name":"FaceTrader","player_choice":"Leave","floor":11.0,"gold_loss":0.0,"damage_taken":0.0}],"is_beta":false,"boss_relics":[{"not_picked":["Runic Pyramid","Coffee Dripper"],"picked":"Black Star"}],"items_purged_floors":[19],"is_endless":false,"potions_floor_spawned":[3,10,13],"killed_by":"3 Byrds","ascension_level":1}}