{"host":"6xsbn6ynqlzwllfm","time":1608162749,"event":{"mods":["2.2 Compatiblity","BaseMod","Bestiary","Colored Map","Colored Powertips","Curses Come First","Downfall","Highlight Path","Keyboard Shortcuts","Minty Spire (QoL Compilation)","Quick Restart","Relic Stats","Slay the Relics Exporter","StSLib","SuperFastMode"],"gold_per_floor":[114,2,16,32,32,32,44,44,44,44,73,73,85,85,85,156,156,172,34,34,48,60,87,87,87,87,116,127,127,140,171,171,247,247,247],"floor_reached":34,"playtime":2743,"items_purged":["Guardian:Defend_Guardian"],"score":782,"play_id":"48c3d58a-b373-40d2-945e-1cbc76460363","local_time":"20201216185229","is_ascension_mode":true,"campfire_choices":[{"data":"Guardian:ArmoredProtocol","floor":8.0,"key":"SMITH"},{"data":"Guardian:BronzeArmor","floor":10.0,"key":"SMITH"},{"data":"Guardian:ChargeUp","floor":12.0,"key":"SMITH"},{"data":"Guardian:BronzeArmor","floor":15.0,"key":"SMITH"},{"data":"Guardian:Harden","floor":24.0,"key":"SMITH"},{"data":"Guardian:PrismaticBarrier","floor":29.0,"key":"SMITH"},{"floor":32,"key":"REST"}],"circlet_count":0,"master_deck":["AscendersBane","Guardian:Strike_Guardian","Guardian:Strike_Guardian","Guardian:Defend_Guardian","Guardian:Defend_Guardian","Guardian:CurlUp","Guardian:TwinSlam","Guardian:BronzeArmor+1","Guardian:BronzeArmor+1","Guardian:ArmoredProtocol+1","Guardian:Reroute","Guardian:VentSteam","Guardian:ChargeUp+1","Guardian:PrismaticBarrier+1","Guardian:StasisField","Guardian:EvasiveProtocol","Guardian:StasisStrike","Guardian:Harden+1","Guardian:GemFinder","Guardian:Recover","Guardian:Gem_Green","Guardian:StasisStrike"],"relics":["Guardian:ModeShifterPlus","Sundial","Matryoshka","Calipers","Orichalcum","HornCleat","Bag of Marbles","Regal Pillow","Philosopher\u0027s Stone"],"acts_visited":["Exordium","TheCity","TheBeyond"],"potions_floor_usage":[],"damage_taken":[{"damage":0.0,"enemies":"Small Slimes","floor":1.0,"turns":3.0},{"damage":9.0,"enemies":"2 Louse","floor":3.0,"turns":3.0},{"damage":0.0,"enemies":"Cultist","floor":4.0,"turns":5.0},{"damage":3.0,"enemies":"Looter","floor":7.0,"turns":3.0},{"damage":14.0,"enemies":"Gremlin Nob","floor":11.0,"turns":5.0},{"damage":0.0,"enemies":"2 Fungi Beasts","floor":13.0,"turns":4.0},{"damage":32.0,"enemies":"The Guardian","floor":16.0,"turns":9.0},{"damage":4.0,"enemies":"Spheric Guardian","floor":18.0,"turns":7.0},{"damage":0.0,"enemies":"Shell Parasite","floor":21.0,"turns":5.0},{"damage":1.0,"enemies":"Centurion and Healer","floor":22.0,"turns":7.0},{"damage":31.0,"enemies":"Slavers","floor":23.0,"turns":7.0},{"damage":18.0,"enemies":"Book of Stabbing","floor":27.0,"turns":6.0},{"damage":0.0,"enemies":"Snake Plant","floor":28.0,"turns":5.0},{"damage":9.0,"enemies":"3 Cultists","floor":30.0,"turns":6.0},{"damage":13.0,"enemies":"Gremlin Leader","floor":31.0,"turns":9.0},{"damage":0,"enemies":"Collector","floor":33,"turns":18}],"seed_played":"8070246296218378656","potions_obtained":[{"floor":3.0,"key":"Block Potion"},{"floor":11.0,"key":"FairyPotion"},{"floor":13.0,"key":"Guardian:DefensiveModePotion"},{"floor":33,"key":"Guardian:AcceleratePotion"}],"is_trial":false,"path_per_floor":["M","$","M","M","?","?","M","R","T","R","E","R","M","?","R","B",null,"M","$","?","M","M","E","R","?","T","E","M","R","M","E","R","B",null],"character_chosen":"GUARDIAN","items_purchased":["Guardian:BronzeArmor","Guardian:StasisStrike"],"campfire_rested":1,"item_purchase_floors":[2,19],"current_hp_per_floor":[72,72,63,63,63,63,60,60,60,60,46,46,46,39,39,7,61,57,57,57,57,56,25,25,25,25,7,7,7,23,10,48,48,71,71],"gold":247,"neow_bonus":"TEN_PERCENT_HP_BONUS","is_daily":false,"chose_seed":false,"campfire_upgraded":6,"win_rate":0.0,"timestamp":1608162749,"path_taken":["M","$","M","M","?","?","M","R","T","R","E","R","?","?","R","BOSS","M","$","?","M","M","E","R","?","T","E","M","R","M","E","R","BOSS"],"items_purchased_type":["Card","Card"],"build_version":"2020-12-13","purchased_purges":1,"victory":false,"max_hp_per_floor":[79,79,79,79,79,79,79,79,79,79,79,79,79,79,79,79,79,79,79,79,79,79,79,79,79,79,79,79,79,79,79,79,79,79,79],"relic_stats":{"Regal Pillow":15,"counters":[16,102],"Sundial":[20],"Orichalcum":[0],"obtain_stats":[{"Regal Pillow":31,"Matryoshka":11,"Calipers":23,"HornCleat":26,"Guardian:ModeShifterPlus":17,"Sundial":9,"Guardian:ModeShifter":0,"Philosopher\u0027s Stone":34,"Bag of Marbles":27,"Orichalcum":26},{"Regal Pillow":15,"Matryoshka":5,"Calipers":11,"HornCleat":11,"Guardian:ModeShifterPlus":7,"Sundial":4,"Guardian:ModeShifter":0,"Philosopher\u0027s Stone":16,"Bag of Marbles":12,"Orichalcum":11},{"Regal Pillow":84,"Matryoshka":19,"Calipers":58,"HornCleat":58,"Guardian:ModeShifterPlus":32,"Sundial":14,"Guardian:ModeShifter":0,"Philosopher\u0027s Stone":102,"Bag of Marbles":64,"Orichalcum":58}]},"card_choices":[{"not_picked":["Guardian:PrimingBeam","Guardian:ChargeCore"],"picked":"Guardian:Gem_Cyan","floor":1.0},{"not_picked":["Guardian:Gem_Lightblue","Guardian:Orbwalk"],"picked":"Guardian:BronzeArmor","floor":3.0},{"not_picked":["Guardian:CrystalBeam","Guardian:Planning"],"picked":"Guardian:ArmoredProtocol","floor":4.0},{"not_picked":["Guardian:SpikerProtocol","Guardian:PiercingHide"],"picked":"Guardian:VentSteam","floor":7.0},{"not_picked":["Guardian:Reroute","Guardian:GemFinder"],"picked":"Guardian:ChargeUp","floor":11.0},{"not_picked":["Guardian:Emergency","Guardian:WalkerClaw"],"picked":"Guardian:PrismaticBarrier","floor":13.0},{"not_picked":["Guardian:StasisEngine","Guardian:FierceBash"],"picked":"Guardian:StasisField","floor":16.0},{"not_picked":["Guardian:ChargeCore","Guardian:PrismaticBeam"],"picked":"Guardian:EvasiveProtocol","floor":18.0},{"not_picked":["Guardian:PrimingBeam","Guardian:EvasiveProtocol","Guardian:Recover"],"picked":"SKIP","floor":22.0},{"not_picked":["Guardian:VentSteam","Guardian:Gem_Cyan"],"picked":"Guardian:Harden","floor":23.0},{"not_picked":["Guardian:TemporalShield","Guardian:ChargeCore","Guardian:BronzeArmor"],"picked":"SKIP","floor":27.0},{"not_picked":["Guardian:CrystalBeam","Guardian:RollAttack+1"],"picked":"Guardian:Gem_Green","floor":28.0},{"not_picked":["Guardian:TimeBomb","Guardian:PrismaticBarrier"],"picked":"Guardian:GemFinder","floor":30.0},{"not_picked":["Guardian:Gem_Green","Guardian:Gem_Red"],"picked":"Guardian:Gem_Cyan","floor":31.0},{"not_picked":["Guardian:Gem_Crimson","Guardian:PrimingBeam"],"picked":"Guardian:Recover","floor":31.0},{"not_picked":["Guardian:Gem_Lightblue","Guardian:Gem_Red"],"picked":"Guardian:Gem_Green","floor":33},{"not_picked":["Guardian:FastForward","Guardian:GemFire"],"picked":"Guardian:StasisStrike","floor":33}],"player_experience":1240595,"relics_obtained":[{"floor":9.0,"key":"Sundial"},{"floor":11.0,"key":"Matryoshka"},{"floor":23.0,"key":"Calipers"},{"floor":26.0,"key":"Orichalcum"},{"floor":26.0,"key":"HornCleat"},{"floor":27.0,"key":"Bag of Marbles"},{"floor":31.0,"key":"Regal Pillow"}],"event_choices":[{"damage_healed":0.0,"max_hp_gain":0.0,"max_hp_loss":0.0,"gold_gain":0.0,"cards_transformed":["Guardian:Strike_Guardian"],"event_name":"Living Wall","player_choice":"Change","floor":5.0,"gold_loss":0.0,"damage_taken":0.0,"cards_obtained":["Guardian:Reroute"]},{"cards_removed":["Guardian:Defend_Guardian"],"damage_healed":0.0,"max_hp_gain":0.0,"max_hp_loss":0.0,"gold_gain":0.0,"event_name":"Golden Wing","player_choice":"Card Removal","floor":14.0,"gold_loss":0.0,"damage_taken":7.0},{"damage_healed":0.0,"max_hp_gain":0.0,"max_hp_loss":0.0,"gold_gain":0.0,"event_name":"Cursed Tome","player_choice":"Ignored","floor":20.0,"gold_loss":0.0,"damage_taken":0.0}],"is_beta":false,"boss_relics":[{"not_picked":["Runic Dome","Tiny House"],"picked":"Guardian:ModeShifterPlus"},{"not_picked":["SlaversCollar","Calling Bell"],"picked":"Philosopher\u0027s Stone"}],"items_purged_floors":[2],"is_endless":false,"potions_floor_spawned":[3,11,13,16,22,23,27,33],"ascension_level":14}}