{"host":"bxn2em57qlx5u4i0","time":1608097555,"event":{"mods":["BaseMod","Colored Map","Colored Powertips","Highlight Path","Minty Spire (QoL Compilation)","Random Character Button","Relic Sorter","Relic Stats","StSLib","SuperFastMode"],"gold_per_floor":[116,266,291,8,26,61,61,87,137,166,166,166,166],"floor_reached":12,"playtime":361,"items_purged":["Doubt"],"score":238,"play_id":"983dc9aa-931e-4064-8351-f06fbefae0fc","local_time":"20201216004555","daily_mods":["SealedDeck","Heirloom","Flight","DeadlyEvents","Elite Swarm"],"is_ascension_mode":true,"campfire_choices":[{"data":"After Image","floor":7.0,"key":"SMITH"},{"floor":11.0,"key":"REST"}],"circlet_count":0,"master_deck":["AscendersBane","Prepared","Sucker Punch","Prepared","Blur","Backflip","Backflip","Deadly Poison","Deadly Poison","Poisoned Stab","Well Laid Plans","Reflex","After Image+1","Night Terror"],"relics":["Ring of the Snake","Turnip","MealTicket","Omamori","Unceasing Top","Orichalcum","Pen Nib","Kunai"],"acts_visited":["Exordium"],"potions_floor_usage":[12],"damage_taken":[{"damage":0.0,"enemies":"Cultist","floor":1.0,"turns":3.0},{"damage":4.0,"enemies":"Jaw Worm","floor":5.0,"turns":3.0},{"damage":49.0,"enemies":"Gremlin Nob","floor":6.0,"turns":4.0},{"damage":0.0,"enemies":"Lagavulin","floor":8.0,"turns":7.0},{"damage":12.0,"enemies":"3 Sentries","floor":10.0,"turns":3.0},{"damage":5,"enemies":"Gremlin Nob","floor":12,"turns":3}],"seed_played":"2220341585388672641","potions_obtained":[{"floor":1.0,"key":"PowerPotion"},{"floor":8.0,"key":"ColorlessPotion"},{"floor":10.0,"key":"Regen Potion"}],"is_trial":true,"path_per_floor":["M","?","T","$","M","E","R","E","T","E","R","E"],"character_chosen":"THE_SILENT","items_purchased":["Omamori","Reflex"],"campfire_rested":1,"item_purchase_floors":[4,4],"current_hp_per_floor":[59,59,59,66,62,13,13,13,13,1,20,24,24],"gold":166,"neow_bonus":"","is_daily":false,"chose_seed":false,"campfire_upgraded":1,"win_rate":0.0,"timestamp":1608097555,"path_taken":["M","?","?","$","M","E","R","E","T","E","R","E"],"items_purchased_type":["Relic","Card"],"build_version":"2020-12-13","purchased_purges":1,"victory":false,"max_hp_per_floor":[66,66,66,66,66,66,66,66,66,66,66,66,66],"relic_stats":{"counters":[6,23],"MealTicket":7,"Turnip":[0],"Pen Nib":[0],"Kunai":[0],"Orichalcum":[0],"obtain_stats":[{"MealTicket":3,"Turnip":0,"Pen Nib":9,"Omamori":4,"Kunai":10,"Orichalcum":8,"Unceasing Top":6,"Ring of the Snake":0},{"MealTicket":1,"Turnip":0,"Pen Nib":4,"Omamori":1,"Kunai":5,"Orichalcum":4,"Unceasing Top":3,"Ring of the Snake":0},{"MealTicket":3,"Turnip":0,"Pen Nib":17,"Omamori":3,"Kunai":20,"Orichalcum":17,"Unceasing Top":10,"Ring of the Snake":0}],"Unceasing Top":[0],"Ring of the Snake":[12]},"card_choices":[{"not_picked":["Quick Slash","Flying Knee","Underhanded Strike"],"picked":"SKIP","floor":1.0},{"not_picked":["Dagger Spray","Predator","Bane"],"picked":"SKIP","floor":5.0},{"not_picked":["Glass Knife","Doppelganger"],"picked":"After Image","floor":6.0},{"not_picked":["Doppelganger","Storm of Steel"],"picked":"Night Terror","floor":8.0},{"not_picked":["Grand Finale","Envenom","Die Die Die"],"picked":"SKIP","floor":10.0}],"player_experience":2797005,"relics_obtained":[{"floor":3.0,"key":"MealTicket"},{"floor":6.0,"key":"Unceasing Top"},{"floor":8.0,"key":"Orichalcum"},{"floor":9.0,"key":"Pen Nib"},{"floor":10.0,"key":"Kunai"}],"event_choices":[{"damage_healed":0.0,"max_hp_gain":0.0,"max_hp_loss":0.0,"gold_gain":150.0,"event_name":"Liars Game","player_choice":"AGREE","floor":2.0,"gold_loss":0.0,"damage_taken":0.0,"cards_obtained":["Doubt"]}],"is_beta":false,"boss_relics":[],"items_purged_floors":[4],"is_endless":false,"potions_floor_spawned":[1,8,10],"killed_by":"Gremlin Nob","ascension_level":20}}