{"host":"mvlqq966zh3ccmv5","time":1608091517,"event":{"mods":["AchievementEnabler","BaseMod","DeckTracker","Minty Spire (QoL Compilation)","SuperFastMode"],"gold_per_floor":[13,13,26,37,37,66,82,116,142,169,43,53,67,67,67,172,172,187,286,321,321,334,334,334,177,200,212,249,261,273,303,315,431,443,475,497,171,182,201,201,226,226,226,253,271,304,323,373,373,373],"floor_reached":51,"playtime":1345,"items_purged":["Strike_G","Defend_G"],"score":1148,"play_id":"98b6c73f-3f48-4d20-b973-af7b1239b139","local_time":"20201216130517","is_ascension_mode":true,"campfire_choices":[{"data":"Accuracy","floor":15.0,"key":"SMITH"},{"floor":23.0,"key":"REST"},{"data":"Wraith Form v2","floor":29.0,"key":"SMITH"},{"data":"Finisher","floor":32.0,"key":"SMITH"},{"data":"Glass Knife","floor":40.0,"key":"SMITH"},{"floor":49,"key":"REST"}],"circlet_count":0,"master_deck":["Strike_G","Strike_G","Defend_G","Defend_G","Defend_G","Survivor","Neutralize","Blade Dance+1","Flying Knee","Storm of Steel","Quick Slash","Calculated Gamble","Accuracy+1","Acrobatics","Endless Agony","Wraith Form v2+1","Finisher+1","Glass Knife+1","Blade Dance+1","Backflip+1","Tactician+1","Finisher+1","Outmaneuver+1","Backflip+1"],"relics":["Ring of the Snake","FossilizedHelix","Ornamental Fan","Art of War","Smiling Mask","Centennial Puzzle","Regal Pillow","Empty Cage","Red Mask","Bronze Scales","MawBank","Omamori","Singing Bowl","WristBlade","Gambling Chip","Toy Ornithopter","Girya","Juzu Bracelet","Ice Cream","Tingsha"],"acts_visited":["Exordium","TheCity","TheBeyond"],"potions_floor_usage":[50],"damage_taken":[{"damage":0.0,"enemies":"Small Slimes","floor":1.0,"turns":3.0},{"damage":0.0,"enemies":"Jaw Worm","floor":3.0,"turns":3.0},{"damage":0.0,"enemies":"2 Louse","floor":4.0,"turns":3.0},{"damage":0.0,"enemies":"3 Sentries","floor":6.0,"turns":6.0},{"damage":0.0,"enemies":"2 Fungi Beasts","floor":7.0,"turns":2.0},{"damage":15.0,"enemies":"Lagavulin","floor":8.0,"turns":6.0},{"damage":0.0,"enemies":"Looter","floor":12.0,"turns":2.0},{"damage":0.0,"enemies":"Large Slime","floor":13.0,"turns":3.0},{"damage":7.0,"enemies":"Hexaghost","floor":16.0,"turns":7.0},{"damage":6.0,"enemies":"Shell Parasite","floor":18.0,"turns":3.0},{"damage":19.0,"enemies":"Masked Bandits","floor":20.0,"turns":4.0},{"damage":2.0,"enemies":"Spheric Guardian","floor":22.0,"turns":4.0},{"damage":19.0,"enemies":"Gremlin Leader","floor":28.0,"turns":5.0},{"damage":0.0,"enemies":"Shelled Parasite and Fungi","floor":31.0,"turns":3.0},{"damage":32.0,"enemies":"Automaton","floor":33.0,"turns":10.0},{"damage":4.0,"enemies":"3 Darklings","floor":35.0,"turns":5.0},{"damage":0.0,"enemies":"Orb Walker","floor":36.0,"turns":2.0},{"damage":0.0,"enemies":"Spire Growth","floor":38.0,"turns":3.0},{"damage":0.0,"enemies":"3 Darklings","floor":39.0,"turns":2.0},{"damage":25.0,"enemies":"Reptomancer","floor":41.0,"turns":3.0},{"damage":15,"enemies":"Nemesis","floor":44,"turns":5},{"damage":0,"enemies":"Transient","floor":45,"turns":5},{"damage":18,"enemies":"Giant Head","floor":46,"turns":6},{"damage":0,"enemies":"4 Shapes","floor":47,"turns":4},{"damage":20,"enemies":"Mind Bloom Boss Battle","floor":48,"turns":4},{"damage":73,"enemies":"Donu and Deca","floor":50,"turns":7}],"seed_played":"-6505326893067202002","potions_obtained":[{"floor":1.0,"key":"AttackPotion"},{"floor":3.0,"key":"Ancient Potion"},{"floor":4.0,"key":"Weak Potion"},{"floor":20.0,"key":"PowerPotion"},{"floor":31.0,"key":"DistilledChaos"},{"floor":33.0,"key":"Poison Potion"},{"floor":35.0,"key":"SmokeBomb"},{"floor":36.0,"key":"FairyPotion"},{"floor":44,"key":"SpeedPotion"},{"floor":47,"key":"GhostInAJar"}],"is_trial":false,"path_per_floor":["M","?","M","M","?","E","M","E","T","T","$","M","M","$","R","B",null,"M","?","?","?","M","R","?","$","T","$","E","R","T","M","R","B",null,"M","M","$","M","M","R","E","?","T","E","M","E","M","?","R","B",null],"character_chosen":"THE_SILENT","items_purchased":["Accuracy","Bronze Scales","Gambling Chip"],"campfire_rested":2,"item_purchase_floors":[11,25,37],"current_hp_per_floor":[63,63,63,63,60,60,60,45,45,45,45,45,45,45,45,38,62,56,56,37,24,22,59,59,59,59,59,40,40,40,42,42,10,60,56,58,58,58,58,58,35,81,81,66,66,48,50,30,69,1],"gold":373,"neow_bonus":"ONE_RARE_RELIC","is_daily":false,"chose_seed":false,"campfire_upgraded":4,"win_rate":0.0,"timestamp":1608091517,"path_taken":["M","?","M","M","?","E","M","E","T","?","$","M","M","$","R","BOSS","M","?","?","?","M","R","?","?","T","$","E","R","?","M","R","BOSS","M","M","$","M","M","R","E","?","T","E","M","E","M","?","R","BOSS"],"items_purchased_type":["Card","Relic","Relic"],"build_version":"2020-12-13","purchased_purges":2,"victory":true,"max_hp_per_floor":[70,70,70,70,70,70,70,70,70,70,70,70,70,70,70,70,70,70,70,70,75,75,75,75,75,75,75,75,75,75,77,77,77,77,77,79,79,79,79,79,81,81,81,81,81,81,83,83,83,83],"card_choices":[{"not_picked":["Concentrate","Flechettes"],"picked":"Blade Dance","floor":1.0},{"not_picked":["Footwork","Terror"],"picked":"Flying Knee","floor":3.0},{"not_picked":["Dash","Terror","Underhanded Strike"],"picked":"SKIP","floor":4.0},{"not_picked":["Sucker Punch","Prepared"],"picked":"Storm of Steel","floor":6.0},{"not_picked":["Leg Sweep","Setup"],"picked":"Quick Slash","floor":7.0},{"not_picked":["Poisoned Stab","Distraction"],"picked":"Calculated Gamble","floor":8.0},{"not_picked":["Flying Knee","Eviscerate"],"picked":"Acrobatics","floor":12.0},{"not_picked":["Bane","Dodge and Roll"],"picked":"Endless Agony","floor":13.0},{"not_picked":["Corpse Explosion","Unload"],"picked":"Wraith Form v2","floor":16.0},{"not_picked":["Crippling Poison","Underhanded Strike"],"picked":"Finisher","floor":18.0},{"not_picked":["Backstab","Dagger Spray"],"picked":"Caltrops","floor":22.0},{"not_picked":["Prepared","Backstab","Bouncing Flask"],"picked":"SKIP","floor":28.0},{"not_picked":["Prepared","Riddle With Holes","Deflect+1"],"picked":"Singing Bowl","floor":31.0},{"not_picked":["Bullet Time","Night Terror"],"picked":"Glass Knife","floor":33.0},{"not_picked":["Dodge and Roll","Catalyst+1"],"picked":"Blade Dance+1","floor":35.0},{"not_picked":["Prepared+1","Dodge and Roll","Underhanded Strike"],"picked":"Singing Bowl","floor":36.0},{"not_picked":["Caltrops","Predator"],"picked":"Backflip+1","floor":38.0},{"not_picked":["Footwork+1","Quick Slash+1","Phantasmal Killer"],"picked":"SKIP","floor":39.0},{"not_picked":["PiercingWail","Quick Slash+1","Dodge and Roll"],"picked":"Singing Bowl","floor":41.0},{"not_picked":["Backstab","Expertise+1"],"picked":"Tactician+1","floor":44},{"not_picked":["Crippling Poison+1","Terror"],"picked":"Finisher+1","floor":45},{"not_picked":["Die Die Die","Backstab"],"picked":"Outmaneuver+1","floor":46},{"not_picked":["Quick Slash+1","Noxious Fumes+1","Well Laid Plans"],"picked":"Singing Bowl","floor":47},{"not_picked":["Deadly Poison","Quick Slash"],"picked":"Backflip+1","floor":48}],"player_experience":206879,"relics_obtained":[{"floor":6.0,"key":"Art of War"},{"floor":8.0,"key":"Smiling Mask"},{"floor":9.0,"key":"Centennial Puzzle"},{"floor":10.0,"key":"Regal Pillow"},{"floor":20.0,"key":"Red Mask"},{"floor":26.0,"key":"MawBank"},{"floor":28.0,"key":"Omamori"},{"floor":30.0,"key":"Singing Bowl"},{"floor":41.0,"key":"Toy Ornithopter"},{"floor":43.0,"key":"Girya"},{"floor":44,"key":"Juzu Bracelet"},{"floor":46,"key":"Ice Cream"},{"floor":48,"key":"Tingsha"}],"event_choices":[{"damage_healed":0.0,"max_hp_gain":0.0,"max_hp_loss":0.0,"gold_gain":0.0,"event_name":"Living Wall","player_choice":"Grow","floor":2.0,"gold_loss":0.0,"damage_taken":0.0,"cards_upgraded":["Blade Dance"]},{"damage_healed":0.0,"max_hp_gain":0.0,"max_hp_loss":0.0,"gold_gain":0.0,"event_name":"Scrap Ooze","player_choice":"Success","floor":5.0,"gold_loss":0.0,"damage_taken":3.0,"relics_obtained":["Ornamental Fan"]},{"damage_healed":0.0,"max_hp_gain":0.0,"max_hp_loss":0.0,"gold_gain":99.0,"event_name":"Nest","player_choice":"Stole From Cult","floor":19.0,"gold_loss":0.0,"damage_taken":0.0},{"damage_healed":0.0,"max_hp_gain":0.0,"max_hp_loss":0.0,"gold_gain":0.0,"event_name":"Masked Bandits","player_choice":"Fought Bandits","floor":20.0,"gold_loss":0.0,"damage_taken":0.0},{"damage_healed":0.0,"max_hp_gain":5.0,"max_hp_loss":0.0,"gold_gain":0.0,"event_name":"Forgotten Altar","player_choice":"Shed Blood","floor":21.0,"gold_loss":0.0,"damage_taken":18.0},{"cards_removed":["Strike_G"],"damage_healed":0.0,"max_hp_gain":0.0,"max_hp_loss":0.0,"gold_gain":0.0,"event_name":"Back to Basics","player_choice":"Elegance","floor":24.0,"gold_loss":0.0,"damage_taken":0.0},{"cards_removed":["Caltrops"],"damage_healed":46.0,"max_hp_gain":0.0,"max_hp_loss":0.0,"gold_gain":0.0,"event_name":"Bonfire Elementals","player_choice":"Offered Uncommon","floor":42.0,"gold_loss":0.0,"damage_taken":0.0},{"damage_healed":0,"gold_gain":0,"player_choice":"Fight","damage_taken":0,"max_hp_gain":0,"max_hp_loss":0,"event_name":"MindBloom","floor":48,"gold_loss":0}],"is_beta":false,"boss_relics":[{"not_picked":["Busted Crown","Velvet Choker"],"picked":"Empty Cage"},{"not_picked":["Snecko Eye","Ring of the Serpent"],"picked":"WristBlade"}],"items_purged_floors":[11,37],"is_endless":false,"potions_floor_spawned":[1,3,4,20,31,33,35,36,44,47],"ascension_level":9}}