{"host":"wha9hktbkslqvblg","time":1608082532,"event":{"mods":["BaseMod","Colored Map","Minty Spire (QoL Compilation)","Relic Stats","SuperFastMode","everything is the same but u backflip on backflip"],"gold_per_floor":[109,109,109,34,34,62,62,79,105,135,135,164,181,4,4,76,76,89,107,107,125,125,125,305,320,372,398,418,418,418],"floor_reached":29,"playtime":604,"items_purged":["Strike_R","Strike_R"],"score":622,"play_id":"6aef68af-443b-41a8-933e-0395ef31e141","local_time":"20201216103532","is_ascension_mode":true,"campfire_choices":[{"data":"Hemokinesis","floor":11.0,"key":"SMITH"},{"data":"Double Tap","floor":15.0,"key":"SMITH"},{"data":"Evolve","floor":23,"key":"SMITH"}],"circlet_count":0,"master_deck":["AscendersBane","Defend_R","Defend_R","Defend_R","Hemokinesis+1","Sword Boomerang+1","Pommel Strike","Double Tap+1","Impervious","Intimidate+1","Disarm+1","Body Slam+1","Evolve+1","Pummel","Wild Strike+1"],"relics":["Burning Blood","NeowsBlessing","Bag of Marbles","Vajra","Omamori","Lizard Tail","Lantern","Astrolabe","Tiny Chest","Molten Egg 2"],"acts_visited":["Exordium","TheCity"],"potions_floor_usage":[27,28,28],"damage_taken":[{"damage":0.0,"enemies":"Cultist","floor":1.0,"turns":1.0},{"damage":2.0,"enemies":"3 Sentries","floor":6.0,"turns":2.0},{"damage":0.0,"enemies":"Jaw Worm","floor":8.0,"turns":1.0},{"damage":0.0,"enemies":"Gremlin Nob","floor":10.0,"turns":2.0},{"damage":19.0,"enemies":"3 Sentries","floor":12.0,"turns":5.0},{"damage":2.0,"enemies":"2 Louse","floor":13.0,"turns":1.0},{"damage":69.0,"enemies":"The Guardian","floor":16.0,"turns":9.0},{"damage":4,"enemies":"3 Byrds","floor":18,"turns":4},{"damage":5,"enemies":"Spheric Guardian","floor":19,"turns":4},{"damage":16,"enemies":"Snake Plant","floor":21,"turns":6},{"damage":13,"enemies":"Centurion and Healer","floor":25,"turns":6},{"damage":23,"enemies":"Book of Stabbing","floor":27,"turns":3},{"damage":14,"enemies":"3 Cultists","floor":28,"turns":4},{"damage":11,"enemies":"Gremlin Leader","floor":29,"turns":6}],"seed_played":"5475305644048953645","potions_obtained":[{"floor":1.0,"key":"PowerPotion"},{"floor":6.0,"key":"AttackPotion"},{"floor":19,"key":"BloodPotion"},{"floor":25,"key":"SkillPotion"},{"floor":27,"key":"BlessingOfTheForge"}],"is_trial":false,"path_per_floor":["M","?","?","$","T","E","?","M","T","E","R","E","M","$","R","B",null,"M","M","?","M","?","R","?","M","T","E","M","E"],"character_chosen":"IRONCLAD","items_purchased":["Double Tap"],"campfire_rested":0,"item_purchase_floors":[14],"current_hp_per_floor":[74,74,63,63,63,67,44,50,50,56,56,43,47,47,47,24,62,64,65,65,55,55,55,36,29,29,12,19,8,8],"gold":418,"neow_bonus":"THREE_ENEMY_KILL","is_daily":false,"chose_seed":false,"campfire_upgraded":3,"win_rate":0.0,"timestamp":1608082532,"path_taken":["M","?","?","$","?","E","?","M","T","E","R","E","M","$","R","BOSS","M","M","?","?","?","R","?","M","T","E","?","E"],"items_purchased_type":["Card"],"build_version":"2020-12-13","purchased_purges":2,"victory":false,"max_hp_per_floor":[75,75,75,75,75,75,75,75,75,75,75,75,75,75,75,75,75,75,75,75,75,75,75,75,75,75,75,75,75,75],"relic_stats":{"Lizard Tail":37,"counters":[14,54],"Astrolabe":["Intimidate","Disarm","Body Slam"],"Tiny Chest":0,"obtain_stats":[{"Lizard Tail":10,"Lantern":12,"NeowsBlessing":0,"Astrolabe":17,"Vajra":6,"Tiny Chest":26,"Molten Egg 2":27,"Bag of Marbles":3,"Omamori":9,"Burning Blood":0},{"Lizard Tail":4,"Lantern":5,"NeowsBlessing":0,"Astrolabe":7,"Vajra":2,"Tiny Chest":11,"Molten Egg 2":12,"Bag of Marbles":1,"Omamori":3,"Burning Blood":0},{"Lizard Tail":6,"Lantern":11,"NeowsBlessing":0,"Astrolabe":21,"Vajra":3,"Tiny Chest":41,"Molten Egg 2":44,"Bag of Marbles":1,"Omamori":4,"Burning Blood":0}],"Burning Blood":78},"card_choices":[{"not_picked":["Warcry","Anger"],"picked":"Hemokinesis","floor":1.0},{"not_picked":["Headbutt","Power Through"],"picked":"Sword Boomerang","floor":6.0},{"not_picked":["Headbutt","Flex"],"picked":"Pommel Strike","floor":8.0},{"not_picked":["Sever Soul","Thunderclap","Cleave"],"picked":"SKIP","floor":10.0},{"not_picked":["Reckless Charge","Metallicize","Brutality"],"picked":"SKIP","floor":12.0},{"not_picked":["Wild Strike","Anger","Perfected Strike"],"picked":"SKIP","floor":13.0},{"not_picked":["Berserk","Fiend Fire"],"picked":"Impervious","floor":16.0},{"not_picked":["Infernal Blade","Anger","Armaments"],"picked":"SKIP","floor":18},{"not_picked":["Hemokinesis","Rupture","True Grit"],"picked":"SKIP","floor":19},{"not_picked":["Dark Embrace","Anger","Headbutt"],"picked":"SKIP","floor":21},{"not_picked":["Sever Soul","Spot Weakness","Feel No Pain"],"picked":"SKIP","floor":25},{"not_picked":["Clothesline+1","Burning Pact"],"picked":"Wild Strike+1","floor":27},{"not_picked":["Havoc","Body Slam+1","Anger+1"],"picked":"SKIP","floor":28}],"player_experience":849440,"relics_obtained":[{"floor":6.0,"key":"Vajra"},{"floor":9.0,"key":"Omamori"},{"floor":10.0,"key":"Lizard Tail"},{"floor":12.0,"key":"Lantern"},{"floor":26,"key":"Tiny Chest"},{"floor":27,"key":"Molten Egg 2"}],"event_choices":[{"damage_healed":0.0,"max_hp_gain":0.0,"max_hp_loss":0.0,"gold_gain":0.0,"event_name":"Liars Game","player_choice":"Ignored","floor":2.0,"gold_loss":0.0,"damage_taken":0.0},{"damage_healed":0.0,"max_hp_gain":0.0,"max_hp_loss":0.0,"gold_gain":0.0,"event_name":"Scrap Ooze","player_choice":"Success","floor":3.0,"gold_loss":0.0,"damage_taken":11.0,"relics_obtained":["Bag of Marbles"]},{"damage_healed":0.0,"max_hp_gain":0.0,"max_hp_loss":0.0,"gold_gain":0.0,"event_name":"Shining Light","player_choice":"Entered Light","floor":7.0,"gold_loss":0.0,"damage_taken":23.0,"cards_upgraded":["Sword Boomerang","Strike_R"]},{"damage_healed":0,"gold_gain":0,"player_choice":"Cursed","damage_taken":0,"max_hp_gain":0,"max_hp_loss":0,"event_name":"Wheel of Change","floor":20,"gold_loss":0,"cards_obtained":["Decay"]},{"damage_healed":0,"gold_gain":0,"cards_transformed":["Strike_R","Defend_R"],"player_choice":"Became Test Subject","damage_taken":0,"max_hp_gain":0,"max_hp_loss":0,"event_name":"Drug Dealer","floor":22,"gold_loss":0,"cards_obtained":["Evolve","Pummel"]},{"damage_healed":0,"gold_gain":180,"player_choice":"GOLD GOLD ","damage_taken":19,"max_hp_gain":0,"max_hp_loss":0,"event_name":"Knowing Skull","floor":24,"potions_obtained":[],"gold_loss":0,"cards_obtained":[]}],"is_beta":false,"boss_relics":[{"not_picked":["Runic Cube","Pandora\u0027s Box"],"picked":"Astrolabe"}],"items_purged_floors":[4,14],"is_endless":false,"potions_floor_spawned":[1,6,19,25,27],"killed_by":"Gremlin Leader","ascension_level":20}}