{"host":"gbop6m4qugddaz18","time":1608130305,"event":{"mods":["2.2 Compatiblity","BaseMod","Better Third Choice","Block Reminder","Downfall","GifTheSpireLib","Highlight Path","Minty Spire (QoL Compilation)","Replay The Spire","StSLib"],"gold_per_floor":[219,234,244,204,219,219,254,18,44,44,63,96,110,126,126,222,222,241,241,259,199,199,225,225,68,68,68,87,87,102,102,102],"floor_reached":31,"playtime":1527,"items_purged":[],"score":294,"play_id":"258b2019-e6bb-450e-a897-f1a28ef7758f","local_time":"20201216095145","is_ascension_mode":true,"campfire_choices":[{"data":"Zap","floor":6,"key":"SMITH"},{"floor":10,"key":"REST"},{"floor":15,"key":"REST"},{"floor":24,"key":"REST"},{"floor":27,"key":"REST"}],"circlet_count":0,"master_deck":["Strike_B","Strike_B","Strike_B","Strike_B","Defend_B","Defend_B","Defend_B","Defend_B","Zap+1","Dualcast","Cold Snap","Genetic Algorithm","Ball Lightning","Stack","Echo Form","expansioncontent:AwakenDeath","Leap","Darkness","Sweeping Beam","Beam Cell","Echo Form","Capacitor","Sweeping Beam","Conserve Battery+1","Gash","Gash","Swift Strike","Ball Lightning","Consume","Doom and Gloom+1"],"relics":["Cracked Core","Blue Doll","Raider\u0027s Mask","Guardian:PocketSentry","Du-Vu Doll","Runic Pyramid","ReplayTheSpireMod:Ring of Challenge","Ring of Misfortune","Sundial","MealTicket"],"acts_visited":["Exordium","TheCity"],"potions_floor_usage":[7,16,23,23,31],"damage_taken":[{"damage":0,"enemies":"Cultist","floor":1,"turns":3},{"damage":2,"enemies":"2 Louse","floor":2,"turns":3},{"damage":10,"enemies":"Small Slimes","floor":3,"turns":3},{"damage":14,"enemies":"Looter","floor":5,"turns":3},{"damage":16,"enemies":"3 Sentries","floor":7,"turns":5},{"damage":13,"enemies":"Large Slime","floor":11,"turns":5},{"damage":17,"enemies":"Lagavulin","floor":12,"turns":5},{"damage":3,"enemies":"2 Fungi Beasts","floor":13,"turns":3},{"damage":0,"enemies":"3 Louse","floor":14,"turns":2},{"damage":31,"enemies":"Fading Forest","floor":16,"turns":11},{"damage":22,"enemies":"2 Thieves","floor":18,"turns":5},{"damage":12,"enemies":"3 Byrds","floor":20,"turns":5},{"damage":69,"enemies":"Gremlin Leader","floor":23,"turns":9},{"damage":25,"enemies":"Snake Plant","floor":28,"turns":4},{"damage":28,"enemies":"Shelled Parasite and Fungi","floor":30,"turns":6},{"damage":12,"enemies":"Centurion and Healer","floor":31,"turns":3}],"seed_played":"-2760410011539305924","potions_obtained":[{"floor":4,"key":"Milkshake"},{"floor":4,"key":"Explosive Potion"},{"floor":4,"key":"Elixir"},{"floor":5,"key":"Swift Potion"},{"floor":12,"key":"SteroidPotion"},{"floor":13,"key":"Swift Potion"},{"floor":14,"key":"Venom Potion"},{"floor":20,"key":"sneckomod:MuddlingPotion"},{"floor":30,"key":"Explosive Potion"}],"is_trial":false,"path_per_floor":["M","M","M","?","M","R","E","$","T","R","M","E","M","M","R","B",null,"M","?","M","?","?","E","R","$","T","R","M","?","M","M"],"character_chosen":"DEFECT","items_purchased":["Raider\u0027s Mask","expansioncontent:AwakenDeath","Gash","Swift Strike","Ball Lightning"],"campfire_rested":4,"item_purchase_floors":[8,8,25,25,25],"current_hp_per_floor":[75,73,63,63,49,49,33,33,33,55,42,25,22,22,44,23,75,53,53,41,41,41,20,42,42,42,64,39,39,11,0,0],"gold":102,"neow_bonus":"HUNDRED_GOLD","is_daily":false,"chose_seed":false,"campfire_upgraded":1,"win_rate":0.0,"timestamp":1608130305,"path_taken":["M","M","M","?","M","R","E","?","T","R","M","E","M","M","R","BOSS","M","?","M","?","?","E","R","$","T","R","M","?","M","M"],"items_purchased_type":["Relic","Card","Card","Card","Card"],"build_version":"2020-12-13","purchased_purges":0,"victory":false,"max_hp_per_floor":[75,75,75,75,75,75,75,75,75,75,75,75,75,75,75,75,75,75,75,75,75,75,75,75,75,75,75,75,75,75,75,75],"card_choices":[{"not_picked":["BasicCrystalCard","Beam Cell"],"picked":"Cold Snap","floor":1},{"not_picked":["Redo","Coolheaded"],"picked":"Genetic Algorithm","floor":2},{"not_picked":["Steam","Panic Button"],"picked":"Ball Lightning","floor":3},{"not_picked":["Hologram","Go for the Eyes"],"picked":"Stack","floor":5},{"not_picked":["Beam Cell","FTL"],"picked":"Echo Form","floor":7},{"not_picked":["Ball Lightning","Steam"],"picked":"Leap","floor":11},{"not_picked":["Ball Lightning","Conserve Battery"],"picked":"Darkness","floor":12},{"not_picked":["Beam Cell","Hologram"],"picked":"Sweeping Beam","floor":13},{"not_picked":["Amplify","Redo"],"picked":"Beam Cell","floor":14},{"not_picked":["Seek","Hyperbeam"],"picked":"Echo Form","floor":16},{"not_picked":["Go for the Eyes","Rebound"],"picked":"Capacitor","floor":18},{"not_picked":["BasicCrystalCard+1","Redo"],"picked":"Sweeping Beam","floor":20},{"not_picked":["Meteor Strike","ReplayGash"],"picked":"Conserve Battery+1","floor":23},{"not_picked":["Steam Power","Blizzard+1"],"picked":"Consume","floor":28},{"not_picked":["Aggregate+1","Go for the Eyes"],"picked":"Doom and Gloom+1","floor":30}],"player_experience":436143,"relics_obtained":[{"floor":7,"key":"Blue Doll"},{"floor":9,"key":"Guardian:PocketSentry"},{"floor":12,"key":"Du-Vu Doll"},{"floor":19,"key":"ReplayTheSpireMod:Ring of Challenge"},{"floor":19,"key":"Ring of Misfortune"},{"floor":23,"key":"Sundial"},{"floor":26,"key":"MealTicket"}],"event_choices":[{"damage_healed":0,"gold_gain":0,"player_choice":"Bought 3 Potions","damage_taken":0,"max_hp_gain":0,"max_hp_loss":0,"event_name":"The Woman in Blue","floor":4,"gold_loss":0},{"damage_healed":0,"gold_gain":0,"player_choice":"Ignored","damage_taken":0,"max_hp_gain":0,"max_hp_loss":0,"event_name":"Ghosts","floor":22,"gold_loss":0},{"damage_healed":0,"gold_gain":0,"player_choice":"Adaptability","damage_taken":0,"max_hp_gain":0,"max_hp_loss":0,"event_name":"betterThird:BetterWriting","floor":29,"gold_loss":0}],"is_beta":false,"boss_relics":[{"not_picked":["Replay:Wanted Poster","Runic Dome"],"picked":"Runic Pyramid"}],"items_purged_floors":[],"is_endless":false,"potions_floor_spawned":[5,12,13,14,20,30],"killed_by":"Centurion and Healer","ascension_level":2}}