{"host":"i0avyit1s6jb1siw","time":1608126561,"event":{"mods":["BaseMod","DeckTracker","Dota2Spire","Highlight Path","Minty Spire (QoL Compilation)","Quick Restart","Replay The Spire","StSLib","SuperFastMode"],"gold_per_floor":[111,111,127,15,15,15,48,10,35,46,65,83,26,53,53,127,127,101,16,66,66,66,66,46,56,56,89,169,180,180,207,207,207,207],"floor_reached":33,"playtime":962,"items_purged":["Strike_G"],"score":582,"play_id":"70ed6f44-b8ec-42ff-b809-744323338ed8","local_time":"20201216144921","is_ascension_mode":true,"campfire_choices":[{"data":"Crippling Poison","floor":6.0,"key":"SMITH"},{"data":"Tactician","floor":23.0,"key":"SMITH"},{"floor":30,"key":"REST"},{"data":"Terror","floor":32,"key":"SMITH"}],"circlet_count":0,"master_deck":["AscendersBane","Strike_G","Strike_G","Strike_G","Defend_G","Defend_G","Defend_G","Defend_G","Defend_G","Survivor","Neutralize","Malaise","Crippling Poison+1","Endless Agony+1","Flying Knee","Storm of Steel+1","Dagger Spray","Terror+1","Tactician+1","ReplayTheSpireMod:Speed Training","Phantasmal Killer","CurseOfTheBell","Backflip","Blur","Acrobatics","Hidden Blade"],"relics":["Ring of the Snake","Mummified Hand","Dota2Spire:PhaseBoots","Dream Catcher","Calling Bell","Dota2Spire:MagicBottle","Shuriken","Ginger","Replay:Bottled Snecko","Dota2Spire:Butterfly","Blue Candle","Quantum Egg","Gremlin Food"],"acts_visited":["Exordium","TheCity"],"potions_floor_usage":[31],"damage_taken":[{"damage":6.0,"enemies":"Cultist","floor":1.0,"turns":5.0},{"damage":3.0,"enemies":"Jaw Worm","floor":3.0,"turns":8.0},{"damage":44.0,"enemies":"3 Sentries","floor":7.0,"turns":14.0},{"damage":0.0,"enemies":"Small Slimes","floor":10.0,"turns":2.0},{"damage":0.0,"enemies":"Looter","floor":11.0,"turns":4.0},{"damage":1.0,"enemies":"Exordium Wildlife","floor":12.0,"turns":5.0},{"damage":7.0,"enemies":"Gremlin Nob","floor":14.0,"turns":3.0},{"damage":22.0,"enemies":"The Guardian","floor":16.0,"turns":16.0},{"damage":31.0,"enemies":"2 Thieves","floor":18.0,"turns":4.0},{"damage":20.0,"enemies":"Chosen","floor":25.0,"turns":6.0},{"damage":8.0,"enemies":"Replay:Snechameleon","floor":27.0,"turns":6.0},{"damage":2,"enemies":"3 Cultists","floor":29,"turns":6},{"damage":13,"enemies":"Gremlin Leader","floor":31,"turns":7},{"damage":19,"enemies":"Pondfish","floor":33,"turns":4}],"seed_played":"-6249313530948619315","potions_obtained":[{"floor":3.0,"key":"Regen Potion"},{"floor":10.0,"key":"Weak Potion"},{"floor":14.0,"key":"Regen Potion"},{"floor":24.0,"key":"Reflective Coating"},{"floor":25.0,"key":"GhostInAJar"},{"floor":29,"key":"SpeedPotion"}],"is_trial":false,"path_per_floor":["M","?","M","$","?","R","E","?","T","M","M","M","$","E","R","B",null,"M","?","?","$","$","R","?","M","T","E","T","M","R","E","R","B"],"character_chosen":"THE_SILENT","items_purchased":["Flying Knee","Fire Potion"],"campfire_rested":1,"item_purchase_floors":[4,13],"current_hp_per_floor":[53,53,50,50,50,50,6,6,6,6,6,19,19,12,31,24,56,25,25,25,25,25,25,25,5,5,6,6,4,23,10,10,0,0],"gold":207,"neow_bonus":"ONE_RANDOM_RARE_CARD","is_daily":false,"chose_seed":false,"campfire_upgraded":3,"win_rate":0.0,"timestamp":1608126561,"path_taken":["M","?","M","?","?","R","E","?","T","M","M","M","$","E","R","BOSS","M","?","?","?","$","R","?","?","T","E","?","?","R","E","R","BOSS"],"items_purchased_type":["Card","Potion"],"build_version":"2020-12-13","purchased_purges":1,"victory":false,"max_hp_per_floor":[66,66,66,66,66,66,66,66,66,66,66,66,66,66,66,66,66,66,66,66,66,66,66,66,66,66,66,66,66,66,66,66,66,66],"card_choices":[{"not_picked":["PiercingWail","Cloak And Dagger"],"picked":"Crippling Poison","floor":1.0},{"not_picked":["ReplayTheSpireMod:Scrap Shanks","Slice"],"picked":"Endless Agony","floor":3.0},{"not_picked":["Quick Slash","Dagger Throw"],"picked":"Dagger Spray","floor":7.0},{"not_picked":["Poisoned Stab","Deadly Poison","Glass Knife"],"picked":"SKIP","floor":10.0},{"not_picked":["Bane","Hidden Blade"],"picked":"Terror","floor":11.0},{"not_picked":["Underhanded Strike","Escape Plan"],"picked":"Tactician","floor":12.0},{"not_picked":["Deflect","Endless Agony","Hidden Blade"],"picked":"SKIP","floor":14.0},{"not_picked":["Sucker Punch","Fluid Movement"],"picked":"ReplayTheSpireMod:Speed Training","floor":15.0},{"not_picked":["Unload","Grand Finale"],"picked":"Phantasmal Killer","floor":16.0},{"not_picked":["Underhanded Strike","Riddle With Holes"],"picked":"Backflip","floor":18.0},{"not_picked":["Quick Slash","Hidden Blade"],"picked":"Blur","floor":25.0},{"not_picked":["Dagger Throw","Outmaneuver"],"picked":"Acrobatics","floor":27.0},{"not_picked":["Dodge and Roll","Finisher"],"picked":"Hidden Blade","floor":29},{"not_picked":["PiercingWail","Acrobatics+1","Terror"],"picked":"SKIP","floor":31}],"player_experience":2078566,"relics_obtained":[{"floor":7.0,"key":"Mummified Hand"},{"floor":9.0,"key":"Dota2Spire:PhaseBoots"},{"floor":14.0,"key":"Dream Catcher"},{"floor":17.0,"key":"Dota2Spire:MagicBottle"},{"floor":17.0,"key":"Shuriken"},{"floor":17.0,"key":"Ginger"},{"floor":26.0,"key":"Dota2Spire:Butterfly"},{"floor":27.0,"key":"Blue Candle"},{"floor":28.0,"key":"Quantum Egg"},{"floor":31,"key":"Gremlin Food"}],"event_choices":[{"cards_removed":["Strike_G"],"damage_healed":0.0,"max_hp_gain":0.0,"max_hp_loss":0.0,"gold_gain":0.0,"event_name":"Bonfire Elementals","player_choice":"Offered Basic","floor":2.0,"gold_loss":0.0,"damage_taken":0.0},{"damage_healed":0.0,"max_hp_gain":0.0,"max_hp_loss":0.0,"gold_gain":0.0,"event_name":"World of Goop","player_choice":"Left Gold","floor":8.0,"gold_loss":38.0,"damage_taken":0.0},{"damage_healed":0.0,"max_hp_gain":0.0,"max_hp_loss":0.0,"gold_gain":0.0,"event_name":"Addict","player_choice":"Obtained Relic","floor":19.0,"gold_loss":85.0,"damage_taken":0.0,"relics_obtained":["Replay:Bottled Snecko"]},{"damage_healed":0.0,"max_hp_gain":0.0,"max_hp_loss":0.0,"gold_gain":50.0,"event_name":"Nest","player_choice":"Stole From Cult","floor":20.0,"gold_loss":0.0,"damage_taken":0.0},{"damage_healed":0.0,"max_hp_gain":0.0,"max_hp_loss":0.0,"gold_gain":0.0,"event_name":"The Woman in Blue","player_choice":"Bought 1 Potion","floor":24.0,"gold_loss":0.0,"damage_taken":0.0}],"is_beta":false,"boss_relics":[{"not_picked":["Replay:Ancient Bell","Painkiller Herb"],"picked":"Calling Bell"}],"items_purged_floors":[4],"is_endless":false,"potions_floor_spawned":[3,10,14,25,29],"killed_by":"Pondfish","ascension_level":20}}