{"host":"0z6l31g9ps0v9zzp","time":1608086725,"event":{"mods":["Act Like it!","BaseMod","CapriCore","Minty Spire (QoL Compilation)","MostiFishMod","StSLib","Waifu the Spire"],"gold_per_floor":[115,40,40,106,124,157,207,238,290,318,140,158,158,238,238,316,316,334,384,399,419,469,469,469,469],"floor_reached":24,"playtime":658,"items_purged":["Strike_B","Strike_B"],"score":385,"play_id":"c8997326-5a2f-47f5-b4f1-74a29188f350","local_time":"20201216104525","is_ascension_mode":true,"campfire_choices":[{"data":"Defragment","floor":13.0,"key":"SMITH"},{"floor":15,"key":"REST"},{"data":"MostiFishMod:STOP","floor":23,"key":"SMITH"}],"circlet_count":0,"master_deck":["AscendersBane","Strike_B","Strike_B","Defend_B","Defend_B","Defend_B","Defend_B","Zap+1","Dualcast","FTL","Coolheaded+1","Defragment+1","Defragment","MostiFishMod:STOP+1","Ghostly","Ghostly","Ghostly","Core Surge"],"relics":["Cracked Core","DaveBox","ImprovedEquipment","NeowsBlessing","Question Card","SsserpentHead","Question Card","Pen Nib","War Paint","DaCapo","ImportantClient","JellyFishMachine"],"acts_visited":["Exordium","TheCity"],"potions_floor_usage":[24],"damage_taken":[{"damage":0.0,"enemies":"2 Louse","floor":1.0,"turns":1.0},{"damage":0.0,"enemies":"Cultist","floor":4.0,"turns":1.0},{"damage":0.0,"enemies":"Small Slimes","floor":5.0,"turns":1.0},{"damage":15.0,"enemies":"3 Sentries","floor":6.0,"turns":6.0},{"damage":21.0,"enemies":"Gremlin Nob","floor":8.0,"turns":5.0},{"damage":11.0,"enemies":"3 Sentries","floor":10.0,"turns":10.0},{"damage":1.0,"enemies":"Looter","floor":12.0,"turns":3.0},{"damage":28,"enemies":"Hexaghost","floor":16,"turns":11},{"damage":4,"enemies":"Shell Parasite","floor":18,"turns":7},{"damage":0,"enemies":"Chosen","floor":20,"turns":5},{"damage":24,"enemies":"Snake Plant","floor":21,"turns":5},{"damage":14,"enemies":"Book of Stabbing","floor":24,"turns":6}],"seed_played":"-6817142264038595383","potions_obtained":[{"floor":1.0,"key":"SpeedPotion"},{"floor":5.0,"key":"AttackPotion"},{"floor":12.0,"key":"FearPotion"},{"floor":16,"key":"DuplicationPotion"}],"is_trial":false,"path_per_floor":["M","$","?","M","M","E","?","E","T","E","$","M","R","?","R","B",null,"M","?","M","M","?","R","E"],"character_chosen":"DEFECT","items_purchased":["Defragment"],"campfire_rested":1,"item_purchase_floors":[11],"current_hp_per_floor":[64,64,64,64,64,49,49,28,28,17,17,16,16,16,37,9,56,52,35,35,11,11,11,0,0],"gold":469,"neow_bonus":"THREE_ENEMY_KILL","is_daily":false,"chose_seed":false,"campfire_upgraded":2,"win_rate":0.0,"timestamp":1608086725,"path_taken":["M","$","?","?","M","E","?","E","T","E","$","M","R","?","R","BOSS","M","?","M","M","?","R","E"],"items_purchased_type":["Card"],"build_version":"2020-12-13","purchased_purges":2,"victory":false,"max_hp_per_floor":[71,71,71,71,71,71,71,71,71,71,71,71,71,71,71,71,71,71,35,35,35,35,35,35,35],"card_choices":[{"not_picked":["Lockon","Steam Power"],"picked":"FTL","floor":1.0},{"not_picked":["Force Field","Go for the Eyes","Turbo"],"picked":"Coolheaded","floor":4.0},{"not_picked":["Compile Driver","Cold Snap","Rip and Tear","Steam"],"picked":"SKIP","floor":5.0},{"not_picked":["Amplify","Heatsinks","Tempest"],"picked":"Defragment","floor":6.0},{"not_picked":["Double Energy","Sweeping Beam","Conserve Battery","Streamline","Hello World"],"picked":"SKIP","floor":8.0},{"not_picked":["Rebound","MostiFishMod:FluxCapactior","Ball Lightning","MostiFishMod:Tomorrow","Compile Driver"],"picked":"SKIP","floor":10.0},{"not_picked":["Storm","Streamline","Doom and Gloom","Stack","Consume"],"picked":"SKIP","floor":12.0},{"not_picked":["MostiFishMod:Overload","Electrodynamics","MostiFishMod:FluxCapactior","Reboot"],"picked":"MostiFishMod:STOP","floor":16},{"not_picked":["Compile Driver","Gash","Cold Snap","Self Repair","Tempest"],"picked":"SKIP","floor":18},{"not_picked":["Gash+1","Hologram","Consume","Leap"],"picked":"Core Surge","floor":20},{"not_picked":["Cold Snap","Defragment","Turbo","Steam","Streamline"],"picked":"SKIP","floor":21}],"player_experience":264258,"relics_obtained":[{"floor":1.0,"key":"Question Card"},{"floor":6.0,"key":"Question Card"},{"floor":8.0,"key":"Pen Nib"},{"floor":9.0,"key":"War Paint"},{"floor":10.0,"key":"DaCapo"},{"floor":16,"key":"ImportantClient"}],"event_choices":[{"damage_healed":0.0,"max_hp_gain":0.0,"max_hp_loss":0.0,"gold_gain":0.0,"event_name":"FaceTrader","player_choice":"Trade","floor":3.0,"gold_loss":0.0,"damage_taken":0.0,"relics_obtained":["SsserpentHead"]},{"damage_healed":0.0,"max_hp_gain":0.0,"max_hp_loss":0.0,"gold_gain":0.0,"event_name":"Liars Game","player_choice":"Ignored","floor":7.0,"gold_loss":0.0,"damage_taken":0.0},{"damage_healed":0,"gold_gain":30,"player_choice":"Searched \u00272\u0027 times","damage_taken":0,"max_hp_gain":0,"max_hp_loss":0,"event_name":"Dead Adventurer","floor":14,"gold_loss":0},{"damage_healed":0,"gold_gain":0,"player_choice":"Became a Ghost","damage_taken":0,"max_hp_gain":0,"max_hp_loss":36,"event_name":"Ghosts","floor":19,"gold_loss":0,"cards_obtained":["Ghostly","Ghostly","Ghostly"]},{"damage_healed":0,"gold_gain":0,"player_choice":"Ignored","damage_taken":0,"max_hp_gain":0,"max_hp_loss":0,"event_name":"Vampires","floor":22,"gold_loss":0}],"is_beta":false,"boss_relics":[{"not_picked":["GreenFoldingFan","Tiny House"],"picked":"JellyFishMachine"}],"items_purged_floors":[2,11],"is_endless":false,"potions_floor_spawned":[1,5,12,16,18,20],"killed_by":"Book of Stabbing","ascension_level":16}}