{"host":"67d7yvf7wgk1klfn","time":1608093484,"event":{"mods":["BaseMod","Filter the Spire","Minty Spire (QoL Compilation)","Relic Stats","Slay the Relics Exporter","StSLib"],"gold_per_floor":[116,135,152,165,165,165,185,215,289,308,327,327,355,355,355,434,434,450,73,73,91,104,136,136,171,198,224,224,237,250,269,269,349,349,362,423,423,110,125,125,160,186,186,201,211,249,31,44,44,44,44,44,44,84,84],"floor_reached":56,"playtime":3161,"items_purged":["Pain","Neutralize"],"score":2214,"play_id":"7f17d94d-ec1f-4b7a-87c6-ae76fbe683d7","local_time":"20201215233804","is_ascension_mode":true,"campfire_choices":[{"data":"Crippling Poison","floor":6,"key":"SMITH"},{"floor":12,"key":"REST"},{"floor":15,"key":"REST"},{"data":"Tactician","floor":24,"key":"SMITH"},{"floor":28,"key":"REST"},{"data":"Corpse Explosion","floor":32,"key":"SMITH"},{"floor":40,"key":"RECALL"},{"floor":49,"key":"REST"},{"floor":52,"key":"REST"}],"circlet_count":0,"master_deck":["AscendersBane","Survivor","Backstab","Crippling Poison+1","Tools of the Trade","Noxious Fumes","Night Terror","Dagger Throw","Heel Hook","PiercingWail","Endless Agony","Catalyst","Dodge and Roll","Reflex","Tactician+1","Backflip","Dagger Throw","Corpse Explosion+1","PiercingWail","Acrobatics","Night Terror","Burst","Adrenaline","Well Laid Plans","Night Terror","Crippling Poison","Reflex","Well Laid Plans","Panache","Wraith Form v2"],"relics":["WarpedTongs","Boot","HornCleat","CaptainsWheel","CultistMask","Snecko Eye","Mummified Hand","Nloth\u0027s Gift","Bag of Preparation","Toy Ornithopter","CeramicFish","Nunchaku","Fusion Hammer","Tough Bandages","OrangePellets","Smiling Mask","Orichalcum","Happy Flower"],"acts_visited":["Exordium","TheCity","TheBeyond","TheEnding"],"potions_floor_usage":[10,13,16,54,55,55],"damage_taken":[{"damage":4,"enemies":"Jaw Worm","floor":1,"turns":3},{"damage":3,"enemies":"Cultist","floor":2,"turns":4},{"damage":4,"enemies":"Small Slimes","floor":3,"turns":3},{"damage":0,"enemies":"2 Fungi Beasts","floor":4,"turns":3},{"damage":11,"enemies":"Lots of Slimes","floor":7,"turns":3},{"damage":29,"enemies":"3 Sentries","floor":8,"turns":7},{"damage":1,"enemies":"Blue Slaver","floor":10,"turns":3},{"damage":6,"enemies":"Looter","floor":11,"turns":3},{"damage":1,"enemies":"Lagavulin","floor":13,"turns":4},{"damage":9,"enemies":"Slime Boss","floor":16,"turns":9},{"damage":14,"enemies":"3 Byrds","floor":18,"turns":2},{"damage":0,"enemies":"Spheric Guardian","floor":21,"turns":3},{"damage":0,"enemies":"Snecko","floor":22,"turns":4},{"damage":5,"enemies":"Gremlin Leader","floor":23,"turns":4},{"damage":0,"enemies":"Slavers","floor":25,"turns":3},{"damage":0,"enemies":"Gremlin Leader","floor":27,"turns":4},{"damage":0,"enemies":"Cultist and Chosen","floor":29,"turns":3},{"damage":0,"enemies":"3 Cultists","floor":30,"turns":2},{"damage":0,"enemies":"Chosen and Byrds","floor":31,"turns":4},{"damage":0,"enemies":"Collector","floor":33,"turns":3},{"damage":0,"enemies":"Orb Walker","floor":35,"turns":2},{"damage":2,"enemies":"2 Orb Walkers","floor":36,"turns":2},{"damage":0,"enemies":"3 Darklings","floor":39,"turns":4},{"damage":0,"enemies":"Reptomancer","floor":41,"turns":2},{"damage":0,"enemies":"Maw","floor":42,"turns":5},{"damage":1,"enemies":"Spire Growth","floor":44,"turns":3},{"damage":0,"enemies":"Transient","floor":45,"turns":5},{"damage":6,"enemies":"Nemesis","floor":46,"turns":3},{"damage":0,"enemies":"Jaw Worm Horde","floor":48,"turns":2},{"damage":33,"enemies":"Awakened One","floor":50,"turns":8},{"damage":57,"enemies":"Shield and Spear","floor":54,"turns":6},{"damage":3,"enemies":"The Heart","floor":55,"turns":11}],"seed_played":"-3549221442874904679","potions_obtained":[{"floor":2,"key":"Weak Potion"},{"floor":7,"key":"SpeedPotion"},{"floor":10,"key":"Poison Potion"},{"floor":13,"key":"AttackPotion"},{"floor":29,"key":"LiquidMemories"},{"floor":54,"key":"AttackPotion"}],"is_trial":false,"path_per_floor":["M","M","M","M","?","R","M","E","T","M","M","R","E","?","R","B",null,"M","$","?","M","M","E","R","E","T","E","R","M","M","M","R","B",null,"M","?","?","$","M","R","E","M","T","M","M","E","$","M","R","B",null,"R","$","E","B",null],"character_chosen":"THE_SILENT","items_purchased":["Mummified Hand","PowerPotion","OrangePellets","Well Laid Plans","Well Laid Plans","Panache"],"campfire_rested":5,"item_purchase_floors":[19,19,38,38,47,47],"current_hp_per_floor":[55,52,48,48,48,48,37,8,8,7,1,20,19,19,38,29,57,43,43,43,43,43,38,38,38,38,38,57,57,57,57,57,57,64,64,62,66,66,66,66,66,66,66,65,65,59,59,59,66,33,58,66,66,14,21],"gold":84,"neow_bonus":"BOSS_RELIC","is_daily":false,"chose_seed":false,"campfire_upgraded":3,"win_rate":0.0,"timestamp":1608093484,"path_taken":["M","M","M","M","?","R","M","E","T","?","M","R","E","?","R","BOSS","M","$","?","?","M","E","R","E","T","E","R","M","M","M","R","BOSS","M","?","?","$","M","R","E","?","T","M","M","E","$","M","R","BOSS","R","$","E","BOSS"],"items_purchased_type":["Relic","Potion","Relic","Card","Card","Card"],"build_version":"2020-12-13","purchased_purges":2,"victory":true,"max_hp_per_floor":[66,66,66,66,66,66,66,66,66,66,66,66,66,66,66,66,66,66,66,66,66,66,66,66,66,66,66,66,66,66,66,66,66,66,66,66,66,66,66,66,66,66,66,66,66,66,66,66,66,66,66,66,66,66,66],"relic_stats":{"Happy Flower":[3],"counters":[32,127],"CeramicFish":81,"Bag of Preparation":[37],"Orichalcum":[18],"Boot":[94],"Smiling Mask":0,"WarpedTongs":[113],"OrangePellets":[23],"Nunchaku":[10],"Tough Bandages":[237],"Mummified Hand":[126],"Snecko Eye":[135,122,139,104],"Nloth\u0027s Gift":6,"obtain_stats":[{"Happy Flower":54,"CeramicFish":26,"Bag of Preparation":23,"Orichalcum":46,"Boot":8,"Smiling Mask":41,"WarpedTongs":5,"OrangePellets":38,"CaptainsWheel":13,"Nunchaku":27,"Tough Bandages":36,"HornCleat":9,"Mummified Hand":19,"Snecko Eye":17,"Pandora\u0027s Box":0,"CultistMask":14,"Fusion Hammer":34,"Nloth\u0027s Gift":20,"Toy Ornithopter":25,"Ring of the Snake":0},{"Happy Flower":31,"CeramicFish":15,"Bag of Preparation":14,"Orichalcum":28,"Boot":6,"Smiling Mask":24,"WarpedTongs":4,"OrangePellets":22,"CaptainsWheel":9,"Nunchaku":16,"Tough Bandages":22,"HornCleat":6,"Mummified Hand":11,"Snecko Eye":10,"Pandora\u0027s Box":0,"CultistMask":9,"Fusion Hammer":20,"Nloth\u0027s Gift":11,"Toy Ornithopter":15,"Ring of the Snake":0},{"Happy Flower":116,"CeramicFish":58,"Bag of Preparation":55,"Orichalcum":100,"Boot":23,"Smiling Mask":84,"WarpedTongs":13,"OrangePellets":78,"CaptainsWheel":33,"Nunchaku":62,"Tough Bandages":78,"HornCleat":23,"Mummified Hand":44,"Snecko Eye":42,"Pandora\u0027s Box":0,"CultistMask":33,"Fusion Hammer":74,"Nloth\u0027s Gift":44,"Toy Ornithopter":58,"Ring of the Snake":0}],"Toy Ornithopter":15},"card_choices":[{"not_picked":["Deadly Poison","Concentrate"],"picked":"Dodge and Roll","floor":1},{"not_picked":["Blade Dance","Tactician"],"picked":"Reflex","floor":2},{"not_picked":["Crippling Poison","Endless Agony"],"picked":"Tactician","floor":3},{"not_picked":["Quick Slash","Sucker Punch"],"picked":"Backflip","floor":4},{"not_picked":["Dagger Spray","Accuracy"],"picked":"Dagger Throw","floor":7},{"not_picked":["Poisoned Stab","Choke","Quick Slash"],"picked":"SKIP","floor":8},{"not_picked":["Skewer","Blade Dance"],"picked":"Corpse Explosion","floor":10},{"not_picked":["Infinite Blades","Prepared","Choke"],"picked":"SKIP","floor":11},{"not_picked":["Poisoned Stab","Concentrate","Tactician"],"picked":"SKIP","floor":13},{"not_picked":["Outmaneuver","Skewer","Acrobatics"],"picked":"SKIP","floor":18},{"not_picked":["Deadly Poison","Sucker Punch","Accuracy"],"picked":"SKIP","floor":21},{"not_picked":["Bane+1","Caltrops"],"picked":"PiercingWail","floor":22},{"not_picked":["Bane","Slice"],"picked":"Acrobatics","floor":23},{"not_picked":["Escape Plan","Setup+1"],"picked":"Night Terror","floor":25},{"not_picked":["Acrobatics","Flechettes","Masterful Stab+1"],"picked":"SKIP","floor":27},{"not_picked":["Backflip","Outmaneuver","Dodge and Roll"],"picked":"SKIP","floor":29},{"not_picked":["Outmaneuver","Escape Plan","Quick Slash"],"picked":"SKIP","floor":30},{"not_picked":["Cloak And Dagger","All Out Attack","Die Die Die"],"picked":"SKIP","floor":31},{"not_picked":["Tools of the Trade","Malaise"],"picked":"Burst","floor":33},{"not_picked":["Expertise","Prepared+1","All Out Attack"],"picked":"SKIP","floor":35},{"not_picked":["Flying Knee","Dagger Spray"],"picked":"Adrenaline","floor":36},{"not_picked":["Blade Dance","Distraction","PiercingWail"],"picked":"SKIP","floor":39},{"not_picked":["Cloak And Dagger","Deflect"],"picked":"Night Terror","floor":41},{"not_picked":["Dodge and Roll","Leg Sweep"],"picked":"Crippling Poison","floor":42},{"not_picked":["Skewer","Flying Knee+1","Accuracy"],"picked":"SKIP","floor":44},{"not_picked":["Blade Dance","Doppelganger","Poisoned Stab"],"picked":"SKIP","floor":45},{"not_picked":["Dagger Spray","Prepared+1"],"picked":"Reflex","floor":46},{"not_picked":["Sucker Punch","Masterful Stab","Backflip"],"picked":"SKIP","floor":48},{"not_picked":["Eviscerate","Caltrops+1"],"picked":"Wraith Form v2","floor":54}],"player_experience":615096,"relics_obtained":[{"floor":8,"key":"Boot"},{"floor":9,"key":"HornCleat"},{"floor":13,"key":"CaptainsWheel"},{"floor":23,"key":"Bag of Preparation"},{"floor":25,"key":"Toy Ornithopter"},{"floor":26,"key":"CeramicFish"},{"floor":27,"key":"Nunchaku"},{"floor":36,"key":"Tough Bandages"},{"floor":41,"key":"Smiling Mask"},{"floor":46,"key":"Orichalcum"},{"floor":54,"key":"Happy Flower"}],"event_choices":[{"damage_healed":0,"gold_gain":0,"player_choice":"Rummage","damage_taken":0,"relics_obtained":["WarpedTongs"],"max_hp_gain":0,"max_hp_loss":0,"event_name":"Accursed Blacksmith","floor":5,"gold_loss":0,"cards_obtained":["Pain"]},{"damage_healed":0,"gold_gain":0,"player_choice":"Trade","damage_taken":0,"relics_obtained":["CultistMask"],"max_hp_gain":0,"max_hp_loss":0,"event_name":"FaceTrader","floor":14,"gold_loss":0},{"damage_healed":0,"gold_gain":0,"player_choice":"Traded Relic","damage_taken":0,"relics_obtained":["Nloth\u0027s Gift"],"max_hp_gain":0,"max_hp_loss":0,"event_name":"N\u0027loth","floor":20,"relics_lost":["Pandora\u0027s Box"],"gold_loss":0},{"damage_healed":0,"gold_gain":0,"player_choice":"Fight","damage_taken":0,"max_hp_gain":0,"max_hp_loss":0,"event_name":"Mysterious Sphere","floor":36,"gold_loss":0},{"damage_healed":4,"gold_gain":0,"player_choice":"Full Heal","damage_taken":0,"max_hp_gain":0,"max_hp_loss":0,"event_name":"Wheel of Change","floor":37,"gold_loss":0}],"is_beta":false,"boss_relics":[{"not_picked":["Coffee Dripper","HoveringKite"],"picked":"Snecko Eye"},{"not_picked":["Runic Pyramid","Sozu"],"picked":"Fusion Hammer"}],"items_purged_floors":[19,38],"is_endless":false,"potions_floor_spawned":[2,7,8,10,11,13,22,23,29,31,39,41,48,54],"ascension_level":15}}