{"host":"4qt77pm52ljaz00q","time":1608139666,"event":{"mods":["2.2 Compatiblity","Aspiration","Bard","BaseMod","Beaked The Cultist","Challenge The Spire","Colored Map","Conspire","Friendly Minions","Glutton Mod","Halation","Hermit","Hubris","Infinite Spire","Jedi Mod","Mad Scientist","Marisa????????","Mimic Mod","Minty Spire (QoL Compilation)","Permanent Neow","Relic Sorter","Replay The Spire","Shade Mod","Shop Mod","Spires And Sneckos","StSLib","The Bladedancer","The Bug Knight","The Construct","The Cursed","The Disciple","The Jungle","The Mystic","The Poker Player","The Runesmith","The Servant 0.9.4","Unknown Chances","Wandering Minibosses","vexMod"],"gold_per_floor":[112,61,61,61,80,80,115,129,169,169,169,198,198,198,198,294,294,313,328,338,351,351,351,379,379,379,389,389,417,433,433,433,533,533,549,569,375,388,388,388],"floor_reached":39,"playtime":1723,"items_purged":[],"score":459,"play_id":"adc6515e-f792-443a-9efd-1dc1dfbb5414","local_time":"20201216122746","is_ascension_mode":false,"campfire_choices":[{"data":"beaked:Ceremony","floor":6.0,"key":"SMITH"},{"data":"beaked:Brace","floor":11.0,"key":"SMITH"},{"data":"beaked:Ceremony","floor":13.0,"key":"SMITH"},{"data":"beaked:Ceremony","floor":15.0,"key":"SMITH"},{"data":"beaked:KnowThyFoe","floor":23,"key":"SMITH"},{"data":"beaked:WindBringer","floor":25,"key":"SMITH"},{"data":"beaked:MachineEssence","floor":32,"key":"SMITH"}],"circlet_count":0,"master_deck":["beaked:Strike_Y","beaked:Strike_Y","beaked:Strike_Y","beaked:Strike_Y","beaked:Strike_Y","beaked:Strike_Y","beaked:Defend_Y","beaked:Defend_Y","beaked:Defend_Y","beaked:Defend_Y","beaked:Ceremony+1","beaked:Ceremony+1","beaked:Ceremony+1","beaked:Windmill","beaked:Windmill","beaked:HuntressSpirit","beaked:Brace+1","beaked:Foresight","beaked:Flinch","infinitespire:Collect","beaked:MachineEssence+1","beaked:KnowThyFoe+1","beaked:WarriorEssence","ReplayTheSpireMod:Prepare the Ceremony","beaked:Brace","beaked:WarriorEssence","beaked:Brace"],"relics":["beaked:MendingPlumage","CultistMask","WingedGreaves","Smiling Mask","vexMod:CursedCompass","halation:SwordOfLegend","conspire:Flyswatter","HollowMod:LifeEnderRelic","hubris:BottledRain","Red Mask","Meat on the Bone","halation:MonkeysPaw","halation:Jellyphish"],"acts_visited":["Exordium","TheCity","TheBeyond"],"potions_floor_usage":[38],"damage_taken":[{"damage":2.0,"enemies":"2 Louse","floor":1.0,"turns":2.0},{"damage":5.0,"enemies":"Cultist","floor":5.0,"turns":4.0},{"damage":30.0,"enemies":"Gremlin Nob","floor":7.0,"turns":5.0},{"damage":5.0,"enemies":"Small Slimes","floor":8.0,"turns":4.0},{"damage":9.0,"enemies":"Red Slaver","floor":9.0,"turns":6.0},{"damage":15.0,"enemies":"Lagavulin","floor":12.0,"turns":8.0},{"damage":0.0,"enemies":"Slime Boss","floor":16.0,"turns":10.0},{"damage":43.0,"enemies":"Chosen","floor":18.0,"turns":7.0},{"damage":38.0,"enemies":"2 Thieves","floor":19.0,"turns":5.0},{"damage":31.0,"enemies":"Snecko","floor":20.0,"turns":7.0},{"damage":27,"enemies":"Cultist and Chosen","floor":21,"turns":8},{"damage":103,"enemies":"Nightmare","floor":24,"turns":10},{"damage":37,"enemies":"Centurion and Healer","floor":27,"turns":6},{"damage":44,"enemies":"Masked Bandits","floor":29,"turns":6},{"damage":62,"enemies":"Chosen and Byrds","floor":30,"turns":7},{"damage":52,"enemies":"Champ","floor":33,"turns":9},{"damage":62,"enemies":"3 Shapes","floor":35,"turns":7},{"damage":62,"enemies":"3 Darklings","floor":36,"turns":7},{"damage":65,"enemies":"4 Shapes","floor":38,"turns":6}],"seed_played":"-696991164145884540","potions_obtained":[{"floor":3.0,"key":"Flashbang"},{"floor":7.0,"key":"Ancient Potion"},{"floor":12.0,"key":"Fire Potion"},{"floor":16.0,"key":"Elixir"},{"floor":20.0,"key":"SkillPotion"}],"is_trial":false,"path_per_floor":["M","$","?","?","M","R","E","M","MIM","?","R","E","R","?","R","B",null,"M","M","M","M","AVR","R","NM","R","T","M","T","?","M","?","R","B",null,"M","M","$","M","AVR"],"character_chosen":"BEAKED_THE_CULTIST","items_purchased":["beaked:Windmill","halation:Jellyphish","beaked:WarriorEssence"],"campfire_rested":0,"item_purchase_floors":[2,37,37],"current_hp_per_floor":[49,49,49,49,48,48,31,36,43,31,31,41,41,41,41,50,50,41,39,50,50,50,49,25,28,28,43,43,30,32,32,38,50,50,41,50,50,20,20,20],"gold":388,"neow_bonus":"THREE_CARDS","is_daily":false,"chose_seed":false,"campfire_upgraded":7,"win_rate":0.0,"timestamp":1608139666,"path_taken":["M","$","?","?","M","R","E","M","MIM","?","R","E","R","?","R","BOSS","M","M","M","M","AVR","R","NM","R","T","M","?","?","M","?","R","BOSS","M","?","?","M","AVR"],"items_purchased_type":["Card","Relic","Card"],"build_version":"2020-12-13","purchased_purges":0,"victory":false,"max_hp_per_floor":[50,50,50,50,50,50,50,50,50,50,50,50,50,50,50,50,50,50,50,50,50,50,50,50,50,50,50,50,50,50,50,50,50,50,50,50,50,50,50,50],"card_choices":[{"not_picked":["beaked:Insight","beaked:DesperateSwing"],"picked":"beaked:WindBringer","floor":0.0},{"not_picked":["beaked:DesperateSwing","beaked:Tweet"],"picked":"beaked:Windmill","floor":1.0},{"not_picked":["beaked:Cower","beaked:DigDeeper"],"picked":"beaked:HuntressSpirit","floor":5.0},{"not_picked":["beaked:MimicWarrior","beaked:Tweet"],"picked":"beaked:Brace","floor":7.0},{"not_picked":["beaked:Resilience","beaked:FeelMyPain"],"picked":"beaked:Foresight","floor":8.0},{"not_picked":["beaked:HuntressEssence","beaked:DesperateSwing"],"picked":"beaked:Flinch","floor":9.0},{"not_picked":["ReplayTheSpireMod:Echoes of Time","infinitespire:Fortify"],"picked":"infinitespire:Collect","floor":10.0},{"not_picked":["beaked:WildInstinct","beaked:MimicMachine"],"picked":"beaked:MachineEssence","floor":12.0},{"not_picked":["beaked:LiftOff","beaked:DarkPact"],"picked":"beaked:KnowThyFoe","floor":16.0},{"not_picked":["beaked:Tweet+1","beaked:CursingBlood"],"picked":"beaked:WarriorEssence","floor":18.0},{"not_picked":["beaked:Resilience","beaked:MimicMachine","beaked:BloodForTheGods"],"picked":"SKIP","floor":19.0},{"not_picked":["beaked:BraceForImpact","beaked:VigorBurst+1","beaked:Cower"],"picked":"SKIP","floor":20.0},{"not_picked":["beaked:Resilience","beaked:Caw"],"picked":"ReplayTheSpireMod:Prepare the Ceremony","floor":21},{"not_picked":["beaked:SurvivalInstinct","beaked:Redirect","beaked:BraceForImpact"],"picked":"SKIP","floor":24},{"not_picked":["beaked:Tradeoff","beaked:Redirect","beaked:SurvivalInstinct"],"picked":"SKIP","floor":27},{"not_picked":["beaked:MimicWarrior","beaked:VigorBurst","beaked:SurvivalInstinct+1"],"picked":"SKIP","floor":30},{"not_picked":["beaked:DigDeep","beaked:Negation","beaked:TuckingFeathers+1"],"picked":"SKIP","floor":35},{"not_picked":["beaked:BloodRitual+1","beaked:Hexing+1"],"picked":"beaked:Brace","floor":36},{"not_picked":["beaked:Daydream","beaked:Redirect"],"picked":"beaked:Brace","floor":38}],"player_experience":194828,"relics_obtained":[{"floor":7.0,"key":"WingedGreaves"},{"floor":12.0,"key":"Smiling Mask"},{"floor":24,"key":"conspire:Flyswatter"},{"floor":26,"key":"HollowMod:LifeEnderRelic"},{"floor":28,"key":"hubris:BottledRain"},{"floor":29,"key":"Red Mask"}],"event_choices":[{"damage_healed":0.0,"max_hp_gain":0.0,"max_hp_loss":0.0,"gold_gain":0.0,"event_name":"FaceTrader","player_choice":"Trade","floor":4.0,"gold_loss":0.0,"damage_taken":0.0,"relics_obtained":["CultistMask"]},{"damage_healed":0.0,"max_hp_gain":0.0,"max_hp_loss":0.0,"gold_gain":0.0,"event_name":"The Woman in Blue","player_choice":"Bought 0 Potions","floor":14.0,"gold_loss":0.0,"damage_taken":0.0},{"damage_healed":0,"gold_gain":0,"player_choice":"Fought Bandits","damage_taken":0,"max_hp_gain":0,"max_hp_loss":0,"event_name":"Masked Bandits","floor":29,"gold_loss":0},{"cards_removed":["beaked:WindBringer"],"damage_healed":0,"gold_gain":0,"player_choice":"Gave Card","damage_taken":0,"relics_obtained":["Meat on the Bone"],"max_hp_gain":0,"max_hp_loss":0,"event_name":"WeMeetAgain","floor":31,"gold_loss":0}],"is_beta":false,"boss_relics":[{"not_picked":["vexMod:MegatonBomb","ChewingGum"],"picked":"vexMod:CursedCompass"},{"not_picked":["vexMod:MysteryBossChallenge","Pandora\u0027s Box"],"picked":"halation:MonkeysPaw"}],"items_purged_floors":[],"is_endless":false,"potions_floor_spawned":[7,12,16,18,20,21,33,35,36],"ascension_level":0}}