{"host":"a5lz0e76zb3fcwkm","time":1608108102,"event":{"mods":["AchievementEnabler","BaseMod","Colored Map","Colored Powertips","Minty Spire (QoL Compilation)","StSLib","SuperFastMode"],"gold_per_floor":[112,37,47,12,12,30,30,65,90,90,101,101,1,13,13,90,90,109,34,34,34,34,34,34,34,89,89,108,124,124,159,159,234,234,248,248,266,29,46,46,62,76,101,130,130,164,164,180,180,180,180],"floor_reached":50,"playtime":1295,"items_purged":["Strike_R","Strike_R","Decay"],"score":1111,"play_id":"fef1f8e8-1c54-4de5-8aa5-e95eb7d5a04f","local_time":"20201216174142","is_ascension_mode":true,"campfire_choices":[{"data":"Pommel Strike","floor":7,"key":"SMITH"},{"data":"Pommel Strike","floor":10,"key":"SMITH"},{"data":"Demon Form","floor":12,"key":"SMITH"},{"data":"Sword Boomerang","floor":15,"key":"SMITH"},{"floor":23,"key":"REST"},{"floor":25,"key":"REST"},{"floor":32,"key":"REST"},{"floor":40,"key":"REST"},{"floor":45,"key":"REST"},{"floor":47,"key":"REST"},{"floor":49,"key":"RECALL"}],"circlet_count":0,"master_deck":["AscendersBane","Defend_R","Defend_R","Defend_R","Defend_R","Second Wind","Demon Form+1","Pommel Strike+1","Sword Boomerang+1","Feed","Shrug It Off","Shrug It Off"],"relics":["Burning Blood","Bag of Marbles","Pen Nib","Fusion Hammer","Nilry\u0027s Codex","Toy Ornithopter","Eternal Feather","Runic Pyramid","HornCleat","Shuriken"],"acts_visited":["TheCity","TheBeyond"],"potions_floor_usage":[16,31,39,44,50],"damage_taken":[{"damage":2,"enemies":"Small Slimes","floor":1,"turns":5},{"damage":9,"enemies":"2 Louse","floor":3,"turns":4},{"damage":6,"enemies":"Cultist","floor":6,"turns":4},{"damage":45,"enemies":"3 Sentries","floor":8,"turns":10},{"damage":4,"enemies":"Lots of Slimes","floor":11,"turns":4},{"damage":0,"enemies":"Looter","floor":14,"turns":2},{"damage":29,"enemies":"The Guardian","floor":16,"turns":8},{"damage":29,"enemies":"Shell Parasite","floor":18,"turns":4},{"damage":1,"enemies":"Spheric Guardian","floor":28,"turns":3},{"damage":3,"enemies":"Centurion and Healer","floor":29,"turns":4},{"damage":73,"enemies":"Slavers","floor":31,"turns":5},{"damage":13,"enemies":"Collector","floor":33,"turns":5},{"damage":45,"enemies":"3 Shapes","floor":35,"turns":4},{"damage":5,"enemies":"Orb Walker","floor":37,"turns":4},{"damage":42,"enemies":"3 Darklings","floor":39,"turns":5},{"damage":37,"enemies":"Maw","floor":41,"turns":7},{"damage":30,"enemies":"Sphere and 2 Shapes","floor":42,"turns":5},{"damage":6,"enemies":"Nemesis","floor":44,"turns":5},{"damage":62,"enemies":"Reptomancer","floor":46,"turns":6},{"damage":19,"enemies":"Writhing Mass","floor":48,"turns":7},{"damage":80,"enemies":"Awakened One","floor":50,"turns":5}],"seed_played":"7529037389268229262","potions_obtained":[{"floor":1,"key":"Weak Potion"},{"floor":3,"key":"LiquidBronze"},{"floor":28,"key":"DistilledChaos"},{"floor":29,"key":"BloodPotion"},{"floor":33,"key":"Dexterity Potion"},{"floor":39,"key":"Strength Potion"},{"floor":42,"key":"BlessingOfTheForge"},{"floor":48,"key":"SpeedPotion"}],"is_trial":false,"path_per_floor":["M","$","M","?","?","M","R","E","T","R","M","R","$","M","R","B",null,"M","?","?","?","?","R","$","R","T","$","M","M","$","E","R","B",null,"M","?","M","$","M","R","M","M","T","E","R","E","R","M","R","B"],"character_chosen":"IRONCLAD","items_purchased":["FairyPotion"],"campfire_rested":6,"item_purchase_floors":[38],"current_hp_per_floor":[54,54,51,69,62,62,62,23,23,23,25,25,25,31,31,8,58,38,38,17,17,17,40,40,63,63,63,68,74,74,15,46,39,73,37,37,41,41,31,64,33,9,9,14,47,29,62,52,58,0,0],"gold":180,"neow_bonus":"TRANSFORM_TWO_CARDS","is_daily":false,"chose_seed":false,"campfire_upgraded":4,"win_rate":0.0,"timestamp":1608108102,"path_taken":["M","$","M","?","?","M","R","E","T","R","M","R","$","M","R","BOSS","M","?","?","?","?","R","$","R","T","?","M","?","?","E","R","BOSS","M","?","M","$","M","R","M","M","T","E","R","E","R","?","R","BOSS"],"items_purchased_type":["Potion"],"build_version":"2020-12-13","purchased_purges":3,"victory":false,"max_hp_per_floor":[75,75,75,75,75,75,75,75,75,75,75,75,75,75,75,75,75,78,78,78,78,78,78,78,78,78,78,78,81,81,84,84,84,84,87,87,90,90,93,93,93,93,93,93,93,93,93,96,96,96,96],"card_choices":[{"not_picked":["Intimidate","Uppercut","Rupture"],"picked":"SKIP","floor":1},{"not_picked":["Thunderclap","True Grit"],"picked":"Pommel Strike","floor":3},{"not_picked":["Second Wind","Cleave","Pommel Strike"],"picked":"SKIP","floor":6},{"not_picked":["Reckless Charge","Wild Strike"],"picked":"Pommel Strike","floor":8},{"not_picked":["Clash","Anger","Twin Strike"],"picked":"SKIP","floor":11},{"not_picked":["Sword Boomerang","Searing Blow","Second Wind"],"picked":"SKIP","floor":14},{"not_picked":["Searing Blow","Second Wind"],"picked":"Sword Boomerang","floor":14},{"not_picked":["Brutality","Immolate"],"picked":"Feed","floor":16},{"not_picked":["Clothesline","Ghostly Armor","Iron Wave"],"picked":"SKIP","floor":18},{"not_picked":["Clothesline","Anger","True Grit+1"],"picked":"SKIP","floor":28},{"not_picked":["Infernal Blade","Iron Wave","Wild Strike"],"picked":"SKIP","floor":29},{"not_picked":["Warcry","Exhume","Clash"],"picked":"SKIP","floor":31},{"not_picked":["Searing Blow+1","True Grit","Shrug It Off"],"picked":"SKIP","floor":35},{"not_picked":["Perfected Strike","Armaments","Dark Embrace"],"picked":"SKIP","floor":37},{"not_picked":["Warcry","Pommel Strike","Clothesline"],"picked":"SKIP","floor":39},{"not_picked":["Dark Embrace","Demon Form","Heavy Blade"],"picked":"SKIP","floor":41},{"not_picked":["Warcry","Anger","Perfected Strike"],"picked":"SKIP","floor":42},{"not_picked":["Anger+1","Sever Soul","True Grit"],"picked":"SKIP","floor":44},{"not_picked":["Havoc","Wild Strike","Armaments"],"picked":"SKIP","floor":46},{"not_picked":["True Grit","Sword Boomerang","Pummel"],"picked":"SKIP","floor":48}],"player_experience":1608369,"relics_obtained":[{"floor":8,"key":"Bag of Marbles"},{"floor":9,"key":"Pen Nib"},{"floor":20,"key":"Nilry\u0027s Codex"},{"floor":26,"key":"Toy Ornithopter"},{"floor":31,"key":"Eternal Feather"},{"floor":44,"key":"HornCleat"},{"floor":46,"key":"Shuriken"}],"event_choices":[{"damage_healed":18,"gold_gain":0,"player_choice":"Healed","damage_taken":0,"max_hp_gain":0,"max_hp_loss":0,"event_name":"The Cleric","floor":4,"gold_loss":35},{"cards_removed":["Strike_R"],"damage_healed":0,"gold_gain":0,"player_choice":"Card Removal","damage_taken":7,"max_hp_gain":0,"max_hp_loss":0,"event_name":"Golden Wing","floor":5,"gold_loss":0},{"cards_removed":["Bash"],"damage_healed":0,"gold_gain":0,"player_choice":"Gave Gold","damage_taken":0,"max_hp_gain":0,"max_hp_loss":0,"event_name":"Beggar","floor":19,"gold_loss":75},{"damage_healed":0,"gold_gain":0,"player_choice":"Obtained Book","damage_taken":21,"max_hp_gain":0,"max_hp_loss":0,"event_name":"Cursed Tome","floor":20,"gold_loss":0},{"damage_healed":0,"gold_gain":0,"player_choice":"Smashed Altar","damage_taken":0,"max_hp_gain":0,"max_hp_loss":0,"event_name":"Forgotten Altar","floor":21,"gold_loss":0,"cards_obtained":["Decay"]},{"damage_healed":0,"gold_gain":0,"player_choice":"Read","damage_taken":0,"max_hp_gain":0,"max_hp_loss":0,"event_name":"The Library","floor":22,"gold_loss":0,"cards_obtained":["Shrug It Off"]},{"damage_healed":0,"gold_gain":0,"cards_transformed":["Pommel Strike"],"player_choice":"Transformed","damage_taken":0,"max_hp_gain":0,"max_hp_loss":0,"event_name":"Transmorgrifier","floor":36,"gold_loss":0,"cards_obtained":["Shrug It Off"]}],"is_beta":false,"boss_relics":[{"not_picked":["Runic Dome","Runic Cube"],"picked":"Fusion Hammer"},{"not_picked":["Sozu","Empty Cage"],"picked":"Runic Pyramid"}],"items_purged_floors":[2,13,38],"is_endless":false,"potions_floor_spawned":[1,3,8,28,29,33,39,42,48],"killed_by":"Awakened One","ascension_level":20}}