{"host":"63rwe7p34ct1i0qu","time":1608104373,"event":{"mods":["BaseMod","DeckTracker","Minty Spire (QoL Compilation)","Permanent Neow","Quick Restart","StSLib"],"gold_per_floor":[215,133,187,362,372,372,403,81,136,136,158,158,200,167,167,296,377,398,398,398,413,44,44,60,60,60,78,89,188,146,163,163,276,276,316,346,146,160,173,214,214,214,214,214,249,49,62,0,0,0,0],"floor_reached":50,"playtime":4157,"items_purged":["Doubt","Fire Breathing"],"score":778,"play_id":"8990e93f-46d1-485c-a10f-ac8d9e316b2d","local_time":"20201216163933","is_ascension_mode":true,"campfire_choices":[{"data":"Carnage","floor":6.0,"key":"SMITH"},{"data":"Whirlwind","floor":10.0,"key":"SMITH"},{"floor":15.0,"key":"REST"},{"data":"Jack Of All Trades","floor":23.0,"key":"SMITH"},{"data":"Battle Trance","floor":25.0,"key":"SMITH"},{"data":"Feel No Pain","floor":32.0,"key":"SMITH"},{"floor":41.0,"key":"REST"},{"floor":44.0,"key":"REST"},{"floor":49.0,"key":"REST"}],"circlet_count":0,"master_deck":["Bash","Whirlwind+1","Offering","Shrug It Off","Immolate","Dropkick","Inflame","Battle Trance+1","Feel No Pain","Shrug It Off","Warcry","Jack Of All Trades+1","Feel No Pain+1","Rage","Demon Form","Shockwave","Finesse","Limit Break","Heavy Blade","Mayhem","Dramatic Entrance"],"relics":["Black Blood","Blood Vial","Sundial","CeramicFish","Bloody Idol","PreservedInsect","Pandora\u0027s Box","Dead Branch","Letter Opener","Membership Card","Pen Nib","Pantograph","Bottled Tornado","Red Mask"],"acts_visited":["Exordium","TheCity","TheBeyond"],"potions_floor_usage":[50],"damage_taken":[{"damage":17.0,"enemies":"Small Slimes","floor":1.0,"turns":5.0},{"damage":7.0,"enemies":"Jaw Worm","floor":5.0,"turns":3.0},{"damage":8.0,"enemies":"Gremlin Nob","floor":7.0,"turns":3.0},{"damage":0.0,"enemies":"2 Louse","floor":11.0,"turns":2.0},{"damage":46.0,"enemies":"Lagavulin","floor":13.0,"turns":4.0},{"damage":6.0,"enemies":"Slime Boss","floor":16.0,"turns":4.0},{"damage":18.0,"enemies":"Chosen","floor":18.0,"turns":2.0},{"damage":6.0,"enemies":"Spheric Guardian","floor":21.0,"turns":2.0},{"damage":10.0,"enemies":"Cultist and Chosen","floor":24.0,"turns":3.0},{"damage":6.0,"enemies":"Snecko","floor":27.0,"turns":2.0},{"damage":10.0,"enemies":"Chosen and Byrds","floor":28.0,"turns":4.0},{"damage":6.0,"enemies":"Sentry and Sphere","floor":31.0,"turns":2.0},{"damage":29.0,"enemies":"Collector","floor":33.0,"turns":7.0},{"damage":11.0,"enemies":"Orb Walker","floor":35.0,"turns":3.0},{"damage":12.0,"enemies":"3 Shapes","floor":36.0,"turns":3.0},{"damage":24.0,"enemies":"Jaw Worm Horde","floor":38.0,"turns":3.0},{"damage":24.0,"enemies":"Sphere and 2 Shapes","floor":39.0,"turns":3.0},{"damage":73.0,"enemies":"Giant Head","floor":40.0,"turns":7.0},{"damage":47.0,"enemies":"Nemesis","floor":45.0,"turns":5.0},{"damage":43.0,"enemies":"Writhing Mass","floor":47.0,"turns":5.0},{"damage":87,"enemies":"Awakened One","floor":50,"turns":6}],"seed_played":"-2484417745924131271","potions_obtained":[{"floor":7.0,"key":"BlessingOfTheForge"},{"floor":11.0,"key":"FairyPotion"},{"floor":13.0,"key":"Explosive Potion"},{"floor":18.0,"key":"SneckoOil"},{"floor":21.0,"key":"Strength Potion"},{"floor":31.0,"key":"Dexterity Potion"},{"floor":45.0,"key":"GamblersBrew"}],"is_trial":false,"path_per_floor":["M","$","?","?","M","R","E","$","T","R","M","?","E","?","R","B",null,"M","?","?","M","$","R","M","R","T","M","M","?","?","M","R","B",null,"M","M","$","M","M","E","R","?","T","R","E","$","M","?","R","B"],"character_chosen":"IRONCLAD","items_purchased":["Carnage","Sundial","Dead Branch","Jack Of All Trades","Membership Card","Shockwave","Finesse","Mayhem","Dramatic Entrance","ColorlessPotion"],"campfire_rested":4,"item_purchase_floors":[2,8,22,22,37,37,37,46,46,46],"current_hp_per_floor":[61,61,61,61,60,60,58,58,58,58,66,66,28,28,50,52,69,59,59,59,66,71,71,74,74,74,74,74,74,74,74,74,61,71,74,74,74,67,62,44,66,66,66,74,49,59,35,35,57,0,0],"gold":0,"neow_bonus":"HUNDRED_GOLD","is_daily":false,"chose_seed":false,"campfire_upgraded":5,"win_rate":0.0,"timestamp":1608104373,"path_taken":["M","$","?","?","M","R","E","$","T","R","M","?","E","?","R","BOSS","M","?","?","M","$","R","M","R","T","M","M","?","?","M","R","BOSS","M","?","$","M","M","E","R","?","T","R","E","$","M","?","R","BOSS"],"items_purchased_type":["Card","Relic","Relic","Card","Relic","Card","Card","Card","Card","Potion"],"build_version":"2020-12-13","purchased_purges":2,"victory":false,"max_hp_per_floor":[80,80,80,80,80,80,80,80,80,80,80,74,74,74,74,74,74,74,74,74,74,74,74,74,74,74,74,74,74,74,74,74,74,74,74,74,74,74,74,74,74,74,74,74,74,74,74,74,74,74,74],"card_choices":[{"not_picked":["Iron Wave","Burning Pact"],"picked":"Whirlwind","floor":1.0},{"not_picked":["Metallicize","Clash","Perfected Strike"],"picked":"SKIP","floor":5.0},{"not_picked":["Spot Weakness","Twin Strike"],"picked":"Offering","floor":7.0},{"not_picked":["Flex","Thunderclap"],"picked":"Shrug It Off","floor":11.0},{"not_picked":["Heavy Blade","Sword Boomerang"],"picked":"Fire Breathing","floor":13.0},{"not_picked":["Berserk","Reaper"],"picked":"Immolate","floor":16.0},{"not_picked":["Wild Strike","Armaments","Whirlwind"],"picked":"SKIP","floor":18.0},{"not_picked":["Havoc","Body Slam","Thunderclap"],"picked":"SKIP","floor":21.0},{"not_picked":["Armaments","Carnage+1","Rupture"],"picked":"SKIP","floor":24.0},{"not_picked":["Cleave","Rupture","Wild Strike"],"picked":"SKIP","floor":27.0},{"not_picked":["Metallicize","Combust+1","Twin Strike"],"picked":"SKIP","floor":28.0},{"not_picked":["Clothesline","Heavy Blade","Evolve"],"picked":"SKIP","floor":31.0},{"not_picked":["Bludgeon","Berserk"],"picked":"Demon Form","floor":33.0},{"not_picked":["Sword Boomerang+1","Pommel Strike","Uppercut"],"picked":"SKIP","floor":35.0},{"not_picked":["Shrug It Off","Sentinel","Thunderclap"],"picked":"SKIP","floor":36.0},{"not_picked":["Thunderclap+1","Dropkick+1","Sword Boomerang+1"],"picked":"SKIP","floor":38.0},{"not_picked":["Body Slam","Flex+1","Armaments"],"picked":"SKIP","floor":39.0},{"not_picked":["Metallicize","Dropkick+1"],"picked":"Limit Break","floor":40.0},{"not_picked":["Wild Strike+1","Uppercut"],"picked":"Heavy Blade","floor":45.0},{"not_picked":["Hemokinesis","Clash+1","True Grit+1"],"picked":"SKIP","floor":47.0}],"player_experience":774919,"relics_obtained":[{"floor":7.0,"key":"Blood Vial"},{"floor":9.0,"key":"CeramicFish"},{"floor":13.0,"key":"PreservedInsect"},{"floor":26.0,"key":"Letter Opener"},{"floor":40.0,"key":"Pen Nib"},{"floor":43.0,"key":"Pantograph"},{"floor":45.0,"key":"Bottled Tornado"}],"event_choices":[{"damage_healed":0.0,"max_hp_gain":0.0,"max_hp_loss":0.0,"gold_gain":54.0,"event_name":"Golden Wing","player_choice":"Gained Gold","floor":3.0,"gold_loss":0.0,"damage_taken":0.0},{"damage_healed":0.0,"max_hp_gain":0.0,"max_hp_loss":0.0,"gold_gain":175.0,"event_name":"Liars Game","player_choice":"AGREE","floor":4.0,"gold_loss":0.0,"damage_taken":0.0,"cards_obtained":["Doubt"]},{"damage_healed":0.0,"max_hp_gain":0.0,"max_hp_loss":6.0,"gold_gain":0.0,"event_name":"Golden Idol","player_choice":"Lose Max HP","floor":12.0,"gold_loss":0.0,"damage_taken":0.0,"relics_obtained":["Golden Idol"]},{"damage_healed":0.0,"max_hp_gain":0.0,"max_hp_loss":0.0,"gold_gain":0.0,"event_name":"World of Goop","player_choice":"Left Gold","floor":14.0,"gold_loss":33.0,"damage_taken":0.0},{"damage_healed":0.0,"max_hp_gain":0.0,"max_hp_loss":0.0,"gold_gain":0.0,"event_name":"Forgotten Altar","player_choice":"Gave Idol","floor":19.0,"relics_lost":["Golden Idol"],"gold_loss":0.0,"damage_taken":0.0,"relics_obtained":["Bloody Idol"]},{"cards_removed":["Perfected Strike"],"damage_healed":0.0,"max_hp_gain":0.0,"max_hp_loss":0.0,"gold_gain":0.0,"event_name":"Back to Basics","player_choice":"Elegance","floor":20.0,"gold_loss":0.0,"damage_taken":0.0},{"damage_healed":0.0,"max_hp_gain":0.0,"max_hp_loss":0.0,"gold_gain":99.0,"event_name":"Nest","player_choice":"Stole From Cult","floor":29.0,"gold_loss":0.0,"damage_taken":0.0},{"damage_healed":0.0,"max_hp_gain":0.0,"max_hp_loss":0.0,"gold_gain":0.0,"cards_transformed":["Searing Blow","Combust"],"event_name":"Designer","player_choice":"Transformed Cards","floor":30.0,"gold_loss":60.0,"damage_taken":0.0,"cards_obtained":["Feel No Pain","Rage"]},{"cards_removed":["Carnage"],"damage_healed":0.0,"max_hp_gain":0.0,"max_hp_loss":0.0,"gold_gain":0.0,"event_name":"Falling","player_choice":"Removed Attack","floor":42.0,"gold_loss":0.0,"damage_taken":0.0},{"damage_healed":0.0,"max_hp_gain":0.0,"max_hp_loss":0.0,"gold_gain":0.0,"event_name":"Tomb of Lord Red Mask","player_choice":"Paid","floor":48.0,"gold_loss":62.0,"damage_taken":0.0,"relics_obtained":["Red Mask"]}],"is_beta":false,"boss_relics":[{"not_picked":["SlaversCollar","Philosopher\u0027s Stone"],"picked":"Pandora\u0027s Box"},{"not_picked":["Cursed Key","Tiny House"],"picked":"Black Blood"}],"items_purged_floors":[8,46],"is_endless":false,"potions_floor_spawned":[7,11,13,18,21,31,33,36,38,45],"killed_by":"Awakened One","ascension_level":7}}