{"host":"fa35vd3kig5td25x","time":1608141041,"event":{"mods":["BaseMod","Colored Powertips","Minty Spire (QoL Compilation)","Relic Stats","Slay the Relics Exporter"],"gold_per_floor":[121,133,160,189,216,228,269,13,38,57,73,108,108,140,140,218,218,228,248,248,8,58,92,92,103,177,203,128,128,159,177,177,255,255,271,271,289,13,38,70,80,91,91,120,120,133,133,149,149,149,149,149,149,20,55,55],"floor_reached":57,"playtime":4421,"items_purged":["Strike_R+1"],"score":2709,"play_id":"e905eff2-c4c9-4b41-a805-de8c2f30152a","local_time":"20201216185041","is_ascension_mode":true,"campfire_choices":[{"floor":6,"key":"REST"},{"floor":13,"key":"REST"},{"data":"Clothesline","floor":15,"key":"SMITH"},{"data":"Battle Trance","floor":24,"key":"SMITH"},{"data":"Shockwave","floor":29,"key":"SMITH"},{"floor":32,"key":"REST"},{"floor":45,"key":"RECALL"},{"data":"Feel No Pain","floor":49,"key":"SMITH"},{"data":"Evolve","floor":53,"key":"SMITH"}],"circlet_count":0,"master_deck":["AscendersBane","Strike_R+1","Strike_R+1","Strike_R+1","Strike_R+1","Defend_R+1","Defend_R+1","Defend_R+1","Defend_R+1","Bash","CurseOfTheBell","Burning Pact","Anger","Clothesline+1","Thunderclap","Battle Trance+1","Inflame","Reaper","Immolate","Shockwave+1","Reaper","Shrug It Off","Dark Embrace+1","Impervious","Impervious","Feel No Pain+1","Purity","Apotheosis","Disarm+1","Pummel","Shrug It Off+1","Burning Pact+1","Shockwave","Evolve+1","Sword Boomerang+1","Impervious","Headbutt"],"relics":["Calling Bell","MawBank","Pear","Calipers","Potion Belt","Red Skull","War Paint","Centennial Puzzle","Dream Catcher","SlaversCollar","Membership Card","Oddly Smooth Stone","Kunai","Mercury Hourglass","Nunchaku","Coffee Dripper","Brimstone","Toy Ornithopter","Thread and Needle","Strawberry","Letter Opener","Orrery","FossilizedHelix"],"acts_visited":["Exordium","TheCity","TheBeyond","TheEnding"],"potions_floor_usage":[7,7,12,14,23,25,27,30,48,51,55,56,56],"damage_taken":[{"damage":21,"enemies":"Jaw Worm","floor":1,"turns":5},{"damage":6,"enemies":"Cultist","floor":3,"turns":3},{"damage":3,"enemies":"2 Louse","floor":4,"turns":4},{"damage":12,"enemies":"2 Fungi Beasts","floor":5,"turns":4},{"damage":24,"enemies":"Gremlin Nob","floor":7,"turns":4},{"damage":0,"enemies":"Looter","floor":10,"turns":3},{"damage":5,"enemies":"Blue Slaver","floor":11,"turns":3},{"damage":14,"enemies":"3 Sentries","floor":12,"turns":5},{"damage":8,"enemies":"Gremlin Nob","floor":14,"turns":3},{"damage":62,"enemies":"Hexaghost","floor":16,"turns":10},{"damage":42,"enemies":"Shell Parasite","floor":18,"turns":8},{"damage":21,"enemies":"Spheric Guardian","floor":19,"turns":5},{"damage":32,"enemies":"Gremlin Leader","floor":23,"turns":5},{"damage":34,"enemies":"Shelled Parasite and Fungi","floor":25,"turns":5},{"damage":24,"enemies":"Slavers","floor":27,"turns":3},{"damage":14,"enemies":"Book of Stabbing","floor":30,"turns":4},{"damage":13,"enemies":"Snecko","floor":31,"turns":5},{"damage":61,"enemies":"Collector","floor":33,"turns":8},{"damage":0,"enemies":"Orb Walker","floor":35,"turns":3},{"damage":20,"enemies":"3 Darklings","floor":37,"turns":3},{"damage":0,"enemies":"Mind Bloom Boss Battle","floor":39,"turns":5},{"damage":58,"enemies":"Reptomancer","floor":40,"turns":6},{"damage":34,"enemies":"4 Shapes","floor":41,"turns":6},{"damage":13,"enemies":"Jaw Worm Horde","floor":42,"turns":2},{"damage":9,"enemies":"Giant Head","floor":44,"turns":7},{"damage":9,"enemies":"Transient","floor":46,"turns":6},{"damage":39,"enemies":"Sphere and 2 Shapes","floor":48,"turns":7},{"damage":42,"enemies":"Donu and Deca","floor":50,"turns":8},{"damage":95,"enemies":"Awakened One","floor":51,"turns":12},{"damage":63,"enemies":"Shield and Spear","floor":55,"turns":8},{"damage":54,"enemies":"The Heart","floor":56,"turns":9}],"seed_played":"-2108691136321750910","potions_obtained":[{"floor":2,"key":"SteroidPotion"},{"floor":2,"key":"BlessingOfTheForge"},{"floor":5,"key":"Explosive Potion"},{"floor":10,"key":"LiquidBronze"},{"floor":11,"key":"Ancient Potion"},{"floor":14,"key":"FairyPotion"},{"floor":16,"key":"BloodPotion"},{"floor":23,"key":"DistilledChaos"},{"floor":25,"key":"SneckoOil"},{"floor":33,"key":"Weak Potion"},{"floor":39,"key":"EssenceOfSteel"},{"floor":42,"key":"Swift Potion"},{"floor":44,"key":"DuplicationPotion"},{"floor":48,"key":"Fire Potion"},{"floor":55,"key":"SkillPotion"}],"is_trial":false,"path_per_floor":["M","?","M","M","M","R","E","$","T","M","M","E","R","E","R","B",null,"M","M","?","$","?","E","R","M","T","E","?","R","E","M","R","B",null,"M","?","M","$","?","E","M","M","T","E","R","M","?","M","R","B","B",null,"R","$","E","B",null],"character_chosen":"IRONCLAD","items_purchased":["Red Skull","Thunderclap","FearPotion","Membership Card","Reaper","DuplicationPotion","Brimstone","Toy Ornithopter","Pummel","SteroidPotion","Orrery","ElixirPotion"],"campfire_rested":3,"item_purchase_floors":[8,8,8,21,21,21,38,38,38,38,54,54],"current_hp_per_floor":[57,57,51,48,36,61,37,37,37,37,32,18,43,35,35,13,67,35,14,14,14,14,51,51,21,21,33,33,33,29,26,51,10,66,66,56,84,84,85,73,92,79,79,70,70,76,76,76,76,87,87,87,87,87,84,33],"gold":55,"neow_bonus":"BOSS_RELIC","is_daily":false,"chose_seed":false,"campfire_upgraded":5,"win_rate":0.0,"timestamp":1608141041,"path_taken":["M","?","M","M","?","R","E","$","T","M","M","E","R","E","R","BOSS","M","M","?","$","?","E","R","M","T","E","?","R","E","M","R","BOSS","M","?","M","$","?","E","M","M","T","E","R","M","?","M","R","BOSS","BOSS","R","$","E","BOSS"],"items_purchased_type":["Relic","Card","Potion","Relic","Card","Potion","Relic","Relic","Card","Potion","Relic","Potion"],"build_version":"2020-12-13","purchased_purges":1,"victory":true,"max_hp_per_floor":[85,85,85,85,85,85,85,85,85,85,85,85,85,85,85,85,85,85,85,85,85,85,85,85,85,85,85,85,85,85,85,85,85,85,85,85,85,85,85,92,92,92,92,92,92,92,87,87,87,87,87,87,87,87,87,87],"relic_stats":{"Centennial Puzzle":[63],"Dream Catcher":1,"Nunchaku":[15],"counters":[31,169],"Kunai":[27],"Letter Opener":[80],"War Paint":["Defend_R","Defend_R"],"MawBank":96,"obtain_stats":[{"Potion Belt":7,"Pear":0,"Calipers":0,"Oddly Smooth Stone":23,"Thread and Needle":39,"Letter Opener":44,"War Paint":9,"MawBank":0,"Burning Blood":0,"Mercury Hourglass":27,"Calling Bell":0,"SlaversCollar":17,"Centennial Puzzle":12,"Dream Catcher":14,"Nunchaku":30,"Brimstone":38,"Strawberry":40,"Orrery":54,"Coffee Dripper":34,"Membership Card":21,"Kunai":26,"Red Skull":8,"Toy Ornithopter":38,"FossilizedHelix":55},{"Potion Belt":5,"Pear":0,"Calipers":0,"Oddly Smooth Stone":13,"Thread and Needle":21,"Letter Opener":25,"War Paint":5,"MawBank":0,"Burning Blood":0,"Mercury Hourglass":15,"Calling Bell":0,"SlaversCollar":10,"Centennial Puzzle":8,"Dream Catcher":9,"Nunchaku":16,"Brimstone":20,"Strawberry":22,"Orrery":29,"Coffee Dripper":18,"Membership Card":12,"Kunai":14,"Red Skull":5,"Toy Ornithopter":20,"FossilizedHelix":30},{"Potion Belt":20,"Pear":0,"Calipers":0,"Oddly Smooth Stone":62,"Thread and Needle":98,"Letter Opener":119,"War Paint":20,"MawBank":0,"Burning Blood":0,"Mercury Hourglass":70,"Calling Bell":0,"SlaversCollar":44,"Centennial Puzzle":31,"Dream Catcher":34,"Nunchaku":74,"Brimstone":93,"Strawberry":104,"Orrery":152,"Coffee Dripper":87,"Membership Card":57,"Kunai":67,"Red Skull":20,"Toy Ornithopter":93,"FossilizedHelix":160}],"Toy Ornithopter":18,"Mercury Hourglass":[369]},"card_choices":[{"not_picked":["Body Slam","Headbutt"],"picked":"Burning Pact","floor":1},{"not_picked":["Sentinel","Power Through"],"picked":"Anger","floor":3},{"not_picked":["Pummel","Sentinel"],"picked":"Clothesline","floor":4},{"not_picked":["Anger","Sword Boomerang","Rupture"],"picked":"SKIP","floor":5},{"not_picked":["Limit Break","Twin Strike"],"picked":"Cleave","floor":7},{"not_picked":["Cleave","Sever Soul","Wild Strike"],"picked":"SKIP","floor":10},{"not_picked":["True Grit","Thunderclap"],"picked":"Battle Trance","floor":11},{"not_picked":["Battle Trance","Armaments"],"picked":"Inflame","floor":12},{"not_picked":["Twin Strike","Armaments"],"picked":"Reaper","floor":14},{"not_picked":["Demon Form","Impervious"],"picked":"Immolate","floor":16},{"not_picked":["Iron Wave","Clash","Searing Blow"],"picked":"SKIP","floor":18},{"not_picked":["Flex","Whirlwind+1"],"picked":"Shockwave","floor":19},{"not_picked":["Heavy Blade","Armaments+1","Cleave"],"picked":"SKIP","floor":23},{"not_picked":["Hemokinesis","Perfected Strike","Shockwave"],"picked":"SKIP","floor":25},{"not_picked":["Reckless Charge","Heavy Blade"],"picked":"Shrug It Off","floor":27},{"not_picked":["Clothesline","Sentinel"],"picked":"Dark Embrace+1","floor":30},{"not_picked":["Dropkick","Pommel Strike"],"picked":"Impervious","floor":31},{"not_picked":["Barricade","Fiend Fire"],"picked":"Impervious","floor":33},{"not_picked":["Bloodletting","Wild Strike+1"],"picked":"Feel No Pain","floor":35},{"not_picked":["Trip","Madness"],"picked":"Purity","floor":36},{"not_picked":["Jack Of All Trades","Impatience"],"picked":"Apotheosis","floor":36},{"not_picked":["Dark Embrace+1","Wild Strike+1"],"picked":"Disarm+1","floor":37},{"not_picked":["Heavy Blade","Thunderclap+1"],"picked":"Shrug It Off+1","floor":40},{"not_picked":["Dropkick+1","Shrug It Off"],"picked":"Burning Pact+1","floor":41},{"not_picked":["Cleave","Feed"],"picked":"Shockwave","floor":42},{"not_picked":["Disarm","Combust","Flex+1"],"picked":"SKIP","floor":44},{"not_picked":["Wild Strike+1","Seeing Red","Rupture+1"],"picked":"SKIP","floor":46},{"not_picked":["Infernal Blade+1","Warcry"],"picked":"Evolve","floor":48},{"not_picked":["Iron Wave","Warcry"],"picked":"Sword Boomerang+1","floor":54},{"not_picked":["Wild Strike+1","Shrug It Off"],"picked":"Impervious","floor":54},{"not_picked":["Burning Pact","Twin Strike"],"picked":"Headbutt","floor":54},{"not_picked":["Perfected Strike","Clothesline+1","Combust"],"picked":"SKIP","floor":55}],"player_experience":2830098,"relics_obtained":[{"floor":0,"key":"MawBank"},{"floor":0,"key":"Pear"},{"floor":0,"key":"Calipers"},{"floor":7,"key":"Potion Belt"},{"floor":9,"key":"War Paint"},{"floor":12,"key":"Centennial Puzzle"},{"floor":14,"key":"Dream Catcher"},{"floor":23,"key":"Oddly Smooth Stone"},{"floor":26,"key":"Kunai"},{"floor":27,"key":"Mercury Hourglass"},{"floor":30,"key":"Nunchaku"},{"floor":39,"key":"Thread and Needle"},{"floor":40,"key":"Strawberry"},{"floor":44,"key":"Letter Opener"},{"floor":55,"key":"FossilizedHelix"}],"event_choices":[{"damage_healed":0,"gold_gain":0,"player_choice":"Got Potions","damage_taken":0,"max_hp_gain":0,"max_hp_loss":0,"event_name":"Lab","floor":2,"gold_loss":0},{"damage_healed":0,"gold_gain":0,"player_choice":"Simplicity","damage_taken":0,"max_hp_gain":0,"max_hp_loss":0,"event_name":"Back to Basics","floor":20,"gold_loss":0,"cards_upgraded":["Strike_R","Strike_R","Strike_R","Strike_R","Strike_R","Defend_R","Defend_R"]},{"damage_healed":0,"gold_gain":50,"player_choice":"Stole From Cult","damage_taken":0,"max_hp_gain":0,"max_hp_loss":0,"event_name":"Nest","floor":22,"gold_loss":0},{"cards_removed":["Cleave"],"damage_healed":0,"gold_gain":0,"player_choice":"Gave Gold","damage_taken":0,"max_hp_gain":0,"max_hp_loss":0,"event_name":"Beggar","floor":28,"gold_loss":75},{"damage_healed":0,"gold_gain":0,"player_choice":"Memory 3","damage_taken":10,"max_hp_gain":0,"max_hp_loss":0,"event_name":"SensoryStone","floor":36,"gold_loss":0},{"damage_healed":0,"gold_gain":0,"player_choice":"Fight","damage_taken":0,"max_hp_gain":0,"max_hp_loss":0,"event_name":"MindBloom","floor":39,"gold_loss":0},{"damage_healed":0,"gold_gain":0,"player_choice":"Max HP","damage_taken":0,"max_hp_gain":0,"max_hp_loss":5,"event_name":"Winding Halls","floor":47,"gold_loss":0}],"is_beta":false,"boss_relics":[{"not_picked":["Astrolabe","Black Star"],"picked":"SlaversCollar"},{"not_picked":["Runic Cube","Velvet Choker"],"picked":"Coffee Dripper"}],"items_purged_floors":[38],"is_endless":false,"potions_floor_spawned":[3,5,10,11,14,16,23,25,33,39,40,42,44,46,48,55],"ascension_level":20}}