{"host":"2d0rd30cigwncx1y","time":1608127831,"event":{"mods":["BaseMod","Colored Map","Colored Powertips","Downfall","MarisaÅiñ∂âJÅ@ñÇóùçπÅj","Minty Spire (QoL Compilation)","Replay The Spire","StSLib","The Alterego","The Servant 0.9.4"],"gold_per_floor":[99,99,125,328,356,366,366,377,377,412,432,443,462,462,474,474,474],"floor_reached":16,"playtime":1315,"items_purged":[],"score":172,"play_id":"fd2fae8c-b94d-467c-85f7-a2c49bf9a0c5","local_time":"20201216151031","is_ascension_mode":false,"campfire_choices":[{"data":"hexamod:Sear","floor":1,"key":"SMITH"},{"data":"hexamod:BurningTouch","floor":9,"key":"SMITH"}],"circlet_count":0,"master_deck":["hexamod:Strike","hexamod:Strike","hexamod:Strike","hexamod:Strike","hexamod:Defend","hexamod:Defend","hexamod:Defend","hexamod:Sear+1","hexamod:Float","hexamod:ThirdSeal","hexamod:FastForward","hexamod:NightmareGuise","hexamod:ExtraCrispy","hexamod:Firestarter","hexamod:HauntingEcho","hexamod:CrushingStance","hexamod:BurningTouch+1","hexamod:RecurringNightmare","hexamod:HeatMetal","hexamod:AdvancingGuard","hexamod:CatchUp","hexamod:Hexaguard","hexamod:Hexaguard","hexamod:Rewind","hexamod:GhostOfSpirePresent","hexamod:BurningTouch"],"relics":["hexamod:SpiritBrand","downfall:HeartsMalice","Mirror","Bag of Marbles","White Beast Statue","Lizard Tail"],"acts_visited":["Exordium"],"potions_floor_usage":[],"damage_taken":[{"damage":0,"enemies":"Small Slimes","floor":2,"turns":1},{"damage":0,"enemies":"Gremlin Nob","floor":3,"turns":1},{"damage":0,"enemies":"3 Sentries","floor":5,"turns":1},{"damage":6,"enemies":"Jaw Worm","floor":6,"turns":3},{"damage":9,"enemies":"Cultist","floor":8,"turns":4},{"damage":7,"enemies":"Gremlin Nob","floor":10,"turns":3},{"damage":7,"enemies":"Blue Slaver","floor":11,"turns":3},{"damage":10,"enemies":"Large Slime","floor":12,"turns":6},{"damage":6,"enemies":"2 Fungi Beasts","floor":13,"turns":4},{"damage":2,"enemies":"Blue Slaver","floor":15,"turns":3},{"damage":49,"enemies":"downfall:Defect","floor":16,"turns":5}],"seed_played":"3553152653406494886","potions_obtained":[{"floor":3,"key":"Energy Potion"},{"floor":8,"key":"EntropicBrew"},{"floor":10,"key":"Fire Potion"}],"is_trial":false,"path_per_floor":["R","M","E","?","E","M","T","M","R","E","M","M","M","?","M","B"],"character_chosen":"THE_SPIRIT","items_purchased":[],"campfire_rested":0,"item_purchase_floors":[],"current_hp_per_floor":[70,70,70,53,53,47,47,38,38,31,24,14,8,8,6,0,0],"gold":474,"neow_bonus":"THREE_ENEMY_KILL","is_daily":false,"chose_seed":false,"campfire_upgraded":2,"win_rate":0.0,"timestamp":1608127831,"path_taken":["R","M","E","?","E","M","T","M","R","E","M","M","M","?","M","BOSS"],"items_purchased_type":[],"build_version":"2020-12-13","purchased_purges":0,"victory":false,"max_hp_per_floor":[70,70,70,70,70,70,70,70,70,70,70,70,70,70,70,70,70],"card_choices":[{"not_picked":["hexamod:BacktrackSmack","hexamod:NightmareGuise"],"picked":"hexamod:ThirdSeal","floor":2},{"not_picked":["hexamod:EtherealExpedition","hexamod:RainOfEmbers"],"picked":"hexamod:FastForward","floor":3},{"not_picked":["hexamod:GhostLash","hexamod:FastForward"],"picked":"hexamod:NightmareGuise","floor":4},{"not_picked":["hexamod:RainOfEmbers","hexamod:NecessarySacrifice"],"picked":"hexamod:ExtraCrispy","floor":5},{"not_picked":["hexamod:FastForward","hexamod:NightmareStrike"],"picked":"hexamod:Firestarter","floor":6},{"not_picked":["hexamod:ThermalTransfer","hexamod:EmpoweredFlame"],"picked":"hexamod:HauntingEcho","floor":6},{"not_picked":["hexamod:SpectersWail","hexamod:InspiringFlames"],"picked":"hexamod:CrushingStance","floor":8},{"not_picked":["hexamod:RetreatToShadows","hexamod:NightmareStrike"],"picked":"hexamod:BurningTouch","floor":8},{"not_picked":["hexamod:FastForward","hexamod:NightmareStrike"],"picked":"hexamod:RecurringNightmare","floor":10},{"not_picked":["hexamod:HauntingEcho","hexamod:ShieldOfDarkness"],"picked":"hexamod:HeatMetal","floor":11},{"not_picked":["hexamod:NightmareStrike","hexamod:HeatShield"],"picked":"hexamod:AdvancingGuard","floor":12},{"not_picked":["hexamod:HauntingEcho","hexamod:ThermalTransfer"],"picked":"hexamod:CatchUp","floor":12},{"not_picked":["hexamod:Rewind","hexamod:RainOfEmbers"],"picked":"hexamod:Hexaguard","floor":13},{"not_picked":["hexamod:BacktrackSmack","hexamod:HeatMetal"],"picked":"hexamod:Hexaguard","floor":13},{"not_picked":["hexamod:ParanormalForm","hexamod:CatchUp"],"picked":"hexamod:GhostOfSpirePresent","floor":15},{"not_picked":["hexamod:FastForward","hexamod:Incineration"],"picked":"hexamod:BurningTouch","floor":15}],"player_experience":61244,"relics_obtained":[{"floor":3,"key":"Mirror"},{"floor":5,"key":"Bag of Marbles"},{"floor":7,"key":"White Beast Statue"},{"floor":10,"key":"Lizard Tail"}],"event_choices":[{"damage_healed":0,"gold_gain":0,"cards_transformed":["hexamod:Defend"],"player_choice":"Transformed","damage_taken":0,"max_hp_gain":0,"max_hp_loss":0,"event_name":"Transmorgrifier","floor":14,"gold_loss":0,"cards_obtained":["hexamod:Rewind"]}],"is_beta":false,"boss_relics":[],"items_purged_floors":[],"is_endless":false,"potions_floor_spawned":[3,8,10,11,12,13,15],"killed_by":"downfall:Defect","ascension_level":0}}