{"host":"kh6fvhxn285ncg0o","time":1608076924,"event":{"mods":["Act Like it!","BaseMod","Colored Map","Friendly Minions","Keyboard Shortcuts","Minty Spire (QoL Compilation)","Quick Restart","Relic Stats","StSLib","SuperFastMode"],"gold_per_floor":[119,119,119,44,56,87,12,46,69,86,115,125,151,171,171,245,245,265,265,240,250,250,275,275,309,334,56,56,71,98,112,112,185,185,196,121,140,155,155,182,196,226,306,318,344,359,392,403,403,403,403,403,403,4,36,36],"floor_reached":57,"playtime":1805,"items_purged":["Strike_R","Strike_R","Strike_R+1"],"score":3303,"play_id":"277fd20f-fa71-4dfe-bdc6-08e9b470e915","local_time":"20201216090204","is_ascension_mode":true,"campfire_choices":[{"data":"Juggernaut","floor":15.0,"key":"SMITH"},{"data":"Fiend Fire","floor":24.0,"key":"SMITH"},{"data":"Barricade","floor":28.0,"key":"SMITH"},{"data":"Entrench","floor":32.0,"key":"SMITH"},{"floor":49,"key":"RECALL"},{"data":"Feel No Pain","floor":53,"key":"SMITH"}],"circlet_count":0,"master_deck":["AscendersBane","Strike_R+1","Defend_R","Defend_R+1","Defend_R+1","Defend_R","Shrug It Off","Feel No Pain+1","Fiend Fire+1","Reckless Charge","Juggernaut+1","Disarm","Rage","Barricade+1","Entrench+1","Impervious","True Grit+1","Havoc","Pummel","Burning Pact+1","Pommel Strike+1","Evolve","Apotheosis"],"relics":["Burning Blood","NeowsBlessing","Red Skull","Letter Opener","Anchor","Darkstone Periapt","Centennial Puzzle","Mark of Pain","Singing Bowl","Dead Branch","War Paint","Potion Belt","Busted Crown","Omamori","Akabeko","Kunai","Molten Egg 2","Bag of Preparation","StoneCalendar","Bronze Scales"],"acts_visited":["Exordium","TheCity","TheBeyond","TheEnding"],"potions_floor_usage":[45,47,56,56,56,56],"damage_taken":[{"damage":0.0,"enemies":"2 Louse","floor":1.0,"turns":1.0},{"damage":0.0,"enemies":"Small Slimes","floor":5.0,"turns":2.0},{"damage":0.0,"enemies":"Lagavulin","floor":6.0,"turns":1.0},{"damage":22.0,"enemies":"Gremlin Nob","floor":8.0,"turns":5.0},{"damage":2.0,"enemies":"Jaw Worm","floor":10.0,"turns":2.0},{"damage":7.0,"enemies":"3 Sentries","floor":11.0,"turns":17.0},{"damage":1.0,"enemies":"Exordium Wildlife","floor":12.0,"turns":3.0},{"damage":21.0,"enemies":"Gremlin Nob","floor":13.0,"turns":4.0},{"damage":2.0,"enemies":"Lots of Slimes","floor":14.0,"turns":6.0},{"damage":34.0,"enemies":"The Guardian","floor":16.0,"turns":8.0},{"damage":1.0,"enemies":"Shell Parasite","floor":18.0,"turns":2.0},{"damage":9.0,"enemies":"2 Thieves","floor":20.0,"turns":4.0},{"damage":22.0,"enemies":"3 Cultists","floor":21.0,"turns":5.0},{"damage":0.0,"enemies":"Gremlin Leader","floor":23.0,"turns":7.0},{"damage":11.0,"enemies":"Book of Stabbing","floor":25.0,"turns":3.0},{"damage":1.0,"enemies":"Snake Plant","floor":29.0,"turns":7.0},{"damage":6.0,"enemies":"Slavers","floor":30.0,"turns":2.0},{"damage":0.0,"enemies":"Centurion and Healer","floor":31.0,"turns":6.0},{"damage":16.0,"enemies":"Automaton","floor":33.0,"turns":12.0},{"damage":18,"enemies":"3 Darklings","floor":35,"turns":5},{"damage":2,"enemies":"3 Shapes","floor":37,"turns":4},{"damage":0,"enemies":"3 Darklings","floor":38,"turns":5},{"damage":34,"enemies":"Reptomancer","floor":40,"turns":7},{"damage":4,"enemies":"Spire Growth","floor":41,"turns":3},{"damage":6,"enemies":"Giant Head","floor":42,"turns":9},{"damage":0,"enemies":"Sphere and 2 Shapes","floor":44,"turns":2},{"damage":2,"enemies":"Reptomancer","floor":45,"turns":5},{"damage":25,"enemies":"Jaw Worm Horde","floor":46,"turns":4},{"damage":14,"enemies":"Nemesis","floor":47,"turns":5},{"damage":0,"enemies":"4 Shapes","floor":48,"turns":3},{"damage":3,"enemies":"Time Eater","floor":50,"turns":5},{"damage":7,"enemies":"Donu and Deca","floor":51,"turns":8},{"damage":3,"enemies":"Shield and Spear","floor":55,"turns":2},{"damage":41,"enemies":"The Heart","floor":56,"turns":8}],"seed_played":"-5389295688741066860","potions_obtained":[{"floor":5.0,"key":"Ancient Potion"},{"floor":10.0,"key":"CultistPotion"},{"floor":12.0,"key":"AttackPotion"},{"floor":14.0,"key":"Strength Potion"},{"floor":16.0,"key":"Explosive Potion"},{"floor":25.0,"key":"Strength Potion"},{"floor":29.0,"key":"DistilledChaos"},{"floor":38,"key":"LiquidMemories"},{"floor":42,"key":"SpeedPotion"},{"floor":45,"key":"Ancient Potion"},{"floor":46,"key":"AttackPotion"},{"floor":48,"key":"LiquidMemories"},{"floor":55,"key":"Fire Potion"}],"is_trial":false,"path_per_floor":["M","?","?","?","M","E","$","E","T","M","E","M","E","M","R","B",null,"M","?","M","M","T","E","R","E","T","$","R","M","E","M","R","B",null,"M","?","M","M","?","E","M","E","T","M","E","M","E","M","R","B","B",null,"R","$","E","B",null],"character_chosen":"IRONCLAD","items_purchased":["Barricade","Evolve","Apotheosis"],"campfire_rested":0,"item_purchase_floors":[27,54,54],"current_hp_per_floor":[74,51,56,56,62,68,68,52,52,56,55,60,45,49,49,21,65,70,70,67,51,51,59,59,56,56,56,56,63,63,71,71,61,81,69,69,75,83,83,55,59,61,61,69,75,58,52,58,58,61,60,93,93,93,98,63],"gold":36,"neow_bonus":"THREE_ENEMY_KILL","is_daily":false,"chose_seed":false,"campfire_upgraded":5,"win_rate":0.0,"timestamp":1608076924,"path_taken":["M","?","?","?","M","E","$","E","T","M","E","M","E","M","R","BOSS","M","?","?","M","?","E","R","E","T","$","R","M","E","?","R","BOSS","M","?","M","?","?","E","M","E","T","M","E","?","E","M","R","BOSS","BOSS","R","$","E","BOSS"],"items_purchased_type":["Card","Card","Card"],"build_version":"2020-12-13","purchased_purges":3,"victory":true,"max_hp_per_floor":[75,75,80,80,80,80,80,80,80,80,80,80,80,80,80,80,80,80,80,80,80,80,82,82,84,84,84,84,86,86,88,88,88,88,88,88,90,92,92,92,94,96,96,98,100,102,104,104,104,104,104,104,104,104,106,106],"relic_stats":{"Darkstone Periapt":0,"Singing Bowl":26,"counters":[34,172],"Dead Branch":[320],"StoneCalendar":[70],"Bag of Preparation":[14],"Letter Opener":[430],"War Paint":["Defend_R","Defend_R"],"Burning Blood":204,"Centennial Puzzle":[63],"Busted Crown":24,"Bronze Scales":[96],"Kunai":[2],"obtain_stats":[{"Darkstone Periapt":11,"Potion Belt":30,"NeowsBlessing":0,"Singing Bowl":22,"Dead Branch":23,"StoneCalendar":47,"Omamori":39,"Bag of Preparation":45,"Letter Opener":8,"War Paint":25,"Burning Blood":0,"Akabeko":40,"Anchor":9,"Centennial Puzzle":13,"Busted Crown":34,"Bronze Scales":55,"Molten Egg 2":43,"Mark of Pain":17,"Kunai":42,"Red Skull":6},{"Darkstone Periapt":6,"Potion Belt":17,"NeowsBlessing":0,"Singing Bowl":13,"Dead Branch":14,"StoneCalendar":29,"Omamori":22,"Bag of Preparation":27,"Letter Opener":4,"War Paint":15,"Burning Blood":0,"Akabeko":23,"Anchor":4,"Centennial Puzzle":8,"Busted Crown":19,"Bronze Scales":33,"Molten Egg 2":25,"Mark of Pain":10,"Kunai":25,"Red Skull":3},{"Darkstone Periapt":28,"Potion Belt":79,"NeowsBlessing":0,"Singing Bowl":60,"Dead Branch":67,"StoneCalendar":146,"Omamori":111,"Bag of Preparation":137,"Letter Opener":9,"War Paint":70,"Burning Blood":0,"Akabeko":118,"Anchor":9,"Centennial Puzzle":35,"Busted Crown":97,"Bronze Scales":164,"Molten Egg 2":130,"Mark of Pain":49,"Kunai":130,"Red Skull":4}]},"card_choices":[{"not_picked":["Anger","Iron Wave"],"picked":"Shrug It Off","floor":1.0},{"not_picked":["Shrug It Off","Demon Form"],"picked":"Feel No Pain","floor":5.0},{"not_picked":["Dark Embrace","Juggernaut"],"picked":"Fiend Fire","floor":6.0},{"not_picked":["Twin Strike","Perfected Strike"],"picked":"Reckless Charge","floor":8.0},{"not_picked":["Sever Soul","Intimidate","Perfected Strike"],"picked":"SKIP","floor":10.0},{"not_picked":["Cleave","Rampage","Perfected Strike"],"picked":"SKIP","floor":11.0},{"not_picked":["Cleave","Perfected Strike"],"picked":"Rampage","floor":11.0},{"not_picked":["Havoc","Clothesline","Perfected Strike"],"picked":"SKIP","floor":12.0},{"not_picked":["Spot Weakness","Bludgeon"],"picked":"Juggernaut","floor":13.0},{"not_picked":["Sword Boomerang","Clothesline","Armaments"],"picked":"SKIP","floor":14.0},{"not_picked":["Shrug It Off","Blood for Blood"],"picked":"Disarm","floor":18.0},{"not_picked":["True Grit","Body Slam","Feel No Pain"],"picked":"SKIP","floor":20.0},{"not_picked":["Headbutt+1","Sword Boomerang"],"picked":"Rage","floor":21.0},{"not_picked":["Heavy Blade","Ghostly Armor","Shrug It Off"],"picked":"Singing Bowl","floor":23.0},{"not_picked":["Rampage","Feel No Pain","Warcry"],"picked":"Singing Bowl","floor":25.0},{"not_picked":["Havoc","Heavy Blade","Thunderclap"],"picked":"Singing Bowl","floor":29.0},{"not_picked":["Dual Wield","Juggernaut"],"picked":"Entrench","floor":30.0},{"not_picked":["Dark Embrace","Entrench","Inflame"],"picked":"Singing Bowl","floor":31.0},{"not_picked":["Reaper","Barricade"],"picked":"Impervious","floor":33.0},{"not_picked":[],"picked":"True Grit+1","floor":35},{"not_picked":["Flex"],"picked":"Singing Bowl","floor":37},{"not_picked":["Havoc"],"picked":"Singing Bowl","floor":38},{"not_picked":[],"picked":"Burning Pact+1","floor":40},{"not_picked":["Headbutt"],"picked":"Singing Bowl","floor":41},{"not_picked":["Shrug It Off"],"picked":"Singing Bowl","floor":42},{"not_picked":["Clash+1"],"picked":"Singing Bowl","floor":44},{"not_picked":["Headbutt+1"],"picked":"Singing Bowl","floor":45},{"not_picked":["Whirlwind+1"],"picked":"Singing Bowl","floor":46},{"not_picked":["Brutality"],"picked":"Singing Bowl","floor":47},{"not_picked":[],"picked":"Pommel Strike+1","floor":48},{"not_picked":["Headbutt+1"],"picked":"Singing Bowl","floor":55}],"player_experience":3184752,"relics_obtained":[{"floor":6.0,"key":"Red Skull"},{"floor":8.0,"key":"Letter Opener"},{"floor":9.0,"key":"Anchor"},{"floor":11.0,"key":"Darkstone Periapt"},{"floor":13.0,"key":"Centennial Puzzle"},{"floor":22.0,"key":"Singing Bowl"},{"floor":23.0,"key":"Dead Branch"},{"floor":25.0,"key":"War Paint"},{"floor":30.0,"key":"Potion Belt"},{"floor":40,"key":"Akabeko"},{"floor":42,"key":"Kunai"},{"floor":43,"key":"Molten Egg 2"},{"floor":45,"key":"Bag of Preparation"},{"floor":47,"key":"StoneCalendar"},{"floor":55,"key":"Bronze Scales"}],"event_choices":[{"damage_healed":0.0,"max_hp_gain":0.0,"max_hp_loss":0.0,"gold_gain":0.0,"event_name":"Shining Light","player_choice":"Entered Light","floor":2.0,"gold_loss":0.0,"damage_taken":23.0,"cards_upgraded":["Strike_R","Strike_R"]},{"damage_healed":0.0,"max_hp_gain":5.0,"max_hp_loss":0.0,"gold_gain":0.0,"event_name":"Big Fish","player_choice":"Donut","floor":3.0,"gold_loss":0.0,"damage_taken":0.0},{"cards_removed":["Strike_R"],"damage_healed":0.0,"max_hp_gain":0.0,"max_hp_loss":0.0,"gold_gain":0.0,"event_name":"The Cleric","player_choice":"Card Removal","floor":4.0,"gold_loss":75.0,"damage_taken":0.0},{"damage_healed":0.0,"max_hp_gain":0.0,"max_hp_loss":0.0,"gold_gain":0.0,"event_name":"Match and Keep!","player_choice":"0 cards matched","floor":19.0,"gold_loss":0.0,"damage_taken":0.0,"cards_obtained":[]},{"damage_healed":0,"gold_gain":0,"cards_transformed":["Rampage","Bash"],"player_choice":"Transformed Cards","damage_taken":0,"max_hp_gain":0,"max_hp_loss":0,"event_name":"Designer","floor":36,"gold_loss":75,"cards_obtained":["Havoc","Pummel"]},{"damage_healed":0,"gold_gain":0,"player_choice":"Gave Potion","damage_taken":0,"relics_obtained":["Omamori"],"max_hp_gain":0,"max_hp_loss":0,"event_name":"WeMeetAgain","floor":39,"gold_loss":0}],"is_beta":false,"boss_relics":[{"not_picked":["Snecko Eye","Ectoplasm"],"picked":"Mark of Pain"},{"not_picked":["Fusion Hammer","Runic Pyramid"],"picked":"Busted Crown"}],"items_purged_floors":[7,27,54],"is_endless":false,"potions_floor_spawned":[5,10,12,14,16,18,25,29,38,42,45,46,48,55],"ascension_level":20}}