{"host":"jn2qdns2nxijvlnt","time":1608103383,"event":{"mods":["BaseMod","Minty Spire (QoL Compilation)","Quick Restart"],"gold_per_floor":[114,132,151,301,301,329,329,329,375,391,422,440,460,489,489,566,566,577,577,42,60,74,74,100,116,116,129,129,129,156,168,168,168,168],"floor_reached":33,"playtime":1374,"items_purged":[],"score":743,"play_id":"5fc0102d-cdcf-4318-951b-ad150fea5447","local_time":"20201216022303","is_ascension_mode":true,"campfire_choices":[{"data":"Perfected Strike","floor":7.0,"key":"SMITH"},{"floor":15.0,"key":"REST"},{"floor":23.0,"key":"REST"},{"data":"Double Tap","floor":29,"key":"SMITH"},{"data":"Shockwave","floor":32,"key":"SMITH"}],"circlet_count":0,"master_deck":["AscendersBane","Strike_R","Strike_R","Strike_R","Strike_R","Strike_R","Defend_R","Defend_R","Defend_R","Bash","Pommel Strike","Perfected Strike","Twin Strike","Perfected Strike+1","Clothesline","Cleave","Dropkick","Twin Strike","Shrug It Off","Impervious","Double Tap+1","Cleave","Intimidate","Bash","Seeing Red","Pommel Strike","Pommel Strike","Twin Strike","Twin Strike","Shockwave+1"],"relics":["Burning Blood","NeowsBlessing","Toy Ornithopter","Boot","Paper Frog","FossilizedHelix","Philosopher\u0027s Stone","Membership Card","Vajra","Peace Pipe","Smiling Mask","Bottled Flame","MutagenicStrength","Bag of Preparation"],"acts_visited":["Exordium","TheCity"],"potions_floor_usage":[24,30,33],"damage_taken":[{"damage":0.0,"enemies":"Cultist","floor":1.0,"turns":1.0},{"damage":0.0,"enemies":"2 Louse","floor":2.0,"turns":1.0},{"damage":0.0,"enemies":"Small Slimes","floor":3.0,"turns":1.0},{"damage":35.0,"enemies":"3 Sentries","floor":6.0,"turns":7.0},{"damage":11.0,"enemies":"Looter","floor":10.0,"turns":2.0},{"damage":8.0,"enemies":"Gremlin Nob","floor":11.0,"turns":3.0},{"damage":13.0,"enemies":"Red Slaver","floor":12.0,"turns":3.0},{"damage":8.0,"enemies":"Blue Slaver","floor":13.0,"turns":2.0},{"damage":30.0,"enemies":"Lagavulin","floor":14.0,"turns":5.0},{"damage":0.0,"enemies":"Slime Boss","floor":16.0,"turns":5.0},{"damage":22.0,"enemies":"3 Byrds","floor":18.0,"turns":3.0},{"damage":0.0,"enemies":"2 Thieves","floor":21.0,"turns":2.0},{"damage":24.0,"enemies":"Centurion and Healer","floor":22.0,"turns":5.0},{"damage":18,"enemies":"Gremlin Leader","floor":24,"turns":5},{"damage":9,"enemies":"Shelled Parasite and Fungi","floor":25,"turns":3},{"damage":0,"enemies":"Snake Plant","floor":27,"turns":2},{"damage":25,"enemies":"Slavers","floor":30,"turns":3},{"damage":0,"enemies":"Centurion and Healer","floor":31,"turns":3},{"damage":82,"enemies":"Automaton","floor":33,"turns":6}],"seed_played":"-2001561720935790830","potions_obtained":[{"floor":2.0,"key":"Regen Potion"},{"floor":10.0,"key":"Explosive Potion"},{"floor":14.0,"key":"SkillPotion"},{"floor":21.0,"key":"Regen Potion"},{"floor":25,"key":"HeartOfIron"},{"floor":27,"key":"BloodPotion"}],"is_trial":false,"path_per_floor":["M","M","M","?","?","E","R","?","T","M","E","M","M","E","R","B",null,"M","?","$","M","M","R","E","M","T","M","?","R","E","M","R","B"],"character_chosen":"IRONCLAD","items_purchased":["Membership Card","Vajra","Seeing Red","DuplicationPotion","Peace Pipe","Pommel Strike","BlessingOfTheForge"],"campfire_rested":2,"item_purchase_floors":[20,20,20,20,20,20,20],"current_hp_per_floor":[74,75,75,75,75,61,61,61,61,56,54,47,45,21,43,59,71,55,55,55,71,53,75,73,70,70,75,75,75,75,75,75,0,0],"gold":168,"neow_bonus":"THREE_ENEMY_KILL","is_daily":false,"chose_seed":false,"campfire_upgraded":3,"win_rate":0.0,"timestamp":1608103383,"path_taken":["M","?","M","?","?","E","R","?","T","M","E","?","M","E","R","BOSS","M","?","$","?","?","R","E","M","T","M","?","R","E","M","R","BOSS"],"items_purchased_type":["Relic","Relic","Card","Potion","Relic","Card","Potion"],"build_version":"2020-12-13","purchased_purges":0,"victory":false,"max_hp_per_floor":[75,75,75,75,75,75,75,75,75,75,75,75,75,75,75,75,75,75,75,75,75,75,75,75,75,75,75,75,75,75,75,75,75,75],"card_choices":[{"not_picked":["Sword Boomerang","Warcry"],"picked":"Pommel Strike","floor":1.0},{"not_picked":["Rupture","Clothesline"],"picked":"Perfected Strike","floor":2.0},{"not_picked":["Heavy Blade","Carnage"],"picked":"Twin Strike","floor":3.0},{"not_picked":["Twin Strike","Warcry"],"picked":"Perfected Strike","floor":6.0},{"not_picked":["Sword Boomerang","Battle Trance"],"picked":"Cleave","floor":10.0},{"not_picked":["Evolve","Flex"],"picked":"Dropkick","floor":11.0},{"not_picked":["True Grit","Burning Pact"],"picked":"Twin Strike","floor":12.0},{"not_picked":["Whirlwind","Combust"],"picked":"Shrug It Off","floor":13.0},{"not_picked":["Hemokinesis","Shockwave"],"picked":"Impervious","floor":14.0},{"not_picked":["Impervious","Limit Break"],"picked":"Double Tap","floor":16.0},{"not_picked":["Sever Soul","Body Slam"],"picked":"Cleave","floor":18.0},{"not_picked":["Flex","Wild Strike","Entrench+1"],"picked":"SKIP","floor":21.0},{"not_picked":["Armaments","Headbutt"],"picked":"Pommel Strike","floor":22.0},{"not_picked":["Warcry","Thunderclap","Whirlwind"],"picked":"SKIP","floor":24},{"not_picked":["Fire Breathing","Wild Strike+1"],"picked":"Twin Strike","floor":25},{"not_picked":["Fire Breathing","Shrug It Off"],"picked":"Twin Strike","floor":27},{"not_picked":["Power Through","Shrug It Off"],"picked":"Shockwave","floor":30},{"not_picked":["Second Wind","Entrench","Dark Embrace"],"picked":"SKIP","floor":31}],"player_experience":423252,"relics_obtained":[{"floor":6.0,"key":"Toy Ornithopter"},{"floor":9.0,"key":"Boot"},{"floor":11.0,"key":"Paper Frog"},{"floor":14.0,"key":"FossilizedHelix"},{"floor":24,"key":"Smiling Mask"},{"floor":26,"key":"Bottled Flame"},{"floor":30,"key":"Bag of Preparation"}],"event_choices":[{"damage_healed":0.0,"max_hp_gain":0.0,"max_hp_loss":0.0,"gold_gain":150.0,"event_name":"Liars Game","player_choice":"AGREE","floor":4.0,"gold_loss":0.0,"damage_taken":0.0,"cards_obtained":["Doubt"]},{"cards_removed":["Doubt"],"damage_healed":0.0,"max_hp_gain":0.0,"max_hp_loss":0.0,"gold_gain":0.0,"event_name":"Living Wall","player_choice":"Forget","floor":5.0,"gold_loss":0.0,"damage_taken":0.0},{"damage_healed":0.0,"max_hp_gain":0.0,"max_hp_loss":0.0,"gold_gain":0.0,"cards_transformed":["Defend_R"],"event_name":"Transmorgrifier","player_choice":"Transformed","floor":8.0,"gold_loss":0.0,"damage_taken":0.0,"cards_obtained":["Clothesline"]},{"damage_healed":0.0,"max_hp_gain":0.0,"max_hp_loss":0.0,"gold_gain":0.0,"event_name":"Match and Keep!","player_choice":"2 cards matched","floor":19.0,"gold_loss":0.0,"damage_taken":0.0,"cards_obtained":["Intimidate","Bash"]},{"damage_healed":0,"gold_gain":0,"player_choice":"Inject Mutagens","damage_taken":0,"relics_obtained":["MutagenicStrength"],"max_hp_gain":0,"max_hp_loss":0,"event_name":"Drug Dealer","floor":28,"gold_loss":0}],"is_beta":false,"boss_relics":[{"not_picked":["Astrolabe","Sozu"],"picked":"Philosopher\u0027s Stone"}],"items_purged_floors":[],"is_endless":false,"potions_floor_spawned":[2,10,14,21,25,27],"killed_by":"Automaton","ascension_level":20}}