{"host":"557iavmgkmyrqkcw","time":1608103076,"event":{"mods":["2.2 Compatiblity","AchievementEnabler","BaseMod","Better Note","Better Sensory Stone","Better Third Choice","Downfall","Friendly Minions","HololiveMod","Marisa????????","Minty Spire (QoL Compilation)","Replay The Spire","StSLib","The Alterego","The Fake Hero","The IronCluck","The Servant 0.9.4","Waifu the Spire"],"gold_per_floor":[99,128,53,136,174,174,174,197,217,261,286,315,348,390,427,549,549,474,537,344,407,432,487,536,461,510,510,510,541,80,109,146,268,268,268,277,297,297,326,394,406,418,499,511,576,609,391,391,420,420,420,454,61,61,61],"floor_reached":56,"playtime":6428,"items_purged":["sneckomod:Strike"],"score":1778,"play_id":"8098ede7-8ce2-49df-a3b5-1a068efb1add","local_time":"20201215231756","is_ascension_mode":true,"campfire_choices":[{"floor":1,"key":"RECALL"},{"data":"sneckomod:CheapStock","floor":3,"key":"SMITH"},{"data":"sneckomod:MasterEye","floor":6,"key":"SMITH"},{"data":"sneckomod:UnknownRarePower","floor":18,"key":"SMITH"},{"data":"sneckomod:TrashToTreasure","floor":25,"key":"SMITH"},{"data":"sneckomod:UnknownRareAttack","floor":27,"key":"SMITH"},{"data":"sneckomod:WideSting","floor":27,"key":"SMITH"},{"data":"sneckomod:UnknownColorless","floor":35,"key":"SMITH"},{"data":"sneckomod:SerpentMind","floor":35,"key":"SMITH"},{"data":"Replay:SS_forest_6","floor":38,"key":"SMITH"},{"data":"sneckomod:UnknownX","floor":38,"key":"SMITH"},{"data":"sneckomod:SerpentIdol","floor":42,"key":"SMITH"},{"data":"sneckomod:DefensiveFlair","floor":42,"key":"SMITH"},{"data":"sneckomod:Mudshield","floor":44,"key":"SMITH"},{"data":"sneckomod:Unknown3Cost","floor":44,"key":"SMITH"},{"data":"Apotheosis","floor":54,"key":"SMITH"},{"data":"expansioncontent:DonusPower","floor":54,"key":"SMITH"}],"circlet_count":0,"master_deck":["sneckomod:Strike","sneckomod:Strike","sneckomod:Defend","sneckomod:Defend","sneckomod:Defend","sneckomod:TailWhip+1","sneckomod:SnekBite","sneckomod:Unknown","sneckomod:Unknown","sneckomod:CheapStock+1","sneckomod:MasterEye+1","sneckomod:UnknownEthereal","sneckomod:UnknownClassPURPLE","sneckomod:WideSting+1","sneckomod:UnknownCommonAttack","sneckomod:UnknownClassPURPLE","sneckomod:UnknownClassGUARDIAN","sneckomod:SoulCleanse","hexamod:FifthSeal","sneckomod:IronFang","hexamod:FourthSeal","sneckomod:UnknownUncommonAttack","hexamod:FirstSeal","sneckomod:UnknownRarePower+1","hexamod:ThirdSeal","hexamod:SecondSeal","sneckomod:MorePower","sneckomod:UnknownX+1","sneckomod:Unknown2Cost+1","sneckomod:UnknownStrength+1","sneckomod:UnknownClassAchievements+1","sneckomod:TrashToTreasure+1","sneckomod:UnknownUncommonPower","sneckomod:Unknown3Cost+1","sneckomod:SnakeSap+1","sneckomod:Unknown2Cost","hexamod:FifthSeal","sneckomod:UnknownClassLUKA_PURPLE_COLOR","sneckomod:SerpentIdol+1","sneckomod:UnknownRareAttack+1","sneckomod:UnknownClassGREEN+1","Replay:SS_forest_6+1","sneckomod:SerpentMind+1","sneckomod:DefensiveFlair+1","sneckomod:UnknownVulnerable","sneckomod:UnknownRareAttack+1","sneckomod:UnknownBlock+1","sneckomod:UnknownRareSkill+1","sneckomod:UnknownEthereal+1","sneckomod:UnknownClassHololive_BLUE+1","sneckomod:Unknown3Cost+1","sneckomod:UnknownColorless+1","sneckomod:UnknownRarePower+1","sneckomod:UnknownClassSILVER+1","sneckomod:Unknown3Cost+1","sneckomod:Unknown0Cost","sneckomod:UnknownColorless+1","sneckomod:Mudshield+1","Parasite","sneckomod:UnknownRarePower","sneckomod:UnknownClassHololive_BLUE","sneckomod:Restock","sneckomod:UnknownClassHEXA_GHOST_PURPLE+1","Apotheosis+1","sneckomod:UnknownClassHololive_BLUE+1","sneckomod:UnknownClassGUARDIAN+1","expansioncontent:DonusPower+1"],"relics":["Painkiller Herb","Turnip","downfall:HeartBlessingRed","CeramicFish","Vajra","Matryoshka","Replay:Rubber Ducky","Runic Dome","downfall:HeartBlessingGreen","Dead Branch","Medical Kit","Juzu Bracelet","Bronze Scales","downfall:HeartBlessingBlue","Replay:Arrowhead","Red Mask","BargainBundle","PreservedInsect","Bag of Preparation","Coffee Dripper","MawBank","Whetstone","Nunchaku","Pear","Prayer Wheel","Prayer Wheel","Oddly Smooth Stone","Replay:Bottled Snecko","Prayer Wheel","Boot","Gambling Chip"],"acts_visited":["Exordium","TheCity","TheBeyond","TheEnding"],"potions_floor_usage":[10,16,16,16,19,20,26,29,55,55,55,55,55,55,55],"damage_taken":[{"damage":0,"enemies":"Gremlin Nob","floor":2,"turns":1},{"damage":21,"enemies":"Lagavulin","floor":5,"turns":5},{"damage":11,"enemies":"Jaw Worm","floor":8,"turns":2},{"damage":7,"enemies":"Small Slimes","floor":9,"turns":2},{"damage":16,"enemies":"Gremlin Nob","floor":10,"turns":3},{"damage":0,"enemies":"Cultist","floor":11,"turns":3},{"damage":4,"enemies":"Blue Slaver","floor":12,"turns":3},{"damage":16,"enemies":"Gremlin Gang","floor":13,"turns":4},{"damage":0,"enemies":"Exordium Wildlife","floor":14,"turns":3},{"damage":1,"enemies":"3 Louse","floor":15,"turns":4},{"damage":0,"enemies":"downfall:Ironclad","floor":16,"turns":8},{"damage":9,"enemies":"Book of Stabbing","floor":19,"turns":5},{"damage":0,"enemies":"downfall:FleeingMerchant","floor":20,"turns":4},{"damage":11,"enemies":"Gremlin Leader","floor":21,"turns":5},{"damage":8,"enemies":"Chosen","floor":22,"turns":5},{"damage":0,"enemies":"Spheric Guardian","floor":23,"turns":3},{"damage":6,"enemies":"Book of Stabbing","floor":26,"turns":3},{"damage":0,"enemies":"Masked Bandits","floor":29,"turns":1},{"damage":0,"enemies":"downfall:FleeingMerchant","floor":30,"turns":4},{"damage":0,"enemies":"Chosen and Byrds","floor":31,"turns":4},{"damage":4,"enemies":"Snake Plant","floor":32,"turns":4},{"damage":0,"enemies":"downfall:Defect","floor":33,"turns":6},{"damage":0,"enemies":"Orb Walker","floor":37,"turns":5},{"damage":15,"enemies":"3 Darklings","floor":39,"turns":4},{"damage":0,"enemies":"Giant Head","floor":40,"turns":3},{"damage":0,"enemies":"Reptomancer","floor":43,"turns":6},{"damage":0,"enemies":"Writhing Mass","floor":45,"turns":6},{"damage":0,"enemies":"Spire Growth","floor":46,"turns":3},{"damage":0,"enemies":"downfall:FleeingMerchant","floor":47,"turns":3},{"damage":0,"enemies":"Maw","floor":49,"turns":6},{"damage":0,"enemies":"downfall:Watcher","floor":50,"turns":5},{"damage":0,"enemies":"downfall:CharBossMerchant","floor":52,"turns":6},{"damage":2,"enemies":"downfall:NeowBoss","floor":55,"turns":14}],"seed_played":"6118803222844593751","potions_obtained":[{"floor":2,"key":"Dexterity Potion"},{"floor":4,"key":"Elixir"},{"floor":9,"key":"Adrenaline Potion"},{"floor":10,"key":"sneckomod:MuddlingPotion"},{"floor":13,"key":"EssenceOfSteel"},{"floor":14,"key":"EssenceOfSteel"},{"floor":16,"key":"Weak Potion"},{"floor":19,"key":"AttackPotion"},{"floor":23,"key":"FearPotion"},{"floor":26,"key":"Slimebound:ThreeZeroPotion"},{"floor":28,"key":"CultistPotion"},{"floor":29,"key":"Elixir"}],"is_trial":false,"path_per_floor":["T","E","T","?","E","T","T","?","?","E","?","?","?","?","?","B",null,"T","E","T","E","?","?","T","T","E","T","?","?","T","?","?","B",null,"T","?","?","T","?","E","T","T","E","T","?","?","T","?","?","B",null,"E","T","T","B",null],"character_chosen":"THE_SNECKO","items_purchased":["Medical Kit","sneckomod:UnknownUncommonPower","BargainBundle","PreservedInsect","Bag of Preparation","Replay:SS_forest_6","Dexterity Potion","sneckomod:SerpentMind","sneckomod:DefensiveFlair","sneckomod:UnknownVulnerable","Apotheosis","Oddly Smooth Stone","Replay:Bottled Snecko","expansioncontent:DonusPower","Gambling Chip"],"campfire_rested":0,"item_purchase_floors":[20,20,30,30,30,30,30,30,30,30,47,47,47,53,53],"current_hp_per_floor":[90,90,90,90,69,69,69,58,51,35,35,38,22,22,21,28,90,90,88,90,90,89,90,90,100,94,94,94,94,100,100,100,100,100,100,100,100,100,100,100,100,100,110,110,110,110,110,110,110,110,110,110,110,110,110],"gold":61,"neow_bonus":"BOSS_RELIC","is_daily":false,"chose_seed":false,"campfire_upgraded":16,"win_rate":0.0,"timestamp":1608103076,"path_taken":["T","E","T","?","E","T","T","?","?","E","?","?","?","?","?","BOSS","T","E","T","E","?","?","T","T","E","T","?","?","T","?","?","BOSS","T","?","?","T","?","E","T","T","E","T","?","?","T","?","?","BOSS","E","T","T","BOSS"],"items_purchased_type":["Relic","Card","Relic","Relic","Relic","Card","Potion","Card","Card","Card","Card","Relic","Relic","Card","Relic"],"build_version":"2020-12-13","purchased_purges":1,"victory":true,"max_hp_per_floor":[90,90,90,90,90,90,90,90,90,90,90,90,90,90,90,90,90,90,90,90,90,90,90,90,100,100,100,100,100,100,100,100,100,100,100,100,100,100,100,100,100,100,110,110,110,110,110,110,110,110,110,110,110,110,110],"card_choices":[{"not_picked":["sneckomod:Nope","sneckomod:QuickMove"],"picked":"sneckomod:CheapStock","floor":2},{"not_picked":["sneckomod:DiceCrush","sneckomod:RainOfDice"],"picked":"sneckomod:MasterEye","floor":4},{"not_picked":["sneckomod:UnknownClassHEXA_GHOST_PURPLE","sneckomod:UnknownCommonSkill"],"picked":"sneckomod:UnknownEthereal","floor":4},{"not_picked":["sneckomod:UnknownCommonSkill","sneckomod:RainOfDice"],"picked":"sneckomod:UnknownClassPURPLE","floor":5},{"not_picked":["sneckomod:DiceCrush","sneckomod:SoulRoll"],"picked":"sneckomod:WideSting","floor":8},{"not_picked":["sneckomod:SoulDraw","sneckomod:DiceBlock"],"picked":"sneckomod:UnknownCommonAttack","floor":9},{"not_picked":["sneckomod:DiceCrush","sneckomod:DangerNoodle"],"picked":"sneckomod:UnknownClassPURPLE","floor":10},{"not_picked":["sneckomod:WideSting","sneckomod:PureSnecko"],"picked":"sneckomod:UnknownClassGUARDIAN","floor":11},{"not_picked":["sneckomod:UnknownEthereal","sneckomod:QuickMove"],"picked":"sneckomod:SoulCleanse","floor":12},{"not_picked":["hexamod:FirstSeal","hexamod:FourthSeal"],"picked":"hexamod:FifthSeal","floor":13},{"not_picked":["sneckomod:QuickMove","sneckomod:DiceBoulder"],"picked":"sneckomod:IronFang","floor":13},{"not_picked":["hexamod:FifthSeal","hexamod:SecondSeal"],"picked":"hexamod:FourthSeal","floor":14},{"not_picked":["sneckomod:QuickMove","sneckomod:RainOfDice"],"picked":"sneckomod:UnknownUncommonAttack","floor":14},{"not_picked":["hexamod:SecondSeal","hexamod:FourthSeal"],"picked":"hexamod:FirstSeal","floor":15},{"not_picked":["sneckomod:UnknownCommonSkill","sneckomod:Nope"],"picked":"sneckomod:UnknownRarePower","floor":15},{"not_picked":["hexamod:FourthSeal","hexamod:FifthSeal"],"picked":"hexamod:ThirdSeal","floor":16},{"not_picked":["hexamod:ThirdSeal","hexamod:FourthSeal"],"picked":"hexamod:SecondSeal","floor":16},{"not_picked":["sneckomod:Unknown3Cost","sneckomod:DangerNoodle"],"picked":"sneckomod:MorePower","floor":16},{"not_picked":["hexamod:ThirdSeal","hexamod:FourthSeal"],"picked":"hexamod:FirstSeal","floor":19},{"not_picked":["sneckomod:Nope","sneckomod:UnknownExhaust"],"picked":"sneckomod:UnknownX","floor":19},{"not_picked":["sneckomod:DiceBlock","sneckomod:QuickBite"],"picked":"sneckomod:Unknown2Cost+1","floor":19},{"not_picked":["sneckomod:UnknownWeak","sneckomod:QuickMove"],"picked":"sneckomod:UnknownStrength+1","floor":20},{"not_picked":["sneckomod:UnknownCommonSkill+1","sneckomod:UnknownStrike+1"],"picked":"sneckomod:UnknownClassAchievements+1","floor":20},{"not_picked":["sneckomod:Restock","sneckomod:QuickMove"],"picked":"sneckomod:TrashToTreasure","floor":20},{"not_picked":["hexamod:FifthSeal","hexamod:SecondSeal","hexamod:FourthSeal"],"picked":"SKIP","floor":20},{"not_picked":["sneckomod:UnknownClassRED+1","sneckomod:UnknownClassGREEN+1"],"picked":"sneckomod:Unknown3Cost+1","floor":21},{"not_picked":["sneckomod:SnekBeam","sneckomod:UnknownCommonAttack"],"picked":"sneckomod:SnakeSap","floor":21},{"not_picked":["sneckomod:Unknown1Cost","sneckomod:UnknownStrike+1"],"picked":"sneckomod:Unknown2Cost","floor":21},{"not_picked":["hexamod:FourthSeal","hexamod:ThirdSeal","hexamod:FirstSeal"],"picked":"SKIP","floor":21},{"not_picked":["sneckomod:UnknownWeak","sneckomod:QuickBite","sneckomod:Unknown2Cost"],"picked":"SKIP","floor":22},{"not_picked":["hexamod:FirstSeal","hexamod:ThirdSeal"],"picked":"hexamod:FifthSeal","floor":23},{"not_picked":["sneckomod:UnknownEthereal","sneckomod:Nope"],"picked":"sneckomod:UnknownClassLUKA_PURPLE_COLOR","floor":23},{"not_picked":["sneckomod:UnknownBlock","sneckomod:QuickBite"],"picked":"sneckomod:SerpentIdol","floor":23},{"not_picked":["sneckomod:ImprovisedGuard","sneckomod:DiceBlock"],"picked":"sneckomod:UnknownRareAttack","floor":26},{"not_picked":["sneckomod:DiceBlock","sneckomod:SnekBeam"],"picked":"sneckomod:UnknownClassGREEN+1","floor":30},{"not_picked":["hexamod:FourthSeal","hexamod:FifthSeal","hexamod:FirstSeal"],"picked":"SKIP","floor":30},{"not_picked":["hexamod:ThirdSeal","hexamod:FirstSeal","hexamod:FourthSeal"],"picked":"SKIP","floor":30},{"not_picked":["sneckomod:UnknownWeak+1","sneckomod:UnknownClassSILVER+1"],"picked":"sneckomod:UnknownRareAttack+1","floor":31},{"not_picked":["sneckomod:UnknownWeak","sneckomod:QuickMove"],"picked":"sneckomod:UnknownBlock+1","floor":31},{"not_picked":["sneckomod:UnknownDexterity+1","sneckomod:UnknownClassPURPLE+1"],"picked":"sneckomod:UnknownRareSkill+1","floor":32},{"not_picked":["sneckomod:UnknownCommonAttack","sneckomod:UnknownExhaust"],"picked":"sneckomod:UnknownEthereal+1","floor":32},{"not_picked":["sneckomod:WideSting","sneckomod:UnknownCommonSkill"],"picked":"sneckomod:UnknownClassHololive_BLUE+1","floor":32},{"not_picked":["hexamod:FirstSeal","hexamod:ThirdSeal","hexamod:FourthSeal"],"picked":"SKIP","floor":32},{"not_picked":["hexamod:SecondSeal","hexamod:ThirdSeal","hexamod:FourthSeal"],"picked":"SKIP","floor":32},{"not_picked":["sneckomod:UnknownClassLUKA_PURPLE_COLOR+1","sneckomod:UnknownClassMARISA_COLOR+1"],"picked":"sneckomod:Unknown3Cost+1","floor":33},{"not_picked":["sneckomod:Mudshield","sneckomod:UnknownRareSkill"],"picked":"sneckomod:UnknownColorless","floor":33},{"not_picked":["hexamod:FifthSeal","hexamod:FourthSeal","hexamod:FirstSeal"],"picked":"SKIP","floor":37},{"not_picked":["sneckomod:DiceCrush+1","sneckomod:UnknownClassLUKA_PURPLE_COLOR","sneckomod:UnknownCommonAttack"],"picked":"SKIP","floor":37},{"not_picked":["sneckomod:UnknownCommonAttack","sneckomod:UnknownStrike+1","sneckomod:Nope"],"picked":"SKIP","floor":37},{"not_picked":["sneckomod:UnknownCommonSkill+1","sneckomod:UnknownWeak+1"],"picked":"sneckomod:UnknownClassSILVER+1","floor":39},{"not_picked":["hexamod:FourthSeal","hexamod:FirstSeal","hexamod:ThirdSeal"],"picked":"SKIP","floor":39},{"not_picked":["hexamod:SecondSeal","hexamod:ThirdSeal","hexamod:FifthSeal"],"picked":"SKIP","floor":39},{"not_picked":["sneckomod:DangerNoodle","sneckomod:UnknownWeak+1","sneckomod:SoulCleanse"],"picked":"SKIP","floor":39},{"not_picked":["sneckomod:RainOfDice","sneckomod:QuickMove","sneckomod:DiceBlock+1"],"picked":"SKIP","floor":39},{"not_picked":["sneckomod:WideSting+1","sneckomod:UnknownClassHEXA_GHOST_PURPLE+1"],"picked":"sneckomod:Unknown3Cost","floor":40},{"not_picked":["sneckomod:UnknownCommonSkill","sneckomod:Unknown1Cost","sneckomod:UnknownCommonAttack+1"],"picked":"SKIP","floor":40},{"not_picked":["sneckomod:WideSting+1","sneckomod:UnknownWeak+1"],"picked":"sneckomod:Unknown0Cost","floor":43},{"not_picked":["sneckomod:Unknown2Cost+1","sneckomod:UnknownUncommonPower+1"],"picked":"sneckomod:UnknownColorless+1","floor":43},{"not_picked":["sneckomod:IronFang","sneckomod:UnknownColorless"],"picked":"sneckomod:Mudshield","floor":43},{"not_picked":["hexamod:FifthSeal","hexamod:SecondSeal","hexamod:ThirdSeal"],"picked":"SKIP","floor":43},{"not_picked":["hexamod:FourthSeal","hexamod:FifthSeal","hexamod:ThirdSeal"],"picked":"SKIP","floor":43},{"not_picked":["sneckomod:IronFang","sneckomod:SoulRoll"],"picked":"sneckomod:UnknownRarePower","floor":45},{"not_picked":["sneckomod:UnknownUncommonPower+1","sneckomod:UnknownBlock+1","sneckomod:Unknown2Cost+1"],"picked":"SKIP","floor":45},{"not_picked":["sneckomod:UnknownWeak+1","sneckomod:UnknownClassPURPLE","sneckomod:SoulDraw+1"],"picked":"SKIP","floor":45},{"not_picked":["hexamod:SecondSeal","hexamod:FirstSeal","hexamod:ThirdSeal"],"picked":"SKIP","floor":45},{"not_picked":["hexamod:FifthSeal","hexamod:SecondSeal","hexamod:ThirdSeal"],"picked":"SKIP","floor":45},{"not_picked":["sneckomod:RainOfDice+1","sneckomod:UnknownCommonAttack","sneckomod:Nope"],"picked":"SKIP","floor":45},{"not_picked":["sneckomod:UnknownVulnerable+1","sneckomod:SerpentIdol","sneckomod:QuickBite"],"picked":"SKIP","floor":45},{"not_picked":["sneckomod:UnknownClassHEXA_GHOST_PURPLE+1","sneckomod:QuickMove+1"],"picked":"sneckomod:UnknownClassHololive_BLUE","floor":46},{"not_picked":["sneckomod:DiceCrush","sneckomod:UnknownWeak","sneckomod:QuickBite"],"picked":"SKIP","floor":46},{"not_picked":["sneckomod:SoulDraw+1","sneckomod:UnknownCommonSkill","sneckomod:Unknown1Cost+1"],"picked":"SKIP","floor":46},{"not_picked":["sneckomod:UnknownWeak","sneckomod:MasterEye"],"picked":"sneckomod:Restock","floor":47},{"not_picked":["sneckomod:UnknownUncommonAttack+1","sneckomod:UnknownClassLUKA_PURPLE_COLOR+1"],"picked":"sneckomod:UnknownClassHEXA_GHOST_PURPLE+1","floor":47},{"not_picked":["sneckomod:PureSnecko","sneckomod:UnknownExhaust","sneckomod:QuickMove+1"],"picked":"SKIP","floor":47},{"not_picked":["sneckomod:UnknownClassSLIMEBOUND+1","sneckomod:UnknownWeak+1"],"picked":"sneckomod:UnknownClassHololive_BLUE+1","floor":49},{"not_picked":["sneckomod:Unknown2Cost+1","sneckomod:QuickMove","sneckomod:Unknown0Cost"],"picked":"SKIP","floor":49},{"not_picked":["hexamod:FifthSeal","hexamod:FirstSeal","hexamod:ThirdSeal"],"picked":"SKIP","floor":49},{"not_picked":["sneckomod:Nope","sneckomod:UnknownExhaust","sneckomod:UnknownDexterity"],"picked":"SKIP","floor":49},{"not_picked":["sneckomod:ImprovisedAttack+1","sneckomod:UnknownVulnerable","sneckomod:SerpentIdol+1"],"picked":"SKIP","floor":49},{"not_picked":["sneckomod:WideSting+1","sneckomod:QuickBite+1","sneckomod:Unknown2Cost"],"picked":"SKIP","floor":49},{"not_picked":["sneckomod:Restock","sneckomod:UnknownVulnerable+1","sneckomod:PureSnecko"],"picked":"SKIP","floor":49},{"not_picked":["sneckomod:UnknownClassSILVER+1","sneckomod:UnknownUncommonAttack+1"],"picked":"sneckomod:UnknownClassGUARDIAN+1","floor":52},{"not_picked":["hexamod:ThirdSeal","hexamod:FifthSeal","hexamod:FirstSeal"],"picked":"SKIP","floor":52},{"not_picked":["hexamod:SecondSeal","hexamod:FifthSeal","hexamod:FourthSeal"],"picked":"SKIP","floor":52},{"not_picked":["hexamod:FourthSeal","hexamod:FirstSeal","hexamod:FifthSeal"],"picked":"SKIP","floor":52},{"not_picked":["sneckomod:Unknown0Cost","sneckomod:SoulDraw+1","sneckomod:Nope+1"],"picked":"SKIP","floor":52},{"not_picked":["sneckomod:Unknown2Cost+1","sneckomod:UnknownCommonAttack","sneckomod:SoulDraw"],"picked":"SKIP","floor":52}],"player_experience":559853,"relics_obtained":[{"floor":2,"key":"Turnip"},{"floor":4,"key":"CeramicFish"},{"floor":5,"key":"Vajra"},{"floor":7,"key":"Matryoshka"},{"floor":10,"key":"Replay:Rubber Ducky"},{"floor":19,"key":"Dead Branch"},{"floor":21,"key":"Juzu Bracelet"},{"floor":24,"key":"Bronze Scales"},{"floor":26,"key":"Replay:Arrowhead"},{"floor":29,"key":"Red Mask"},{"floor":40,"key":"MawBank"},{"floor":41,"key":"Whetstone"},{"floor":41,"key":"Nunchaku"},{"floor":43,"key":"Pear"},{"floor":52,"key":"Boot"}],"event_choices":[{"damage_healed":0,"gold_gain":0,"player_choice":"Fought Bandits","damage_taken":0,"max_hp_gain":0,"max_hp_loss":0,"event_name":"Masked Bandits","floor":29,"gold_loss":0},{"damage_healed":0,"gold_gain":0,"player_choice":"Copied","damage_taken":0,"max_hp_gain":0,"max_hp_loss":0,"event_name":"Duplicator","floor":36,"gold_loss":0,"cards_obtained":["sneckomod:UnknownRarePower"]},{"cards_removed":["hexamod:FirstSeal"],"damage_healed":0,"gold_gain":0,"player_choice":"Removed Power","damage_taken":0,"max_hp_gain":0,"max_hp_loss":0,"event_name":"Falling","floor":48,"gold_loss":0}],"is_beta":false,"boss_relics":[{"not_picked":["Ring of Chaos","Ectoplasm"],"picked":"Runic Dome"},{"not_picked":["Runic Pyramid","Sozu"],"picked":"Coffee Dripper"}],"items_purged_floors":[30],"is_endless":false,"potions_floor_spawned":[2,9,10,13,14,23,26,29,31,37,40,46],"ascension_level":1}}