{"host":"i3w38rq1z4slkels","time":1608097266,"event":{"mods":["2.2 Compatiblity","Act Like it!","BaseMod","Better Match","Better Vampires","BetterRewards","Conspire","Downfall","Minty Spire (QoL Compilation)","Rare Cards Sparkle","Replay The Spire","StSLib"],"gold_per_floor":[99,112,112,37,53,53,77,93,18,46,46,64,64,49,60,158,158,83,83,68,68,53,53,122,122,150,150,14,14,29,41,54,154,204,204,232,88,103,117,117,117,117,17,17,17,37,51,101,116,116,116,147,147,147,147],"floor_reached":56,"playtime":3598,"items_purged":["champ:Defend","champ:Strike+1"],"score":1370,"play_id":"1ee87751-ffb9-4913-8c9b-33e44a1e18ba","local_time":"20201216124106","is_ascension_mode":true,"campfire_choices":[{"floor":1,"key":"RECALL"},{"data":"champ:Taunt","floor":4,"key":"SMITH"},{"data":"champ:Shatter","floor":6,"key":"SMITH"},{"data":"champ:Execute","floor":9,"key":"SMITH"},{"data":"champ:Defend","floor":18,"key":"SMITH"},{"data":"champ:Defend","floor":21,"key":"SMITH"},{"data":"champ:Strike","floor":25,"key":"SMITH"},{"data":"champ:Strike","floor":27,"key":"SMITH"},{"data":"champ:EnchantSword","floor":35,"key":"SMITH"},{"data":"champ:FanOfKnives","floor":40,"key":"SMITH"},{"data":"champ:Defend","floor":42,"key":"SMITH"},{"floor":44,"key":"REST"},{"data":"champ:VampiricStrike","floor":54,"key":"SMITH"}],"circlet_count":0,"master_deck":["champ:Strike+1","champ:Strike+1","champ:Defend+1","champ:Defend+1","champ:Execute+1","champ:Taunt+1","champ:Shatter+1","champ:LastStand+1","champ:BerserkerStyle+1","champ:StrikeOfGenius+1","champ:RecklessLeap+1","champ:Improvising+1","champ:FanOfKnives+1","champ:EnchantSword+1","champ:VampiricStrike+1"],"relics":["champ:ChampionCrownUpgraded","downfall:HeartBlessingRed","downfall:HeartBlessingBlue","Frozen Egg 2","downfall:ShatteredFragment","Philosopher\u0027s Stone","downfall:HeartBlessingGreen","MutagenicStrength","InkBottle","Centennial Puzzle","Pantograph","Tiny House","Mango","Vajra","Replay:Accelerometer","Du-Vu Doll","champ:FightingForDummies"],"acts_visited":["Exordium","TheCity","TheBeyond","TheEnding"],"potions_floor_usage":[10,39,39,48,55,55],"damage_taken":[{"damage":9,"enemies":"2 Louse","floor":2,"turns":4},{"damage":13,"enemies":"Small Slimes","floor":5,"turns":3},{"damage":7,"enemies":"conspire:RoseBush","floor":8,"turns":2},{"damage":19,"enemies":"Lagavulin","floor":10,"turns":5},{"damage":22,"enemies":"Exordium Wildlife","floor":12,"turns":3},{"damage":16,"enemies":"downfall:FleeingMerchant","floor":14,"turns":4},{"damage":18,"enemies":"conspire:2 RoseBushes","floor":15,"turns":3},{"damage":35,"enemies":"downfall:Ironclad","floor":16,"turns":6},{"damage":22,"enemies":"downfall:FleeingMerchant","floor":20,"turns":4},{"damage":22,"enemies":"downfall:FleeingMerchant","floor":22,"turns":4},{"damage":57,"enemies":"Gremlin Leader","floor":26,"turns":4},{"damage":10,"enemies":"downfall:FleeingMerchant","floor":28,"turns":2},{"damage":37,"enemies":"3 Byrds","floor":30,"turns":3},{"damage":35,"enemies":"Shell Parasite","floor":31,"turns":2},{"damage":26,"enemies":"Sentry and Sphere","floor":32,"turns":2},{"damage":78,"enemies":"downfall:Defect","floor":33,"turns":6},{"damage":97,"enemies":"conspire:MimicChest","floor":36,"turns":5},{"damage":11,"enemies":"Orb Walker","floor":38,"turns":2},{"damage":44,"enemies":"3 Shapes","floor":39,"turns":2},{"damage":37,"enemies":"Sphere and 2 Shapes","floor":46,"turns":3},{"damage":55,"enemies":"3 Darklings","floor":47,"turns":2},{"damage":48,"enemies":"Mind Bloom Boss Battle","floor":48,"turns":4},{"damage":45,"enemies":"Transient","floor":49,"turns":5},{"damage":97,"enemies":"downfall:Watcher","floor":50,"turns":5},{"damage":123,"enemies":"downfall:CharBossMerchant","floor":52,"turns":6},{"damage":161,"enemies":"downfall:NeowBoss","floor":55,"turns":12}],"seed_played":"3012027246753423179","potions_obtained":[{"floor":2,"key":"Dexterity Potion"},{"floor":8,"key":"SkillPotion"},{"floor":10,"key":"CultistPotion"},{"floor":16,"key":"Energy Potion"},{"floor":34,"key":"champ:TechniquePotion"},{"floor":47,"key":"DuplicationPotion"},{"floor":49,"key":"ColorlessPotion"},{"floor":52,"key":"SteroidPotion"}],"is_trial":false,"path_per_floor":["R","M","?","R","M","R","T","M","R","E","?","M","?","$","M","B",null,"R","?","$","R","$","?","T","R","E","R","$","?","M","M","M","B",null,"R","?","$","M","M","R","T","R","$","R","?","M","M","?","M","B",null,"E","$","R","B",null],"character_chosen":"THE_CHAMP","items_purchased":["Pantograph","champ:Improvising+1","Vajra"],"campfire_rested":1,"item_purchase_floors":[28,28,37],"current_hp_per_floor":[90,84,84,84,84,84,84,83,93,90,63,50,55,55,48,32,105,105,105,97,97,95,95,95,95,93,93,93,93,85,81,81,85,110,110,99,99,99,88,88,88,88,88,124,124,124,104,124,124,124,124,99,99,99,124],"gold":147,"neow_bonus":"BOSS_RELIC","is_daily":false,"chose_seed":false,"campfire_upgraded":11,"win_rate":0.0,"timestamp":1608097266,"path_taken":["R","M","?","R","M","R","T","M","R","E","?","M","?","$","M","BOSS","R","?","$","R","$","?","T","R","E","R","?","?","M","M","M","BOSS","R","?","?","M","M","R","T","R","$","R","?","?","M","?","M","BOSS","E","$","R","BOSS"],"items_purchased_type":["Relic","Card","Relic"],"build_version":"2020-12-13","purchased_purges":2,"victory":true,"max_hp_per_floor":[90,90,90,90,90,90,90,90,100,100,100,100,105,105,105,105,105,105,105,105,105,105,105,105,105,105,105,105,105,105,105,105,105,110,110,124,124,124,124,124,124,124,124,124,124,124,124,124,124,124,124,124,124,124,124],"card_choices":[{"not_picked":["champ:Duel","champ:ArenaPreparation","champ:FaceSlap"],"picked":"SKIP","floor":2},{"not_picked":["champ:GladiatorsShout","champ:StanceDance"],"picked":"champ:Shatter","floor":5},{"not_picked":["champ:BladeFlurry","champ:Circumvent","champ:Shatter"],"picked":"SKIP","floor":8},{"not_picked":["champ:FocusedGladiator","champ:BladeFlurry","champ:AdrenalArmor"],"picked":"SKIP","floor":10},{"not_picked":["champ:GladiatorsShout","champ:Balance"],"picked":"champ:LastStand+1","floor":12},{"not_picked":["champ:FanOfKnives","champ:FocusedDefense","champ:ViciousMockery"],"picked":"SKIP","floor":14},{"not_picked":["champ:SwordSigil","champ:FlashCut"],"picked":"champ:BerserkerStyle+1","floor":15},{"not_picked":["champ:LastStand+1","champ:EnchantSword"],"picked":"champ:StrikeOfGenius+1","floor":16},{"not_picked":["champ:BringItOn","champ:BerserkerStyle+1","champ:SwordSigil"],"picked":"SKIP","floor":20},{"not_picked":["champ:EnragedBash+1","champ:DefensiveShout"],"picked":"champ:RecklessLeap+1","floor":22},{"not_picked":["champ:BladeFlurry+1","champ:Backstep","champ:RageSigil"],"picked":"SKIP","floor":26},{"not_picked":["champ:Circumvent+1","champ:Riposte","champ:FlashCut"],"picked":"SKIP","floor":28},{"not_picked":["champ:BladeFlurry","champ:Riposte","champ:DefensiveStyle+1"],"picked":"SKIP","floor":30},{"not_picked":["champ:RageSigil","champ:Balance"],"picked":"champ:FanOfKnives","floor":31},{"not_picked":["champ:Circumvent","champ:Control","champ:SwordSigil"],"picked":"SKIP","floor":32},{"not_picked":["champ:DancingMaster+1","champ:CheapShot"],"picked":"champ:EnchantSword","floor":33},{"not_picked":["champ:StanceDance","champ:CrookedStrike","champ:DefensiveShout+1"],"picked":"SKIP","floor":38},{"not_picked":["champ:Shatter","champ:Duel","champ:AdrenalArmor"],"picked":"SKIP","floor":39},{"not_picked":["champ:ArenaPreparation+1","champ:CrookedStrike"],"picked":"champ:VampiricStrike","floor":46},{"not_picked":["champ:RisingSlash","champ:Balance+1","champ:FocusedBerserking"],"picked":"SKIP","floor":47},{"not_picked":["champ:GutPunch+1","champ:BerserkerStyle+1","champ:RisingSlash+1"],"picked":"SKIP","floor":49},{"not_picked":["champ:HeartStrike","champ:BladeFlurry","champ:DeathBlow"],"picked":"SKIP","floor":52}],"player_experience":420832,"relics_obtained":[{"floor":10,"key":"Frozen Egg 2"},{"floor":24,"key":"InkBottle"},{"floor":26,"key":"Centennial Puzzle"},{"floor":36,"key":"Mango"},{"floor":41,"key":"Replay:Accelerometer"},{"floor":48,"key":"Du-Vu Doll"},{"floor":52,"key":"champ:FightingForDummies"}],"event_choices":[{"cards_removed":["champ:Strike"],"damage_healed":0,"gold_gain":0,"player_choice":"Card Removal","damage_taken":0,"max_hp_gain":0,"max_hp_loss":0,"event_name":"The Cleric","floor":3,"gold_loss":0},{"damage_healed":0,"gold_gain":0,"player_choice":"Donut","damage_taken":0,"max_hp_gain":5,"max_hp_loss":0,"event_name":"Big Fish","floor":13,"gold_loss":0},{"damage_healed":0,"gold_gain":0,"player_choice":"Inject Mutagens","damage_taken":0,"relics_obtained":["MutagenicStrength"],"max_hp_gain":0,"max_hp_loss":0,"event_name":"Drug Dealer","floor":19,"gold_loss":0},{"cards_removed":["champ:Defend"],"damage_healed":0,"gold_gain":0,"player_choice":"Purged","damage_taken":0,"max_hp_gain":0,"max_hp_loss":0,"event_name":"Purifier","floor":45,"gold_loss":0}],"is_beta":false,"boss_relics":[{"not_picked":["Black Star","Painkiller Herb"],"picked":"Philosopher\u0027s Stone"},{"not_picked":["Pandora\u0027s Box","Calling Bell"],"picked":"Tiny House"}],"items_purged_floors":[28,43],"is_endless":false,"potions_floor_spawned":[2,8,10,16,30,31,38,47,49,52],"ascension_level":2}}