{"host":"njb27ds59h4j3ikk","time":1608146375,"event":{"mods":["AchievementEnabler","BaseMod","Better Altar","Better Match","Better Note","Better Sensory Stone","Better Skull","Better Third Choice","BetterRewards","Downfall","Hermit","Hubris","Minty Spire (QoL Compilation)","Permanent Neow","Quarter Circle Forward PUNCH!","Quick Restart","Rare Cards Sparkle","Replay The Spire","Shop Mod","StSLib","Trackpad","Transform Curses"],"gold_per_floor":[368,136,152,152,7,102,147,206,206,256,256],"floor_reached":10,"playtime":572,"items_purged":["Languid"],"score":80,"play_id":"b165e48c-1f4e-4d1e-b4d0-ed3c6fd1e29f","local_time":"20201216141935","is_ascension_mode":true,"campfire_choices":[],"circlet_count":0,"master_deck":["champ:Strike","champ:Strike","champ:Strike","champ:Strike","champ:Defend","champ:Defend","champ:Defend","champ:Defend","champ:Execute","champ:Taunt","champ:EnragedBash","Spreading Infection","champ:FocusedGladiator+1","Panacea","champ:BringItOn","champ:FalseCounter","champ:FaceSlap","champ:PerfectedStrike"],"relics":["champ:ChampionCrown","ReplayTheSpireMod:CursedCoin","Ancient Tea Set","Replay:Bandana","Oddly Smooth Stone","Art of War","Garlic"],"acts_visited":["Exordium"],"potions_floor_usage":[8,8],"damage_taken":[{"damage":29.0,"enemies":"Jaw Worm","floor":1.0,"turns":6.0},{"damage":17,"enemies":"Cultist","floor":3,"turns":4},{"damage":38,"enemies":"Replay:BlueRogue","floor":6,"turns":7},{"damage":20,"enemies":"2 Louse","floor":7,"turns":3},{"damage":15,"enemies":"Lagavulin","floor":8,"turns":7},{"damage":17,"enemies":"3 Sentries","floor":10,"turns":5}],"seed_played":"8247677297133446730","potions_obtained":[{"floor":1.0,"key":"PowerPotion"},{"floor":6,"key":"Fire Potion"},{"floor":8,"key":"champ:OpenerPotion"}],"is_trial":false,"path_per_floor":["M","$","M","?","$","E","M","E","T","E"],"character_chosen":"THE_CHAMP","items_purchased":["ReplayTheSpireMod:CursedCoin","Ancient Tea Set","champ:FocusedGladiator+1","Panacea","Replay:Bandana"],"campfire_rested":0,"item_purchase_floors":[2,2,2,2,5],"current_hp_per_floor":[71,71,61,56,56,35,22,9,9,0,0],"gold":256,"neow_bonus":"TWO_FIFTY_GOLD","is_daily":false,"chose_seed":false,"campfire_upgraded":0,"win_rate":0.0,"timestamp":1608146375,"path_taken":["M","$","M","?","$","E","?","E","T","E"],"items_purchased_type":["Relic","Relic","Card","Card","Relic"],"build_version":"2020-12-13","purchased_purges":1,"victory":false,"max_hp_per_floor":[90,90,90,90,90,90,90,90,90,90,90],"card_choices":[{"not_picked":["champ:AdrenalArmor","champ:DeathBlow"],"picked":"champ:EnragedBash","floor":1.0},{"not_picked":["champ:BerserkersShout","champ:CrookedStrike"],"picked":"champ:BringItOn","floor":3},{"not_picked":["champ:GutPunch","champ:BladeFlurry"],"picked":"champ:FalseCounter","floor":6},{"not_picked":["champ:Haymaker","champ:FightOn"],"picked":"champ:FaceSlap","floor":7},{"not_picked":["champ:Lariat","champ:IgnorePain"],"picked":"champ:PerfectedStrike","floor":8}],"player_experience":1203634,"relics_obtained":[{"floor":6,"key":"Oddly Smooth Stone"},{"floor":8,"key":"Art of War"},{"floor":9,"key":"Garlic"}],"event_choices":[],"is_beta":false,"boss_relics":[],"items_purged_floors":[2],"is_endless":false,"potions_floor_spawned":[1,6,8],"killed_by":"3 Sentries","ascension_level":1}}