{"host":"wxm9nhpxzwflah6x","time":1608145663,"event":{"mods":["2.2 Compatiblity","AchievementEnabler","BaseMod","Bestiary","Better Third Choice","Curses Come First","Minty Spire (QoL Compilation)","Quick Restart","Rare Cards Sparkle","Replay The Spire","StSLib","TheHero"],"gold_per_floor":[114,114,129,129,144,144,144,174,199,199,199,229,229,244,244,344,344,359,374,374,299,299,329,341,383,420,357,369,462,474,501,513,625,637,664,676,688,700,712,724,748,790,802,829,871,149,149,179,179,179],"floor_reached":51,"playtime":1879,"items_purged":["animeID:FullCowl","animeID:Tengai+1"],"score":923,"play_id":"c97b079b-cced-4dd4-a726-b6639be7ddb3","local_time":"20201216110743","daily_mods":["SealedDeck","Flight","Terminal"],"is_ascension_mode":false,"campfire_choices":[{"data":"animeID:TodorokiShoto","floor":6.0,"key":"SMITH"},{"data":"animeID:HighFive","floor":7.0,"key":"SMITH"},{"data":"animeID:Deku","floor":10.0,"key":"SMITH"},{"data":"animeID:MirioTogata","floor":24.0,"key":"SMITH"},{"floor":28.0,"key":"REST"},{"floor":30.0,"key":"REST"},{"data":"animeID:Iida","floor":32.0,"key":"SMITH"}],"circlet_count":0,"master_deck":["animeID:EraserHead+1","animeID:HighFive+1","animeID:TodorokiShoto+1","animeID:SkinnyGum+1","animeID:Twice+1","animeID:Iida+1","animeID:GranTorino+1","animeID:Deku+1","animeID:MirioTogata+1","animeID:USA_Smash+1","animeID:Uraraka+1","animeID:SkinnyGum+1","animeID:Hatsume+1","animeID:AllForOne+1","CurseOfTheBell","animeID:Iida+1","animeID:USA_Smash+1","animeID:AllForOne+1","Panacea+1","Trip+1","animeID:Stain+1","animeID:FatGum+1","animeID:GranTorino+1","animeID:Tamaki+1","animeID:Tamaki+1","animeID:USA_Smash+1","Voices","animeID:Chisaki+1"],"relics":["animeID:HeroCostume","Blue Candle","Lantern","Mercury Hourglass","Snecko Heart","MawBank","Toxic Egg 2","PreservedInsect","Blue Doll","Calling Bell","Juzu Bracelet","Question Card","Ice Cream","Replay:Kaleidoscope","Garlic","Replay:Accelerometer","Incense Burner","Strange Spoon","Peace Pipe","Ring of Peace","Ring of Searing","Golden Egg","Mark of the Bloom"],"acts_visited":["Exordium","TheCity","TheBeyond"],"potions_floor_usage":[44,50,50],"damage_taken":[{"damage":9.0,"enemies":"Jaw Worm","floor":1.0,"turns":3.0},{"damage":1.0,"enemies":"Cultist","floor":3.0,"turns":3.0},{"damage":4.0,"enemies":"2 Louse","floor":5.0,"turns":2.0},{"damage":5.0,"enemies":"Gremlin Nob","floor":8.0,"turns":4.0},{"damage":12.0,"enemies":"3 Sentries","floor":12.0,"turns":5.0},{"damage":6.0,"enemies":"Gremlin Gang","floor":14.0,"turns":3.0},{"damage":10.0,"enemies":"Slime Boss","floor":16.0,"turns":6.0},{"damage":0.0,"enemies":"Chosen","floor":18.0,"turns":4.0},{"damage":0.0,"enemies":"Shell Parasite","floor":19.0,"turns":3.0},{"damage":0.0,"enemies":"Gremlin Leader","floor":23.0,"turns":2.0},{"damage":17.0,"enemies":"Slavers","floor":25.0,"turns":5.0},{"damage":0.0,"enemies":"3 Cultists","floor":31.0,"turns":4.0},{"damage":13.0,"enemies":"Collector","floor":33.0,"turns":5.0},{"damage":5.0,"enemies":"3 Shapes","floor":35.0,"turns":3.0},{"damage":0.0,"enemies":"2 Orb Walkers","floor":41.0,"turns":1.0},{"damage":23.0,"enemies":"Giant Head","floor":42.0,"turns":5.0},{"damage":0,"enemies":"3 Darklings","floor":44,"turns":4},{"damage":12,"enemies":"R_Hoarder","floor":45,"turns":6},{"damage":2,"enemies":"Nemesis","floor":48,"turns":4},{"damage":7,"enemies":"Donu and Deca","floor":50,"turns":5}],"seed_played":"4580661739168851385","potions_obtained":[{"floor":3.0,"key":"FearPotion"},{"floor":14.0,"key":"Dexterity Potion"},{"floor":16.0,"key":"Toxic Potion"},{"floor":29.0,"key":"Reflective Coating"},{"floor":29.0,"key":"Languid Potion"},{"floor":42.0,"key":"Block Potion"},{"floor":45,"key":"Adrenaline Potion"}],"is_trial":false,"path_per_floor":["M","?","M","?","M","R","R","E","T","R","?","E","$","M","R","B",null,"M","M","?","$","?","E","R","E","T","?","R","?","R","M","R","B",null,"M","?","?","?","?","?","?","E","T","M","E","$","?","E","R","B",null],"character_chosen":"THE_HERO","items_purchased":["animeID:Tamaki+1","animeID:USA_Smash","Strange Spoon","Peace Pipe"],"campfire_rested":2,"item_purchase_floors":[46,46,46,46],"current_hp_per_floor":[65,65,70,70,69,68,67,64,64,64,63,55,55,55,59,51,57,56,55,54,53,52,51,50,33,33,33,46,35,44,43,42,29,40,37,37,37,36,31,31,31,10,10,27,28,28,27,26,25,18],"gold":179,"neow_bonus":"","is_daily":true,"chose_seed":false,"campfire_upgraded":5,"win_rate":0.0,"timestamp":1608145663,"path_taken":["M","?","?","?","?","R","R","E","T","R","?","E","$","M","R","BOSS","M","M","?","$","?","E","R","E","T","?","R","?","R","?","R","BOSS","M","?","?","?","?","?","?","E","T","M","E","$","?","E","R","BOSS"],"items_purchased_type":["Card","Card","Relic","Relic"],"build_version":"2020-12-13","purchased_purges":2,"victory":true,"max_hp_per_floor":[73,72,71,70,69,68,67,66,65,64,63,62,61,60,59,58,57,56,55,54,53,52,51,50,49,48,47,46,45,44,43,42,41,40,39,38,37,36,35,34,33,32,31,30,29,28,27,26,25,24],"card_choices":[{"not_picked":["animeID:FatGum","animeID:Kirishima"],"picked":"animeID:GranTorino","floor":1.0},{"not_picked":["animeID:Mina","animeID:DetroitSmash","animeID:Tsuyu"],"picked":"SKIP","floor":3.0},{"not_picked":["animeID:Tomura","animeID:Kendo","animeID:DelawareSmash"],"picked":"SKIP","floor":5.0},{"not_picked":["animeID:Ojiro","animeID:Mineta"],"picked":"animeID:Deku","floor":8.0},{"not_picked":["animeID:DetroitSmash","animeID:EraserHead","animeID:Stain"],"picked":"SKIP","floor":12.0},{"not_picked":["animeID:FullCowl","animeID:DelawareSmash"],"picked":"animeID:Hatsume","floor":14.0},{"not_picked":["animeID:USA_Smash","animeID:AllMight"],"picked":"animeID:MirioTogata","floor":16.0},{"not_picked":["animeID:Iida","animeID:Mineta","animeID:Ojiro"],"picked":"SKIP","floor":18.0},{"not_picked":["animeID:Tomura+1","animeID:TodorokiShoto"],"picked":"animeID:USA_Smash","floor":19.0},{"not_picked":["animeID:Kaminari","animeID:Iida","animeID:DetroitDelaware"],"picked":"SKIP","floor":23.0},{"not_picked":["animeID:TodorokiShoto+1","animeID:ToruHagakure+1"],"picked":"animeID:Uraraka+1","floor":25.0},{"not_picked":["animeID:DelawareSmash","animeID:Mineta+1"],"picked":"animeID:SkinnyGum+1","floor":29.0},{"not_picked":["animeID:Tomura","animeID:Mina"],"picked":"animeID:Hatsume+1","floor":31.0},{"not_picked":["animeID:MirioTogata","animeID:Shigaraki"],"picked":"animeID:AllForOne+1","floor":33.0},{"not_picked":["animeID:Kaminari+1","animeID:DelawareSmash+1","animeID:Tomura"],"picked":"animeID:Iida+1","floor":35.0},{"not_picked":["Flash of Steel","ReplayTheSpireMod:Private Reserves+1","Specialist"],"picked":"Panacea+1","floor":39.0},{"not_picked":["Forethought+1","Jack Of All Trades+1","Panache"],"picked":"Trip+1","floor":39.0},{"not_picked":["animeID:Aoyama+1","animeID:Kaminari+1","animeID:EraserHead+1"],"picked":"animeID:Stain","floor":41.0},{"not_picked":["animeID:Uraraka+1","animeID:Iida+1","animeID:Mina"],"picked":"animeID:Tengai+1","floor":42.0},{"not_picked":["animeID:Mineta+1","animeID:Kirishima+1","animeID:Iida+1"],"picked":"animeID:FatGum+1","floor":44},{"not_picked":["animeID:ShootStyle+1","animeID:Kurono+1","animeID:Iida+1"],"picked":"animeID:GranTorino+1","floor":45},{"not_picked":["animeID:Kaminari+1","animeID:DetroitSmash+1","animeID:Kirishima"],"picked":"animeID:Chisaki","floor":48}],"player_experience":220576,"relics_obtained":[{"floor":8.0,"key":"Blue Candle"},{"floor":9.0,"key":"Lantern"},{"floor":12.0,"key":"Mercury Hourglass"},{"floor":23.0,"key":"MawBank"},{"floor":25.0,"key":"Toxic Egg 2"},{"floor":26.0,"key":"PreservedInsect"},{"floor":29.0,"key":"Blue Doll"},{"floor":34.0,"key":"Juzu Bracelet"},{"floor":34.0,"key":"Question Card"},{"floor":34.0,"key":"Ice Cream"},{"floor":41.0,"key":"Replay:Kaleidoscope"},{"floor":42.0,"key":"Garlic"},{"floor":43.0,"key":"Replay:Accelerometer"},{"floor":45,"key":"Incense Burner"},{"floor":47,"key":"Ring of Peace"},{"floor":47,"key":"Ring of Searing"},{"floor":48,"key":"Golden Egg"}],"event_choices":[{"cards_removed":["animeID:Dabi"],"damage_healed":0.0,"max_hp_gain":0.0,"max_hp_loss":0.0,"gold_gain":0.0,"event_name":"Wheel of Change","player_choice":"Card Removal","floor":2.0,"gold_loss":0.0,"damage_taken":0.0},{"cards_removed":["animeID:Iida"],"damage_healed":0.0,"max_hp_gain":0.0,"max_hp_loss":0.0,"gold_gain":0.0,"event_name":"Purifier","player_choice":"Purged","floor":4.0,"gold_loss":0.0,"damage_taken":0.0},{"damage_healed":0.0,"max_hp_gain":0.0,"max_hp_loss":0.0,"gold_gain":0.0,"event_name":"Living Wall","player_choice":"Grow","floor":11.0,"gold_loss":0.0,"damage_taken":0.0,"cards_upgraded":["animeID:SkinnyGum"]},{"damage_healed":0.0,"max_hp_gain":0.0,"max_hp_loss":0.0,"gold_gain":0.0,"cards_transformed":["animeID:RecoveryGirl","animeID:Hatsume"],"event_name":"Drug Dealer","player_choice":"Became Test Subject","floor":20.0,"gold_loss":0.0,"damage_taken":0.0,"cards_obtained":["animeID:FullCowl","animeID:Tsuyu"]},{"damage_healed":0.0,"max_hp_gain":0.0,"max_hp_loss":0.0,"gold_gain":0.0,"event_name":"Ghosts","player_choice":"Ignored","floor":22.0,"gold_loss":0.0,"damage_taken":0.0},{"cards_removed":["animeID:Tsuyu"],"damage_healed":0.0,"max_hp_gain":0.0,"max_hp_loss":0.0,"gold_gain":0.0,"event_name":"Beggar","player_choice":"Gave Gold","floor":27.0,"gold_loss":75.0,"damage_taken":0.0},{"damage_healed":0.0,"max_hp_gain":0.0,"max_hp_loss":0.0,"gold_gain":0.0,"event_name":"Duplicator","player_choice":"Copied","floor":36.0,"gold_loss":0.0,"damage_taken":0.0,"cards_obtained":["animeID:USA_Smash"]},{"damage_healed":0.0,"max_hp_gain":0.0,"max_hp_loss":0.0,"gold_gain":0.0,"event_name":"Tomb of Lord Red Mask","player_choice":"Ignored","floor":37.0,"gold_loss":0.0,"damage_taken":0.0},{"damage_healed":0.0,"max_hp_gain":0.0,"max_hp_loss":0.0,"gold_gain":0.0,"event_name":"betterThird:BetterPortal","player_choice":"Random: Orange","floor":38.0,"gold_loss":0.0,"damage_taken":0.0},{"damage_healed":0.0,"max_hp_gain":0.0,"max_hp_loss":0.0,"gold_gain":0.0,"event_name":"Match and Keep!","player_choice":"1 cards matched","floor":38.0,"gold_loss":0.0,"damage_taken":0.0,"cards_obtained":["animeID:AllForOne"]},{"damage_healed":0.0,"max_hp_gain":0.0,"max_hp_loss":0.0,"gold_gain":0.0,"event_name":"SensoryStone","player_choice":"Memory 2","floor":39.0,"gold_loss":0.0,"damage_taken":5.0},{"cards_removed":["animeID:Kendo"],"damage_healed":0.0,"max_hp_gain":0.0,"max_hp_loss":0.0,"gold_gain":0.0,"event_name":"Falling","player_choice":"Removed Attack","floor":40.0,"gold_loss":0.0,"damage_taken":0.0},{"damage_healed":0.0,"max_hp_gain":0.0,"max_hp_loss":0.0,"gold_gain":0.0,"event_name":"Mysterious Sphere","player_choice":"Fight","floor":41.0,"gold_loss":0.0,"damage_taken":0.0},{"damage_healed":0,"gold_gain":0,"player_choice":"Upgrade","damage_taken":0,"relics_obtained":["Mark of the Bloom"],"max_hp_gain":0,"max_hp_loss":0,"event_name":"MindBloom","floor":49,"gold_loss":0,"cards_upgraded":["animeID:EraserHead","animeID:Twice","animeID:USA_Smash","animeID:USA_Smash","animeID:Stain","animeID:USA_Smash"]}],"is_beta":false,"boss_relics":[{"not_picked":["Abe\u0027s Treasure","Ectoplasm"],"picked":"Snecko Heart"},{"not_picked":["Replay:Drink Me","Fusion Hammer"],"picked":"Calling Bell"}],"items_purged_floors":[21,46],"is_endless":false,"potions_floor_spawned":[3,14,16,25,42,45],"ascension_level":0}}