{"host":"i41n6wh529970c2c","time":1608085762,"event":{"mods":["Act Like it!","BaseMod","BetterRewards","Friendly Minions","Gold Saver","Hermit","Minty Spire (QoL Compilation)","Replay The Spire","Shop Mod","StSLib"],"gold_per_floor":[799,799,799,799,813,843,843,843,843,188,188,188,228,128,128,244,244,275,275,0,0,33,72,252,262,262],"floor_reached":25,"playtime":948,"items_purged":["Regret","Defend_R","Shame"],"score":384,"play_id":"3f4d2b05-5f94-4714-b430-a20e4d0f6bee","local_time":"20201215212922","is_ascension_mode":true,"campfire_choices":[{"data":"Whirlwind","floor":8,"key":"SMITH"},{"data":"Bash","floor":11,"key":"SMITH"},{"floor":15,"key":"DIG"}],"circlet_count":0,"master_deck":["AscendersBane","Strike_R","Strike_R+1","Strike_R","Strike_R","Defend_R","Defend_R","Defend_R+1","Bash+1","Pommel Strike+1","Whirlwind+1","Headbutt+1","True Grit","Fiend Fire","Demon Form"],"relics":["Burning Blood","NeowsBlessing","Charon\u0027s Ashes","Meat on the Bone","Darkstone Periapt","Guide Book","Pantograph","Replay:Bandana","Potion Belt","Strawberry","ReplayTheSpireMod:Shallot","Black Star","Gremlin Horn","Bag of Marbles","Bronze Scales","Turnip","Champion Belt"],"acts_visited":["TheCity"],"potions_floor_usage":[13],"damage_taken":[{"damage":0,"enemies":"Small Slimes","floor":1,"turns":1},{"damage":0,"enemies":"Jaw Worm","floor":5,"turns":1},{"damage":0,"enemies":"Gremlin Nob","floor":6,"turns":1},{"damage":15,"enemies":"Lagavulin","floor":13,"turns":5},{"damage":70,"enemies":"The Guardian","floor":16,"turns":16},{"damage":28,"enemies":"Shell Parasite","floor":18,"turns":5},{"damage":0,"enemies":"Chosen","floor":22,"turns":3},{"damage":47,"enemies":"Slavers","floor":23,"turns":5},{"damage":19,"enemies":"Book of Stabbing","floor":25,"turns":4}],"seed_played":"-6239504557846821176","potions_obtained":[{"floor":1,"key":"Block Potion"},{"floor":23,"key":"Milkshake"}],"is_trial":false,"path_per_floor":["M","?","?","?","M","E","?","R","T","$","R","?","E","$","R","B",null,"M","?","$","?","M","E","?","E"],"character_chosen":"IRONCLAD","items_purchased":["Headbutt","Guide Book","Pantograph","Replay:Bandana","Bag of Marbles"],"campfire_rested":0,"item_purchase_floors":[10,10,10,10,20],"current_hp_per_floor":[78,62,55,55,61,67,67,67,67,67,67,60,58,58,58,31,73,51,57,57,57,63,34,15,0,0],"gold":262,"neow_bonus":"THREE_ENEMY_KILL","is_daily":false,"chose_seed":false,"campfire_upgraded":2,"win_rate":0.0,"timestamp":1608085762,"path_taken":["M","?","?","?","?","E","?","R","T","?","R","?","E","?","R","BOSS","M","?","$","?","?","E","?","E"],"items_purchased_type":["Card","Relic","Relic","Relic","Relic"],"build_version":"2020-12-13","purchased_purges":3,"victory":false,"max_hp_per_floor":[80,80,80,80,80,80,80,80,80,80,80,80,87,87,87,87,87,87,93,93,93,93,93,93,93,93],"card_choices":[{"not_picked":["ReplayTheSpireMod:Strike From Hell","Clash"],"picked":"Ghostly Armor","floor":1},{"not_picked":["Perfected Strike","ReplayTheSpireMod:Strike From Hell"],"picked":"Pommel Strike","floor":5},{"not_picked":["Clash","Replay:Undeath\u0027s Touch"],"picked":"Whirlwind","floor":6},{"not_picked":["Wild Strike","Carnage"],"picked":"True Grit","floor":13},{"not_picked":["Reaper","Demon Form"],"picked":"Fiend Fire","floor":16},{"not_picked":["Wild Strike","Clash+1","Sword Boomerang"],"picked":"SKIP","floor":18},{"not_picked":["Combust","Searing Blow","Warcry+1"],"picked":"SKIP","floor":22},{"not_picked":["Shockwave","Armaments"],"picked":"Demon Form","floor":23}],"player_experience":777295,"relics_obtained":[{"floor":6,"key":"Charon\u0027s Ashes"},{"floor":9,"key":"Darkstone Periapt"},{"floor":13,"key":"Strawberry"},{"floor":15,"key":"ReplayTheSpireMod:Shallot"},{"floor":23,"key":"Turnip"},{"floor":23,"key":"Champion Belt"}],"event_choices":[{"damage_healed":0,"gold_gain":0,"player_choice":"Entered Light","damage_taken":16,"max_hp_gain":0,"max_hp_loss":0,"event_name":"Shining Light","floor":2,"gold_loss":0,"cards_upgraded":["Strike_R","Defend_R"]},{"cards_removed":["Ghostly Armor"],"damage_healed":0,"gold_gain":0,"player_choice":"Card Removal","damage_taken":7,"max_hp_gain":0,"max_hp_loss":0,"event_name":"Golden Wing","floor":3,"gold_loss":0},{"cards_removed":["Strike_R"],"damage_healed":0,"gold_gain":0,"player_choice":"Card Removal","damage_taken":0,"max_hp_gain":0,"max_hp_loss":0,"event_name":"Wheel of Change","floor":4,"gold_loss":0},{"damage_healed":0,"gold_gain":0,"player_choice":"Box","damage_taken":0,"relics_obtained":["Meat on the Bone"],"max_hp_gain":0,"max_hp_loss":0,"event_name":"Big Fish","floor":7,"gold_loss":0,"cards_obtained":["Regret"]},{"damage_healed":0,"gold_gain":0,"player_choice":"Success","damage_taken":7,"relics_obtained":["Potion Belt"],"max_hp_gain":0,"max_hp_loss":0,"event_name":"Scrap Ooze","floor":12,"gold_loss":0},{"damage_healed":0,"gold_gain":0,"player_choice":"Stole Relic","damage_taken":0,"relics_obtained":["Gremlin Horn"],"max_hp_gain":0,"max_hp_loss":0,"event_name":"Addict","floor":19,"gold_loss":0,"cards_obtained":["Shame"]},{"damage_healed":0,"gold_gain":0,"player_choice":"Opened","damage_taken":0,"relics_obtained":["Bronze Scales"],"max_hp_gain":0,"max_hp_loss":0,"event_name":"The Mausoleum","floor":21,"gold_loss":0},{"damage_healed":0,"gold_gain":180,"player_choice":"GOLD GOLD ","damage_taken":19,"max_hp_gain":0,"max_hp_loss":0,"event_name":"Knowing Skull","floor":24,"potions_obtained":[],"gold_loss":0,"cards_obtained":[]}],"is_beta":false,"boss_relics":[{"not_picked":["Astrolabe","Runic Dome"],"picked":"Black Star"}],"items_purged_floors":[10,14,20],"is_endless":false,"potions_floor_spawned":[1,23],"killed_by":"Book of Stabbing","ascension_level":11}}