{"host":"nmjik3bzoelmmajy","time":1608122791,"event":{"mods":["BaseMod","Better Third Choice","Colored Map","DeckTracker","Minty Spire (QoL Compilation)","Quick Restart","Say the Spire","StSLib","SuperFastMode"],"gold_per_floor":[110,125,141,141,141,141,169,169,218,280,280,311,329,343,343,420,420,434,452,94,105,105,105,105],"floor_reached":23,"playtime":869,"items_purged":["Strike_G"],"score":365,"play_id":"955cead4-4bf7-4941-bf84-2ff3cf7ac7e0","local_time":"20201216214631","is_ascension_mode":true,"campfire_choices":[{"data":"Cloak And Dagger","floor":6.0,"key":"SMITH"},{"data":"Backflip","floor":8.0,"key":"SMITH"},{"floor":11.0,"key":"REST"},{"data":"Bouncing Flask","floor":15.0,"key":"SMITH"}],"circlet_count":0,"master_deck":["AscendersBane","Strike_G","Strike_G","Strike_G","Strike_G","Defend_G","Defend_G","Defend_G","Defend_G","Defend_G","Survivor","Neutralize","Backflip+1","Quick Slash","Cloak And Dagger+1","Lockon","Blade Dance","Bouncing Flask+1","Noxious Fumes","Blade Dance","Corpse Explosion","Acrobatics","Footwork","Sadistic Nature","Infinite Blades"],"relics":["Ring of the Snake","Bronze Scales","Akabeko","SsserpentHead","Girya","Snake Skull","Juzu Bracelet","Sozu"],"acts_visited":["Exordium","TheCity"],"potions_floor_usage":[16,16,23],"damage_taken":[{"damage":0.0,"enemies":"Jaw Worm","floor":1.0,"turns":6.0},{"damage":3.0,"enemies":"2 Louse","floor":2.0,"turns":3.0},{"damage":1.0,"enemies":"Cultist","floor":3.0,"turns":4.0},{"damage":9.0,"enemies":"3 Sentries","floor":7.0,"turns":6.0},{"damage":0.0,"enemies":"Large Slime","floor":10.0,"turns":4.0},{"damage":12.0,"enemies":"Lagavulin","floor":12.0,"turns":5.0},{"damage":0.0,"enemies":"2 Fungi Beasts","floor":13.0,"turns":2.0},{"damage":0.0,"enemies":"3 Louse","floor":14.0,"turns":3.0},{"damage":19,"enemies":"The Guardian","floor":16,"turns":9},{"damage":12,"enemies":"Shell Parasite","floor":18,"turns":3},{"damage":14,"enemies":"2 Thieves","floor":19,"turns":2},{"damage":24,"enemies":"Snake Plant","floor":21,"turns":3},{"damage":6,"enemies":"Gremlin Leader","floor":23,"turns":1}],"seed_played":"-8162682282511234096","potions_obtained":[{"floor":2.0,"key":"PowerPotion"},{"floor":7.0,"key":"GhostInAJar"},{"floor":12.0,"key":"CunningPotion"},{"floor":14.0,"key":"DistilledChaos"},{"floor":16,"key":"Ancient Potion"}],"is_trial":false,"path_per_floor":["M","M","M","?","?","R","E","R","T","M","R","E","M","M","R","B",null,"M","M","$","M","$","E"],"character_chosen":"THE_SILENT","items_purchased":["Footwork","Sadistic Nature"],"campfire_rested":1,"item_purchase_floors":[20,20],"current_hp_per_floor":[59,56,55,26,26,26,17,17,17,17,36,24,24,24,24,5,51,39,25,25,1,1,0,0],"gold":105,"neow_bonus":"RANDOM_COMMON_RELIC","is_daily":false,"chose_seed":false,"campfire_upgraded":3,"win_rate":0.0,"timestamp":1608122791,"path_taken":["M","M","M","?","?","R","E","R","T","?","R","E","M","M","R","BOSS","M","M","$","M","$","E"],"items_purchased_type":["Card","Card"],"build_version":"2020-12-13","purchased_purges":1,"victory":false,"max_hp_per_floor":[66,66,66,66,66,66,66,66,66,66,66,66,66,66,66,66,66,66,66,66,66,66,66,66],"card_choices":[{"not_picked":["Quick Slash","Bane"],"picked":"Backflip","floor":1.0},{"not_picked":["Flechettes","Predator"],"picked":"Quick Slash","floor":2.0},{"not_picked":["Deflect","Dagger Throw"],"picked":"Cloak And Dagger","floor":3.0},{"not_picked":["Reflex","Acrobatics"],"picked":"Blade Dance","floor":7.0},{"not_picked":["Slice","Finisher"],"picked":"Bouncing Flask","floor":10.0},{"not_picked":["Riddle With Holes","Endless Agony","Dagger Throw"],"picked":"SKIP","floor":12.0},{"not_picked":["All Out Attack","Prepared"],"picked":"Noxious Fumes","floor":13.0},{"not_picked":["Outmaneuver","Flechettes"],"picked":"Blade Dance","floor":14.0},{"not_picked":["Bullet Time","After Image"],"picked":"Corpse Explosion","floor":16},{"not_picked":["Dodge and Roll","Distraction","Blade Dance"],"picked":"SKIP","floor":18},{"not_picked":["Dagger Spray+1","Dagger Throw"],"picked":"Acrobatics","floor":19},{"not_picked":["Dagger Throw+1","Poisoned Stab"],"picked":"Infinite Blades","floor":21}],"player_experience":808069,"relics_obtained":[{"floor":7.0,"key":"Girya"},{"floor":9.0,"key":"Snake Skull"},{"floor":12.0,"key":"Juzu Bracelet"}],"event_choices":[{"damage_healed":0.0,"max_hp_gain":0.0,"max_hp_loss":0.0,"gold_gain":0.0,"event_name":"FaceTrader","player_choice":"Trade","floor":5.0,"gold_loss":0.0,"damage_taken":0.0,"relics_obtained":["SsserpentHead"]}],"is_beta":false,"boss_relics":[{"not_picked":["Astrolabe","Runic Dome"],"picked":"Sozu"}],"items_purged_floors":[20],"is_endless":false,"potions_floor_spawned":[2,7,12,14,16,21],"killed_by":"Gremlin Leader","ascension_level":16}}