{"host":"6o1vh5lr98s0jjq7","time":1608079810,"event":{"mods":["2.2 Compatiblity","Act Like it!","Aspiration","BaseMod","Better Altar","Better Match","Better Note","Better Third Choice","Conspire","Downfall","Gensokyo","Hallownest","Infinite Spire","Marisa????????","Minty Spire (QoL Compilation)","Replay The Spire","StSLib","The Alterego","WarShipGirlsR/????R mod"],"gold_per_floor":[210,210,227,247,247,247,281,281,304,316,334,334,32,42,42,143,143,153,228,239,256,256,256,256,256,280,280,300,317,334,348,348,444,444,462,68,87,87,105,105,135,9,9,35,135,135,135,10,10,10,10,10,10,42,42],"floor_reached":56,"playtime":2648,"items_purged":["Regret","Amnesia","Writhe"],"score":1027,"play_id":"5595e46d-6914-418c-a870-2f3d7ab9f329","local_time":"20201215185010","is_ascension_mode":false,"campfire_choices":[{"data":"DC","floor":6,"key":"SMITH"},{"floor":12,"key":"REST"},{"floor":15,"key":"REST"},{"floor":23,"key":"RECALL"},{"floor":25,"key":"REST"},{"floor":32,"key":"REST"},{"floor":40,"key":"REST"},{"floor":49,"key":"REST"},{"floor":52,"key":"REST"}],"circlet_count":0,"master_deck":["Strike_MRS+1","Strike_MRS","Strike_MRS+1","Strike_MRS+1","Defend_MRS","Defend_MRS+1","Defend_MRS","Defend_MRS","MasterSpark","UpSweep","DC+1","6A","DoubleSpark","GrandCross+1","OpenUniverse","RefractionSpark+1","UnstableBomb","IllusionStar","BinaryStars+1","ShootTheMoon","OortCloud+1","SporeBomb+1","infinitespire:FutureSight","UnstableBomb","ChargeUpSpray","ManaRampage","EarthLightRay+1","FinalSpark","PulseMagic+1","Mayhem","MysteriousBeam+1","PowerUp","OortCloud","6A","expansioncontent:Sear","GalacticHalo+1"],"relics":["BewitchedHakkero","Tiny Chest","aspiration:PocketMushroom","ReplayTheSpireMod:Ring of Collecting","Ring of Fury","Gremlin Food","Fusion Hammer","SproutingBranch","conspire:SlowCooker","infinitespire:CursedDice","Ring of Searing","Oddly Smooth Stone","ReplayTheSpireMod:CursedCoin","infinitespire:Lucky Rock","Pear","Whetstone","ReplayTheSpireMod:Ring of Challenge","PreservedInsect","Potion Belt","Pen Nib","aspiration:TomeofQuesting"],"acts_visited":["Exordium","TheCity","TheBeyond","TheEnding"],"potions_floor_usage":[7,16,16,21,31,33,35,39,39,41,50,55],"damage_taken":[{"damage":2,"enemies":"Small Slimes","floor":1,"turns":3},{"damage":1,"enemies":"Cultist","floor":3,"turns":3},{"damage":1,"enemies":"Jaw Worm","floor":4,"turns":2},{"damage":17,"enemies":"3 Sentries","floor":7,"turns":6},{"damage":2,"enemies":"Large Slime","floor":10,"turns":2},{"damage":12,"enemies":"Looter","floor":11,"turns":1},{"damage":0,"enemies":"2 Fungi Beasts","floor":14,"turns":2},{"damage":42,"enemies":"Hexaghost","floor":16,"turns":7},{"damage":13,"enemies":"3 Byrds","floor":18,"turns":4},{"damage":8,"enemies":"2 Thieves","floor":20,"turns":2},{"damage":6,"enemies":"Shelled Parasite and Fungi","floor":21,"turns":3},{"damage":10,"enemies":"Snecko","floor":28,"turns":3},{"damage":35,"enemies":"Snake Plant","floor":29,"turns":3},{"damage":15,"enemies":"Centurion and Healer","floor":30,"turns":3},{"damage":2,"enemies":"Snecko","floor":31,"turns":3},{"damage":50,"enemies":"Champ","floor":33,"turns":7},{"damage":11,"enemies":"3 Shapes","floor":35,"turns":3},{"damage":25,"enemies":"3 Darklings","floor":37,"turns":3},{"damage":35,"enemies":"Maw","floor":39,"turns":5},{"damage":25,"enemies":"Giant Head","floor":41,"turns":4},{"damage":71,"enemies":"Replay:Hell Engine","floor":50,"turns":6},{"damage":58,"enemies":"Shield and Spear","floor":54,"turns":4},{"damage":129,"enemies":"The Heart","floor":55,"turns":7}],"seed_played":"-7530782211133876747","potions_obtained":[{"floor":4,"key":"Guardian:BlockOnCardUsePotion"},{"floor":7,"key":"AttackPotion"},{"floor":11,"key":"FairyPotion"},{"floor":20,"key":"LifebloodPotion"},{"floor":29,"key":"SkillPotion"},{"floor":31,"key":"LifebloodPotion"},{"floor":33,"key":"Block Potion"},{"floor":39,"key":"AttackPotion"},{"floor":41,"key":"Dexterity Potion"}],"is_trial":false,"path_per_floor":["M","?","M","M","?","R","E","?","T","M","M","R","$","M","R","B",null,"M","?","M","M","T","R","AVR","R","T","?","M","M","M","M","R","B",null,"M","$","M","AVR","M","R","E","$","T","T","?","T","?","$","R","B",null,"R","$","E","B",null],"character_chosen":"MARISA","items_purchased":["Gremlin Food","UnstableBomb","Energy Potion","ReplayTheSpireMod:CursedCoin","Mayhem","infinitespire:Lucky Rock","EntropicBrew","6A","expansioncontent:Sear"],"campfire_rested":7,"item_purchase_floors":[13,13,13,36,36,36,36,42,42],"current_hp_per_floor":[73,73,72,71,71,71,54,54,54,52,40,62,62,62,75,33,75,62,55,47,41,41,41,41,63,63,63,62,36,30,37,59,30,75,68,68,52,62,47,72,59,59,59,59,59,59,80,80,85,27,85,85,85,34,30],"gold":42,"neow_bonus":"HUNDRED_GOLD","is_daily":false,"chose_seed":false,"campfire_upgraded":1,"win_rate":0.0,"timestamp":1608079810,"path_taken":["M","?","?","M","?","R","E","?","T","M","M","R","$","M","R","BOSS","M","?","M","?","?","R","AVR","R","T","?","M","M","M","M","R","BOSS","M","$","M","AVR","M","R","E","$","T","?","?","?","?","?","R","BOSS","R","$","E","BOSS"],"items_purchased_type":["Relic","Card","Potion","Relic","Card","Relic","Potion","Card","Card"],"build_version":"2020-12-13","purchased_purges":3,"victory":true,"max_hp_per_floor":[75,75,75,75,75,75,75,75,75,75,75,75,75,75,75,75,75,75,75,75,75,75,75,75,75,75,75,75,75,75,75,75,75,75,75,75,75,85,85,85,85,85,85,85,85,85,85,85,85,85,85,85,85,85,85],"card_choices":[{"not_picked":["GravityBeat","Orbital"],"picked":"DC","floor":1},{"not_picked":["MilkyWay","LuminesStrike"],"picked":"6A","floor":3},{"not_picked":["DarkMatter","DarkSpark"],"picked":"DoubleSpark","floor":4},{"not_picked":["MilkyWay","DC"],"picked":"GrandCross","floor":7},{"not_picked":["GravityBeat","EventHorizon"],"picked":"OpenUniverse","floor":10},{"not_picked":["GrandCross","Orbital"],"picked":"RefractionSpark","floor":11},{"not_picked":["Acceleration","ShootTheMoon"],"picked":"IllusionStar","floor":14},{"not_picked":["BigCrunch","MillisecondPulsars"],"picked":"BinaryStars","floor":16},{"not_picked":["WitchLeyline","ManaConvection"],"picked":"ShootTheMoon","floor":18},{"not_picked":["DoubleSpark","6A"],"picked":"OortCloud+1","floor":20},{"not_picked":["DoubleSpark","WitchLeyline"],"picked":"SporeBomb","floor":21},{"not_picked":["SprinkleStarSeal","WitchLeyline"],"picked":"UnstableBomb","floor":28},{"not_picked":["Orbital","MagicAbsorber"],"picked":"ChargeUpSpray","floor":29},{"not_picked":["MachineGunSpark+1","DoubleSpark"],"picked":"ManaRampage","floor":30},{"not_picked":["AsteroidBelt","EventHorizon"],"picked":"EarthLightRay+1","floor":31},{"not_picked":["SuperNova","MillisecondPulsars"],"picked":"FinalSpark","floor":33},{"not_picked":["PowerUp","DoubleSpark+1"],"picked":"PulseMagic+1","floor":35},{"not_picked":["DoubleSpark+1","EnergyFlow"],"picked":"MysteriousBeam+1","floor":37},{"not_picked":["NonDirectionalLaser","Acceleration+1"],"picked":"PowerUp","floor":39},{"not_picked":["TreasureHunter","SporeBomb"],"picked":"OortCloud","floor":41},{"not_picked":["ManaConvection","PowerUp"],"picked":"GalacticHalo+1","floor":54}],"player_experience":224172,"relics_obtained":[{"floor":7,"key":"aspiration:PocketMushroom"},{"floor":8,"key":"ReplayTheSpireMod:Ring of Collecting"},{"floor":9,"key":"Ring of Fury"},{"floor":22,"key":"SproutingBranch"},{"floor":26,"key":"Ring of Searing"},{"floor":26,"key":"Oddly Smooth Stone"},{"floor":41,"key":"Whetstone"},{"floor":43,"key":"ReplayTheSpireMod:Ring of Challenge"},{"floor":43,"key":"PreservedInsect"},{"floor":44,"key":"Potion Belt"},{"floor":46,"key":"Pen Nib"},{"floor":54,"key":"aspiration:TomeofQuesting"}],"event_choices":[{"damage_healed":0,"gold_gain":0,"player_choice":"Ignored","damage_taken":0,"max_hp_gain":0,"max_hp_loss":0,"event_name":"Purifier","floor":2,"gold_loss":0},{"damage_healed":0,"gold_gain":0,"player_choice":"Box","damage_taken":0,"relics_obtained":["Tiny Chest"],"max_hp_gain":0,"max_hp_loss":0,"event_name":"Big Fish","floor":5,"gold_loss":0,"cards_obtained":["Regret"]},{"damage_healed":0,"gold_gain":75,"player_choice":"Touch","damage_taken":7,"max_hp_gain":0,"max_hp_loss":0,"event_name":"FaceTrader","floor":19,"gold_loss":0},{"cards_removed":["BinaryStars"],"damage_healed":0,"gold_gain":0,"player_choice":"Take \u0026 Give","damage_taken":0,"max_hp_gain":0,"max_hp_loss":0,"event_name":"betterNote:BetterNote","floor":27,"gold_loss":0,"cards_obtained":["infinitespire:FutureSight"]},{"damage_healed":0,"gold_gain":100,"player_choice":"Pray","damage_taken":0,"max_hp_gain":0,"max_hp_loss":0,"event_name":"Golden Shrine","floor":45,"gold_loss":0},{"damage_healed":21,"gold_gain":0,"player_choice":"Writhe","damage_taken":0,"max_hp_gain":0,"max_hp_loss":0,"event_name":"Winding Halls","floor":47,"gold_loss":0,"cards_obtained":["Writhe"]}],"is_beta":false,"boss_relics":[{"not_picked":["Replay:Ancient Bell","Empty Cage"],"picked":"Fusion Hammer"},{"not_picked":["RampagingMagicTools","aspiration:DefectSkillbook"],"picked":"BewitchedHakkero"}],"items_purged_floors":[13,36,48],"is_endless":false,"potions_floor_spawned":[4,7,11,20,29,31,33,39,41],"ascension_level":0}}