{"host":"d61vkvf8c80cu18y","time":1608148954,"event":{"mods":["2.2 Compatiblity","AchievementEnabler","Aspiration","BaseMod","Better Altar","Better Note","Better Sensory Stone","Better Skull","Better Third Choice","BetterRewards","Challenge The Spire","Conspire","Custom Start","Energized Spire","GifTheSpireLib","Hermit","Highlight Path","Hubris","Infinite Spire","Ironclad Rager","Marked Mod","Minty Spire (QoL Compilation)","Quick Restart","Rare Cards Sparkle","Relic Filter","Replay The Spire","Retaliation","Shade Mod","Shop Mod","Spicy Shops","Spikes Relics","StSLib","Stuff the Spire","The Blue Laboratory","The Cursed","The Runesmith","The Sage","The Servant 0.9.4","TheVacant","Thieving Mod","Virulent Crown","thorton"],"gold_per_floor":[118,118,118,42,58,58,89,89,89,104,36,36,55,74,74,202,202,218,239,252,184,198,232,256,281,281,281,281,305,320,320,364,377,377,502,502,517,94,94,109,132,132,132,132,168,171,201,115,142,159,185,211,215,349,355,370,386,393,400,413,431,439,273,305,311,492,351,60,63,90,187,190,193,197,200,205,284,307,313,318,350,94,104,106,112,114,116,222,226,222,224,227,231,235,253,258,281,334,330,282,287,292,297,302,279,279],"floor_reached":105,"playtime":9792,"items_purged":["Decay","Doubt","Pride"],"score":1852,"play_id":"f4906920-8c05-42e0-ac08-ca40f4d0525e","local_time":"20201216140234","is_ascension_mode":false,"campfire_choices":[{"floor":6,"key":"REST"},{"data":"Strike_S","floor":8,"key":"SMITH"},{"data":"Hightail","floor":15,"key":"SMITH"},{"floor":34,"key":"REST"},{"floor":44,"key":"RECALL"},{"data":"Duplication","floor":46,"key":"SMITH"},{"data":"BottledTime","floor":53,"key":"SMITH"},{"data":"DualDimension","floor":62,"key":"SMITH"},{"data":"infinitespire:FutureSight","floor":79,"key":"SMITH"},{"floor":87,"key":"DIG"},{"data":"Demonic Infusion","floor":96,"key":"SMITH"},{"data":"infinitespire:Collect","floor":102,"key":"SMITH"},{"data":"Exhume","floor":104,"key":"SMITH"}],"circlet_count":0,"master_deck":["Strike_S+1","Strike_S","Strike_S","Strike_S","Defend_S","Defend_S","Defend_S","Defend_S","KidneyShot","Exchange","hubris:Insight+1","Luminosity","Hightail+1","Injury","Injury","DoubleEdge+1","RealityMarble","GearUp","Collapse+1","FanOfKnives+1","Strike_S+1","Starlight+1","KillingDoll+1","Luminosity","Hightail+1","Rearm","SilverBlades","BottledTime+1","Collapse+1","Hightail+1","hermit:Maintenance+1","SilverBlades","Advance+1","Duplication+1","Replay:BasicMightCard","BestPractice+1","Advance+1","InstantArmor+1","Luminosity","Embodiment","DualDimension+1","SpecialFormula","FlawlessForm","DDmod:MulticlassingSkill","Sabotage+1","conspire:Banana","Inflame+1","DDmod:SpikedSkill","infinitespire:FutureSight+1","InstantArmor","Demonic Infusion+1","BottledTime+1","infinitespire:Execution","infinitespire:Collect+1","Hemokinesis+1","Exhume+1"],"relics":["SplendidAttire","Akabeko","sagemod:The_Guidebook_Guide","hubris:Zylophone","Golden Idol","Molten Egg 2","Blood Vial","hubris:MedicalManual","DollysMirror","ReplayTheSpireMod:CursedCoin","aspiration:TrustyKnives","aspiration:Lifesprig","BrokenLever","Sozu","Bird Faced Urn","thethorton:BankDeed","Replay:Mystery Machine","hubris:VirtuousBlindfold","StuffTheSpire:HeavyRock","aspiration:ChemicalBlood","Medical Kit","Membership Card","Ice Cream","Turnip","aspiration:IroncladSkillbook","thethorton:CrushedCigarette","Replay:Lucky Slots","Replay:Bottled Snecko","aspiration:TomeofQuesting","Chemical X","Prayer Wheel","PreservedInsect","Nunchaku","aspiration:RitualStick","hubris:SlimyHat","energizedSpire:MagnifyingGlass","hubris:Icosahedron","infinitespire:Satchel","Kunai"],"acts_visited":["Exordium","TheCity","TheBeyond","Exordium","TheCity","TheBeyond"],"potions_floor_usage":[16,16,16,20,20,29,32,32,32,32,35,35,54],"damage_taken":[{"damage":6,"enemies":"Jaw Worm","floor":1,"turns":2},{"damage":0,"enemies":"2 Louse","floor":5,"turns":3},{"damage":0,"enemies":"Gremlin Nob","floor":7,"turns":4},{"damage":0,"enemies":"Cultist","floor":10,"turns":2},{"damage":5,"enemies":"Blue Slaver","floor":13,"turns":2},{"damage":0,"enemies":"Gremlin Gang","floor":14,"turns":3},{"damage":0,"enemies":"Hexaghost","floor":16,"turns":5},{"damage":0,"enemies":"Shell Parasite","floor":18,"turns":1},{"damage":0,"enemies":"Spheric Guardian","floor":19,"turns":1},{"damage":0,"enemies":"Centurion and Healer","floor":20,"turns":4},{"damage":0,"enemies":"Snecko","floor":22,"turns":3},{"damage":17,"enemies":"Gremlin Leader","floor":23,"turns":3},{"damage":12,"enemies":"Snake Plant","floor":24,"turns":2},{"damage":8,"enemies":"Shelled Parasite and Fungi","floor":25,"turns":4},{"damage":14,"enemies":"Cultist and Chosen","floor":29,"turns":2},{"damage":0,"enemies":"Snecko","floor":30,"turns":3},{"damage":0,"enemies":"Book of Stabbing","floor":32,"turns":3},{"damage":0,"enemies":"conspire:HollyBat","floor":33,"turns":7},{"damage":8,"enemies":"Champ","floor":35,"turns":5},{"damage":16,"enemies":"3 Shapes","floor":37,"turns":3},{"damage":5,"enemies":"Orb Walker","floor":40,"turns":2},{"damage":0,"enemies":"Transient","floor":41,"turns":5},{"damage":0,"enemies":"Nightmare","floor":45,"turns":5},{"damage":5,"enemies":"3 Darklings","floor":49,"turns":2},{"damage":0,"enemies":"Sphere and 2 Shapes","floor":50,"turns":3},{"damage":0,"enemies":"Jaw Worm Horde","floor":51,"turns":4},{"damage":0,"enemies":"Spire Growth","floor":52,"turns":2},{"damage":4,"enemies":"Replay:Hell Engine","floor":54,"turns":9},{"damage":0,"enemies":"Small Slimes","floor":56,"turns":1},{"damage":0,"enemies":"Cultist","floor":57,"turns":2},{"damage":0,"enemies":"Jaw Worm","floor":60,"turns":1},{"damage":0,"enemies":"Exordium Thugs","floor":61,"turns":1},{"damage":0,"enemies":"Exordium Wildlife","floor":69,"turns":3},{"damage":0,"enemies":"conspire:MimicChest","floor":70,"turns":2},{"damage":0,"enemies":"Slime Boss","floor":71,"turns":4},{"damage":0,"enemies":"3 Byrds","floor":73,"turns":3},{"damage":0,"enemies":"Spheric Guardian","floor":74,"turns":2},{"damage":0,"enemies":"Snake Plant","floor":76,"turns":3},{"damage":17,"enemies":"Book of Stabbing","floor":78,"turns":3},{"damage":0,"enemies":"Sentry and Sphere","floor":80,"turns":2},{"damage":1,"enemies":"Gremlin Leader","floor":83,"turns":5},{"damage":0,"enemies":"Snecko","floor":85,"turns":2},{"damage":0,"enemies":"conspire:MysteriousRune","floor":88,"turns":3},{"damage":0,"enemies":"3 Darklings","floor":90,"turns":4},{"damage":0,"enemies":"3 Shapes","floor":91,"turns":4},{"damage":0,"enemies":"Sphere and 2 Shapes","floor":92,"turns":2},{"damage":0,"enemies":"Giant Head","floor":95,"turns":3},{"damage":0,"enemies":"Nightmare","floor":97,"turns":4},{"damage":0,"enemies":"3 Darklings","floor":99,"turns":3},{"damage":0,"enemies":"4 Shapes","floor":100,"turns":2},{"damage":95,"enemies":"Awakened One","floor":105,"turns":3}],"seed_played":"334526946637917872","potions_obtained":[{"floor":7,"key":"Weak Potion"},{"floor":10,"key":"PowerPotion"},{"floor":14,"key":"Energy Potion"},{"floor":16,"key":"Weak Potion"},{"floor":19,"key":"LiquidBronze"},{"floor":22,"key":"blueLaboratory:BottledHope"},{"floor":23,"key":"EntropicBrew"},{"floor":29,"key":"Block Potion"},{"floor":30,"key":"LifebloodPotion"},{"floor":32,"key":"blueLaboratory:SavagePotion"}],"is_trial":false,"path_per_floor":["M","?","?","$","M","R","E","R","T","M","$","?","M","M","R","B",null,"M","M","M","$","M","E","M","M","T","PTL","PTL","M","M","?","E","M","R","B",null,"M","$","?","M","M","PTL","PTL","R","NM","R","T","$","M","M","M","M","R","B",null,"M","M","?","?","M","M","R","$","T","?","?","$","$","M","R","B",null,"M","M","AVR","M","?","E","R","M","T","$","E","?","M","?","R","B",null,"M","M","M","?","?","E","R","NM","T","M","M","?","R","?","R","B"],"character_chosen":"THE_SERVANT","items_purchased":["Akabeko","Manipulate","hubris:Insight","sagemod:The_Guidebook_Guide","hubris:Zylophone","Luminosity","DoubleEdge+1","FanOfKnives+1","ReplayTheSpireMod:CursedCoin","aspiration:TrustyKnives","Replay:BasicMightCard","Bird Faced Urn","Luminosity","Sabotage+1","conspire:Banana","Medical Kit","Membership Card","Ice Cream","Chemical X","Prayer Wheel","PreservedInsect"],"campfire_rested":2,"item_purchase_floors":[0,0,0,0,0,0,4,11,21,21,38,38,48,63,63,67,68,68,82,82,82],"current_hp_per_floor":[28,28,28,28,28,47,47,47,47,49,49,49,46,48,48,50,65,65,65,65,65,65,48,38,32,32,32,32,20,22,22,24,26,45,39,65,49,49,49,54,65,65,65,65,65,65,65,65,60,65,65,65,65,65,65,65,65,65,65,65,65,65,65,65,53,53,53,53,66,67,68,68,70,71,71,72,65,60,60,74,74,74,75,60,76,76,76,78,78,79,81,81,81,81,82,82,83,83,84,85,65,65,65,65,0,0],"gold":279,"neow_bonus":"","is_daily":false,"chose_seed":false,"campfire_upgraded":9,"win_rate":0.0,"timestamp":1608148954,"path_taken":["M","?","?","$","M","R","E","R","T","M","$","?","M","M","R","BOSS","M","M","M","$","M","E","M","M","T","PTL","PTL","M","M","?","E","M","R","BOSS","M","$","?","M","M","PTL","PTL","R","NM","R","T","$","M","?","M","M","R","BOSS","M","M","?","?","M","M","R","$","T","?","?","?","$","M","R","BOSS","M","?","AVR","M","?","E","R","M","T","?","E","?","M","?","R","BOSS","M","M","M","?","?","E","R","NM","T","M","?","?","R","?","R","BOSS"],"items_purchased_type":["Relic","Card","Card","Relic","Relic","Card","Card","Card","Relic","Relic","Card","Relic","Card","Card","Card","Relic","Relic","Relic","Relic","Relic","Relic"],"build_version":"2020-12-13","purchased_purges":3,"victory":false,"max_hp_per_floor":[65,65,65,65,65,65,65,65,65,65,65,65,65,65,65,65,65,65,65,65,65,65,65,65,65,65,65,65,65,65,65,65,65,65,65,65,65,65,65,65,65,65,65,65,65,65,65,65,65,65,65,65,65,65,65,65,65,65,65,65,65,65,65,65,65,65,65,65,66,67,68,68,70,71,71,72,72,73,73,74,74,74,75,75,76,76,76,78,78,79,81,81,81,81,82,82,83,83,84,85,85,85,85,85,85,85],"card_choices":[{"not_picked":["Collapse","Alleviate"],"picked":"Hightail","floor":1},{"not_picked":["TimeWarp+1","Revamp"],"picked":"RealityMarble","floor":5},{"not_picked":["WasteNot","Alleviate"],"picked":"GearUp","floor":7},{"not_picked":["Rearm","Advance"],"picked":"Collapse+1","floor":10},{"not_picked":["StarChef","Replace","Foresight"],"picked":"SKIP","floor":13},{"not_picked":["FastForward","DoubleEdge+1"],"picked":"Starlight+1","floor":14},{"not_picked":["Solidify","Initiator+1"],"picked":"KillingDoll+1","floor":16},{"not_picked":["Spin+1","Desolation+1"],"picked":"Luminosity","floor":18},{"not_picked":["Rearm","Gouge+1"],"picked":"Hightail+1","floor":19},{"not_picked":["Snipe+1","Starlight+1"],"picked":"Rearm","floor":20},{"not_picked":["DoubleEdge+1","Unruled+1"],"picked":"SilverBlades","floor":22},{"not_picked":["Replace","Unruled+1","BestPractice"],"picked":"SKIP","floor":23},{"not_picked":["Contraction","Spin+1"],"picked":"BottledTime","floor":24},{"not_picked":["StarChef+1","TimeWarp+1"],"picked":"Collapse+1","floor":25},{"not_picked":["Moondial+1","Replace","PendulumOfEternity+1"],"picked":"SKIP","floor":29},{"not_picked":["Potential+1","RealityMarble"],"picked":"Hightail+1","floor":30},{"not_picked":["Rewind","FanOfKnives+1"],"picked":"SilverBlades","floor":32},{"not_picked":["TimeWarp+1","ShiftingGears"],"picked":"Advance+1","floor":33},{"not_picked":["Embodiment","Solidify"],"picked":"Duplication","floor":35},{"not_picked":["Spin+1","WasteNot","Rearm+1"],"picked":"SKIP","floor":37},{"not_picked":["MoonPhase+1","TimeWarp+1"],"picked":"BestPractice+1","floor":40},{"not_picked":["FastForward","Unruled+1"],"picked":"Advance+1","floor":41},{"not_picked":["Rearm","Defy+1"],"picked":"InstantArmor+1","floor":45},{"not_picked":["Desolation+1","Starlight+1"],"picked":"Embodiment","floor":49},{"not_picked":["FastForward+1","DoubleEdge+1"],"picked":"DualDimension","floor":50},{"not_picked":["ShatteredReality+1","Spin+1","BottledTime"],"picked":"SKIP","floor":51},{"not_picked":["Spin+1","BottledTime"],"picked":"SpecialFormula","floor":52},{"not_picked":["FloweringNight","KillingDoll+1"],"picked":"FlawlessForm","floor":54},{"not_picked":["Defy","TimeWarp+1","Replace"],"picked":"SKIP","floor":56},{"not_picked":["Revamp","Moondial","TimeWarp+1"],"picked":"SKIP","floor":57},{"not_picked":["Impatience","Magnetism"],"picked":"DDmod:MulticlassingSkill","floor":59},{"not_picked":["Spin+1","FastForward","BestPractice"],"picked":"SKIP","floor":60},{"not_picked":["Rearm","Snipe+1","KillingDoll+1"],"picked":"SKIP","floor":61},{"not_picked":["Advance","Replace","BestPractice"],"picked":"SKIP","floor":69},{"not_picked":["Clash+1","Combust","Ghostly Armor"],"picked":"Inflame+1","floor":73},{"not_picked":["DDmod:EasePowerCard","Havoc","Luminosity"],"picked":"DDmod:SpikedSkill","floor":74},{"not_picked":["FastForward","Twin Strike+1","Perfected Strike+1","DDmod:BurningFumesPowerCard"],"picked":"SKIP","floor":76},{"not_picked":["StuffTheSpire:RockThrow+1","Clothesline+1","Rewind+1","Shuttle+1"],"picked":"SKIP","floor":78},{"not_picked":["Intimidate","Impervious","Headbutt+1","Feel No Pain"],"picked":"SKIP","floor":80},{"not_picked":["Collapse+1","conspire:Purge","Disarm","ShatteredReality+1"],"picked":"SKIP","floor":83},{"not_picked":["StuffTheSpire:Incineration+1","Shrug It Off","DDmod:EasePowerCard"],"picked":"InstantArmor","floor":85},{"not_picked":["Wild Strike+1","DDmod:CallousedSkill+1","Snipe+1","ReplayTheSpireMod:Corrosion Curse+1"],"picked":"SKIP","floor":85},{"not_picked":["Offering","Impervious","ForgedInTime"],"picked":"Demonic Infusion","floor":88},{"not_picked":["Revamp+1","ICR:Frenzy+1","Shrug It Off+1"],"picked":"BottledTime+1","floor":90},{"not_picked":["DoubleEdge+1","Cleave+1","Absolvement+1","WasteNot"],"picked":"SKIP","floor":90},{"not_picked":["infinitespire:Punishment","infinitespire:NeuralNetwork"],"picked":"infinitespire:Execution","floor":91},{"not_picked":["StuffTheSpire:RockThrow+1","Unruled+1","Moondial+1","True Grit+1"],"picked":"SKIP","floor":91},{"not_picked":["FastForward+1","Havoc","TimeWarp+1","Clothesline+1"],"picked":"SKIP","floor":91},{"not_picked":["conspire:HitWhereItHurts+1","Flex+1","Pommel Strike+1","Sword Boomerang+1"],"picked":"SKIP","floor":92},{"not_picked":["SilverBlades","infinitespire:OneForAll+1","Run Through+1","Pommel Strike+1"],"picked":"SKIP","floor":92},{"not_picked":["Wild Strike+1","Moondial+1","Dark Embrace+1","Dual Wield+1"],"picked":"SKIP","floor":95},{"not_picked":["Replay:Fractal Strike","infinitespire:FinalStrike"],"picked":"infinitespire:Collect","floor":97},{"not_picked":["conspire:Charge+1","KillingDoll+1","hubris:ReadiedAction+1","Power Through+1"],"picked":"SKIP","floor":97},{"not_picked":["Ricochet+1","FastForward+1","Cleave+1"],"picked":"Hemokinesis+1","floor":99},{"not_picked":["TimeWarp+1","Defy","conspire:ExplosiveBarrier","Shrug It Off"],"picked":"SKIP","floor":99},{"not_picked":["Luminosity","Warcry+1","Shrug It Off","Rewind"],"picked":"SKIP","floor":100},{"not_picked":["BarbarianYell+1","Replay:Undeath\u0027s Touch+1","Iron Wave+1","Spot Weakness+1"],"picked":"SKIP","floor":100}],"player_experience":354160,"relics_obtained":[{"floor":7,"key":"Blood Vial"},{"floor":9,"key":"hubris:MedicalManual"},{"floor":23,"key":"aspiration:Lifesprig"},{"floor":32,"key":"BrokenLever"},{"floor":45,"key":"thethorton:BankDeed"},{"floor":47,"key":"Replay:Mystery Machine"},{"floor":64,"key":"StuffTheSpire:HeavyRock"},{"floor":70,"key":"Turnip"},{"floor":78,"key":"Replay:Bottled Snecko"},{"floor":81,"key":"aspiration:TomeofQuesting"},{"floor":83,"key":"Nunchaku"},{"floor":87,"key":"hubris:SlimyHat"},{"floor":95,"key":"infinitespire:Satchel"},{"floor":97,"key":"Kunai"}],"event_choices":[{"damage_healed":0,"gold_gain":0,"player_choice":"Take Wound","damage_taken":0,"relics_obtained":["Golden Idol"],"max_hp_gain":0,"max_hp_loss":0,"event_name":"Golden Idol","floor":2,"gold_loss":0,"cards_obtained":["Injury"]},{"cards_removed":["SilverBlades"],"damage_healed":0,"gold_gain":0,"player_choice":"Take \u0026 Give","damage_taken":0,"max_hp_gain":0,"max_hp_loss":0,"event_name":"betterNote:BetterNote","floor":31,"gold_loss":0,"cards_obtained":["hermit:Maintenance"]},{"cards_removed":["Clumsy"],"damage_healed":0,"gold_gain":0,"player_choice":"Purged","damage_taken":0,"max_hp_gain":0,"max_hp_loss":0,"event_name":"Purifier","floor":39,"gold_loss":0},{"damage_healed":0,"gold_gain":4,"player_choice":"1","damage_taken":0,"max_hp_gain":0,"max_hp_loss":0,"event_name":"betterStone:BetterStone","floor":59,"gold_loss":0},{"damage_healed":0,"gold_gain":0,"player_choice":"Relic ","damage_taken":12,"max_hp_gain":0,"max_hp_loss":0,"event_name":"betterThird:BetterScrap","floor":65,"gold_loss":0,"cards_obtained":["Toxin Wave"]},{"damage_healed":0,"gold_gain":175,"player_choice":"AGREE","damage_taken":317,"max_hp_gain":0,"max_hp_loss":0,"event_name":"betterThird:BetterSerpent","floor":66,"gold_loss":0},{"damage_healed":0,"gold_gain":75,"player_choice":"Touch","damage_taken":7,"max_hp_gain":0,"max_hp_loss":0,"event_name":"FaceTrader","floor":77,"gold_loss":0},{"cards_removed":["Manipulate"],"damage_healed":0,"gold_gain":0,"player_choice":"Purged","damage_taken":0,"max_hp_gain":0,"max_hp_loss":0,"event_name":"Purifier","floor":94,"gold_loss":0}],"is_beta":false,"boss_relics":[{"not_picked":["hubris:HollowSoul","energizedSpire:MagnifyingGlass"],"picked":"SplendidAttire"},{"not_picked":["Sandwich","thethorton:BottledFunds"],"picked":"Sozu"},{"not_picked":["Ring of Chaos","aspiration:PoetsPen_weak"],"picked":"hubris:VirtuousBlindfold"},{"not_picked":["aspiration:RitualDagger","conspire:SlowCooker"],"picked":"aspiration:IroncladSkillbook"},{"not_picked":["aspiration:PoetsPen_weak","Pandora\u0027s Box"],"picked":"energizedSpire:MagnifyingGlass"}],"items_purged_floors":[21,75,82],"is_endless":true,"potions_floor_spawned":[7,10,14,16,19,22,23,29,30,32,37,41,49,60,70,73,74,80,85,92,95,99,100],"killed_by":"Awakened One","ascension_level":0}}