{"host":"y9jgkjnf95sujozk","time":1608132494,"event":{"mods":["2.2 Compatiblity","AchievementEnabler","BaseMod","Block Reminder","Colored Map","Colored Powertips","Downfall","Friendly Minions","GifTheSpireLib","Hermit","Highlight Path","MarisaÅiñ∂âJÅ@ñÇóùçπÅj","Minty Spire (QoL Compilation)","Random Character Button","Rare Cards Sparkle","Replay The Spire","StSLib","SuperFastMode","The Animator","The Bug Knight","The Cursed","The Servant 0.9.4"],"gold_per_floor":[114,131,96,21,40,66,66,66,66,82,101,101,101,113,113,213,213,228,240,240,255,27,27,27,27],"floor_reached":24,"playtime":747,"items_purged":[],"score":198,"play_id":"b414aa5c-3e1e-4ef6-9ef7-45852508c5d9","local_time":"20201216162814","is_ascension_mode":false,"campfire_choices":[{"floor":8,"key":"REST"},{"data":"Guardian:MultiBeam","floor":13,"key":"SMITH"},{"data":"Guardian:Emergency","floor":15,"key":"SMITH"},{"floor":23,"key":"REST"}],"circlet_count":0,"master_deck":["Guardian:Strike_Guardian","Guardian:Strike_Guardian","Guardian:Strike_Guardian","Guardian:Strike_Guardian","Guardian:Defend_Guardian","Guardian:Defend_Guardian","Guardian:Defend_Guardian","Guardian:Defend_Guardian","Guardian:CurlUp","Guardian:TwinSlam","Guardian:TemporalStrike","Guardian:MultiBeam","Guardian:BronzeOrb","Guardian:ChargeCore","Guardian:Incinerate","Parasite","Guardian:Planning","Guardian:MultiBeam+1","Sickly","Guardian:Emergency+1","Guardian:ConstructionForm","Guardian:PrismaticBeam","Guardian:EvasiveProtocol","Guardian:PolyBeam","Guardian:Reroute","Guardian:Recover"],"relics":["Guardian:ModeShifter","FossilizedHelix","Meat on the Bone","Ring of Fangs","Sozu","Nloth\u0027s Gift","Medical Kit"],"acts_visited":["Exordium","TheCity"],"potions_floor_usage":[6,6,16,24],"damage_taken":[{"damage":6,"enemies":"2 Louse","floor":1,"turns":3},{"damage":0,"enemies":"Jaw Worm","floor":2,"turns":4},{"damage":0,"enemies":"Cultist","floor":5,"turns":3},{"damage":34,"enemies":"Lagavulin","floor":6,"turns":10},{"damage":0,"enemies":"Gremlin Gang","floor":10,"turns":3},{"damage":0,"enemies":"Lots of Slimes","floor":11,"turns":3},{"damage":0,"enemies":"Exordium Thugs","floor":14,"turns":3},{"damage":51,"enemies":"Hexaghost","floor":16,"turns":11},{"damage":37,"enemies":"3 Byrds","floor":18,"turns":7},{"damage":10,"enemies":"2 Thieves","floor":19,"turns":3},{"damage":12,"enemies":"Centurion and Healer","floor":21,"turns":14},{"damage":90,"enemies":"Slavers","floor":24,"turns":8}],"seed_played":"8198224687294420693","potions_obtained":[{"floor":2,"key":"Elixir"},{"floor":5,"key":"Swift Potion"},{"floor":11,"key":"ColorlessPotion"},{"floor":16,"key":"FearPotion"}],"is_trial":false,"path_per_floor":["M","M","?","$","M","E","?","R","T","M","M","?","R","M","R","B",null,"M","M","?","M","$","R","E"],"character_chosen":"GUARDIAN","items_purchased":["Guardian:BronzeOrb","Guardian:Reroute","Guardian:Recover","Medical Kit"],"campfire_rested":2,"item_purchase_floors":[4,22,22,22],"current_hp_per_floor":[82,82,88,88,88,54,76,88,88,88,88,88,88,88,88,49,88,51,53,53,53,53,79,0,0],"gold":27,"neow_bonus":"TEN_PERCENT_HP_BONUS","is_daily":false,"chose_seed":false,"campfire_upgraded":2,"win_rate":0.0,"timestamp":1608132494,"path_taken":["M","M","?","$","M","E","?","R","T","M","M","?","R","?","R","BOSS","M","M","?","?","?","R","E"],"items_purchased_type":["Card","Card","Card","Relic"],"build_version":"2020-12-13","purchased_purges":0,"victory":false,"max_hp_per_floor":[88,88,88,88,88,88,88,88,88,88,88,88,88,88,88,88,88,88,88,88,88,88,88,88,88],"card_choices":[{"not_picked":["Guardian:PrismaticBeam","Guardian:Gem_Blue"],"picked":"Guardian:TemporalStrike","floor":1},{"not_picked":["Guardian:RefractedBeam","Guardian:Reroute"],"picked":"Guardian:MultiBeam","floor":2},{"not_picked":["Guardian:PrimingBeam","Guardian:WalkerClaw"],"picked":"Guardian:ChargeCore","floor":5},{"not_picked":["Guardian:SpikerProtocol","Guardian:RollAttack"],"picked":"Guardian:Incinerate","floor":6},{"not_picked":["Guardian:Incinerate","Guardian:Preprogram"],"picked":"Guardian:Planning","floor":10},{"not_picked":["Guardian:Gem_Cyan","Guardian:Suspension"],"picked":"Guardian:MultiBeam","floor":11},{"not_picked":["Guardian:PrismaticBeam","Guardian:ShieldSpikes"],"picked":"Guardian:Emergency","floor":14},{"not_picked":["Guardian:Gem_Orange","Guardian:RevengeProtocol"],"picked":"Guardian:ConstructionForm","floor":16},{"not_picked":["Guardian:CrystalBeam","Guardian:Gem_Lightblue"],"picked":"Guardian:PrismaticBeam","floor":18},{"not_picked":["Guardian:Gem_Red","Guardian:PiercingHide"],"picked":"Guardian:EvasiveProtocol","floor":19},{"not_picked":["Guardian:Gem_Lightblue","Guardian:VentSteam"],"picked":"Guardian:PolyBeam","floor":21}],"player_experience":95504,"relics_obtained":[{"floor":6,"key":"FossilizedHelix"},{"floor":9,"key":"Meat on the Bone"},{"floor":12,"key":"Ring of Fangs"},{"floor":12,"key":"Ring of Panic"}],"event_choices":[{"damage_healed":22,"gold_gain":0,"player_choice":"Healed","damage_taken":0,"max_hp_gain":0,"max_hp_loss":0,"event_name":"The Cleric","floor":3,"gold_loss":35},{"damage_healed":22,"gold_gain":0,"player_choice":"Healed and dodged fight","damage_taken":0,"max_hp_gain":0,"max_hp_loss":0,"event_name":"Mushrooms","floor":7,"gold_loss":0,"cards_obtained":["Parasite"]},{"damage_healed":0,"gold_gain":0,"player_choice":"Traded Relic","damage_taken":0,"relics_obtained":["Nloth\u0027s Gift"],"max_hp_gain":0,"max_hp_loss":0,"event_name":"N\u0027loth","floor":20,"relics_lost":["Ring of Panic"],"gold_loss":0}],"is_beta":false,"boss_relics":[{"not_picked":["Calling Bell","Tiny House"],"picked":"Sozu"}],"items_purged_floors":[],"is_endless":false,"potions_floor_spawned":[2,5,11,16,18],"killed_by":"Slavers","ascension_level":0}}