{"host":"jak4ncvfzor9mys0","time":1608077796,"event":{"mods":["2.2 Compatiblity","AchievementEnabler","BaseMod","Better Altar","Better Match","Better Note","Better Sensory Stone","Better Skull","Better Third Choice","BetterRewards","Block Reminder","Colored Map","Colored Powertips","Energized Spire","Gold Saver","Hubris","Infinite Spire","Key Reminder","Minty Spire (QoL Compilation)","Rare Cards Sparkle","Red Circlet Mod","Relic Sorter","Relic Stats","Replay The Spire","Retaliation","StSLib","SuperFastMode","The Blue Laboratory"],"gold_per_floor":[386,260,279,279,291,291,291,291,316,332,232,232,265,277,277,381,381,400,417,417,417,466,495,513,513,513,513,50,60,78,104,104,209,209,236,267,137,165,165,205,233,267,267,303,337,187,210,243,243,359,359,395,124,148,148,170,192,192,213,213,113,113,139,92,116,116,215,215,238,267,140,164,181,210,238,113,186,186,276,305,305,305,305,399,399,436,436,459,796,852,852,914,914,914,914,914,956,956,956,956,1098,1098,1098,885,959,938,938],"floor_reached":106,"playtime":2738,"items_purged":["Strike_R","Doubt","hubris:Despair","Spreading Infection","hubris:Compulsion","Defend_R+1","Defend_R+1","Strike_R+1","Strike_R+1","Strike_R+1","Strike_R+1"],"score":2863,"play_id":"92c9bcee-afce-42b3-9c9e-c756171c2647","local_time":"20201215161636","is_ascension_mode":false,"campfire_choices":[{"data":"Whirlwind","floor":6,"key":"SMITH"},{"data":"Perfected Strike","floor":8,"key":"SMITH"},{"data":"Twin Strike","floor":12,"key":"SMITH"},{"data":"Shrug It Off","floor":15,"key":"SMITH"},{"data":"Perfected Strike","floor":27,"key":"SMITH"},{"floor":32,"key":"REST"},{"data":"Limit Break","floor":49,"key":"SMITH"},{"data":"Shrug It Off","floor":58,"key":"SMITH"},{"data":"Pommel Strike","floor":66,"key":"SMITH"},{"data":"ReplayTheSpireMod:LeadingStrike","floor":78,"key":"SMITH"},{"data":"Twin Strike","floor":83,"key":"SMITH"},{"floor":91,"key":"REST"},{"floor":93,"key":"REST"},{"floor":95,"key":"REST"},{"floor":100,"key":"REST"},{"floor":103,"key":"DIG"}],"circlet_count":0,"master_deck":["Defend_R+1","Defend_R+1","Flex+1","Whirlwind+1","Twin Strike+1","Perfected Strike+1","Shrug It Off+1","Limit Break+1","Pommel Strike+1","Perfected Strike+1","infinitespire:FinalStrike+1","hubris:ReadiedAction+1","ReplayTheSpireMod:Muscle Training+1","Pommel Strike+1","Shrug It Off+1","Shrug It Off+1","Pommel Strike+1","Pommel Strike+1","ReplayTheSpireMod:LeadingStrike+1","Twin Strike+1","Twin Strike+1","Twin Strike+1","Decay","infinitespire:FinalStrike+1","CurseOfTheBell","Shrug It Off+1","hubris:Compulsion","hubris:Compulsion"],"relics":["Burning Blood","infinitespire:Eraser","Tiny Chest","infinitespire:Beetle Shell","betterThird:SlimedRelic","hubris:Metronome","hubris:SlimyHat","Ring of Hypnosis","Ring of Searing","Potion Belt","hubris:IronBody","Cursed Key","Juzu Bracelet","Gremlin Food","Shovel","Bottled Flame","Membership Card","Question Card","Torii","infinitespire:EvilPickle","Empty Cage","hubris:MysteriousPyramids","Pear","Bag of Marbles","Replay:Wax Seal","TungstenRod","infinitespire:Bottled Soul","Pantograph","Molten Egg 2","Ice Cream","Shuriken","Calling Bell","Replay:Arrowhead","Chameleon Ring","infinitespire:Lucky Rock","Old Coin","Mango","Iron Hammer","Mirror","ClockworkSouvenir","hubris:ChampionShield"],"acts_visited":["Exordium","TheCity","TheBeyond","Exordium","TheCity","TheBeyond","TheEnding"],"potions_floor_usage":[13,31,33,40,40,41,45,50,50,50,50,74,84,84,84,88,101,101,106,106],"damage_taken":[{"damage":6,"enemies":"Cultist","floor":1,"turns":3},{"damage":1,"enemies":"Jaw Worm","floor":3,"turns":4},{"damage":9,"enemies":"Small Slimes","floor":5,"turns":3},{"damage":0,"enemies":"3 Louse","floor":10,"turns":1},{"damage":19,"enemies":"Lagavulin","floor":13,"turns":4},{"damage":0,"enemies":"Blue Slaver","floor":14,"turns":2},{"damage":34,"enemies":"The Guardian","floor":16,"turns":8},{"damage":10,"enemies":"Spheric Guardian","floor":18,"turns":3},{"damage":10,"enemies":"Chosen","floor":19,"turns":3},{"damage":21,"enemies":"Slavers","floor":23,"turns":4},{"damage":0,"enemies":"3 Cultists","floor":24,"turns":2},{"damage":6,"enemies":"Shelled Parasite and Fungi","floor":29,"turns":2},{"damage":7,"enemies":"Centurion and Healer","floor":30,"turns":2},{"damage":22,"enemies":"Gremlin Leader","floor":31,"turns":3},{"damage":12,"enemies":"Pondfish","floor":33,"turns":7},{"damage":5,"enemies":"3 Shapes","floor":35,"turns":2},{"damage":10,"enemies":"3 Darklings","floor":36,"turns":3},{"damage":16,"enemies":"Maw","floor":38,"turns":5},{"damage":21,"enemies":"Nightmare","floor":40,"turns":6},{"damage":14,"enemies":"Spire Growth","floor":41,"turns":3},{"damage":1,"enemies":"Transient","floor":42,"turns":5},{"damage":3,"enemies":"Maw","floor":44,"turns":5},{"damage":0,"enemies":"Writhing Mass","floor":45,"turns":3},{"damage":2,"enemies":"Sphere and 2 Shapes","floor":47,"turns":2},{"damage":15,"enemies":"Maw","floor":48,"turns":4},{"damage":14,"enemies":"hubris:GrandSnecko","floor":50,"turns":12},{"damage":0,"enemies":"Small Slimes","floor":52,"turns":1},{"damage":0,"enemies":"2 Louse","floor":54,"turns":1},{"damage":0,"enemies":"Cultist","floor":56,"turns":1},{"damage":0,"enemies":"Blue Slaver","floor":57,"turns":1},{"damage":4,"enemies":"2 Fungi Beasts","floor":59,"turns":2},{"damage":4,"enemies":"Lagavulin","floor":63,"turns":2},{"damage":0,"enemies":"Looter","floor":65,"turns":1},{"damage":4,"enemies":"Slime Boss","floor":67,"turns":2},{"damage":0,"enemies":"Chosen","floor":69,"turns":1},{"damage":0,"enemies":"2 Thieves","floor":70,"turns":1},{"damage":0,"enemies":"Centurion and Healer","floor":72,"turns":1},{"damage":0,"enemies":"Snecko","floor":73,"turns":1},{"damage":20,"enemies":"Slavers","floor":74,"turns":2},{"damage":0,"enemies":"Snake Plant","floor":75,"turns":1},{"damage":0,"enemies":"Colosseum Slavers","floor":79,"turns":1},{"damage":4,"enemies":"Colosseum Nobs","floor":79,"turns":2},{"damage":0,"enemies":"Chosen and Byrds","floor":80,"turns":1},{"damage":61,"enemies":"Champ","floor":84,"turns":6},{"damage":14,"enemies":"3 Shapes","floor":86,"turns":2},{"damage":7,"enemies":"3 Darklings","floor":88,"turns":4},{"damage":39,"enemies":"Mind Bloom Boss Battle","floor":89,"turns":4},{"damage":25,"enemies":"Writhing Mass","floor":90,"turns":3},{"damage":25,"enemies":"Giant Head","floor":92,"turns":5},{"damage":20,"enemies":"2 Orb Walkers","floor":97,"turns":2},{"damage":90,"enemies":"Donu and Deca","floor":101,"turns":6},{"damage":29,"enemies":"Shield and Spear","floor":105,"turns":3},{"damage":123,"enemies":"The Heart","floor":106,"turns":5}],"seed_played":"3735240595568529656","potions_obtained":[{"floor":1,"key":"Fire Potion"},{"floor":3,"key":"Swift Potion"},{"floor":5,"key":"blueLaboratory:BubblePotion"},{"floor":18,"key":"Milkshake"},{"floor":23,"key":"Explosive Potion"},{"floor":29,"key":"blueLaboratory:BottleOfRum"},{"floor":31,"key":"AttackPotion"},{"floor":35,"key":"blueLaboratory:ImpenetrablePotion"},{"floor":40,"key":"blueLaboratory:FruitPunch"},{"floor":42,"key":"blueLaboratory:BubblePotion"},{"floor":45,"key":"EssenceOfSteel"},{"floor":48,"key":"BloodPotion"},{"floor":56,"key":"blueLaboratory:FrostheartPotion"},{"floor":59,"key":"Languid Potion"},{"floor":67,"key":"blueLaboratory:ArtificerPotion"},{"floor":69,"key":"Energy Potion"},{"floor":74,"key":"Languid Potion"},{"floor":84,"key":"Dexterity Potion"},{"floor":86,"key":"LifebloodPotion"},{"floor":101,"key":"blueLaboratory:PhilterOfMotion"}],"is_trial":false,"path_per_floor":["M","$","M","?","M","R","?","R","T","M","$","R","E","M","R","B",null,"M","M","?","?","T","E","M","AVR","T","R","$","M","M","E","R","B",null,"M","M","$","M","?","NM","M","M","T","M","M","$","M","M","R","B",null,"M","$","M","?","M","M","R","M","T","$","?","E","?","M","R","B",null,"M","M","$","M","M","E","M","$","T","R","?","M","AVR","?","R","B",null,"M","?","M","?","M","R","E","R","T","R","?","?","?","T","R","B",null,"R","$","E","B"],"character_chosen":"IRONCLAD","items_purchased":["hubris:SlimyHat","Flex+1","Whirlwind","Twin Strike","Membership Card","Question Card","hubris:Metronome","hubris:MysteriousPyramids","Bag of Marbles","Replay:Wax Seal","Shrug It Off","TungstenRod","Twin Strike","ClockworkSouvenir"],"campfire_rested":5,"item_purchase_floors":[0,0,0,2,28,28,28,37,46,53,53,53,71,104],"current_hp_per_floor":[80,80,80,64,61,61,61,61,61,67,67,67,54,60,60,32,80,76,72,72,72,72,57,63,63,63,63,63,63,62,46,70,64,80,80,76,76,66,66,51,45,50,60,63,69,69,73,64,64,74,92,92,92,92,81,87,92,92,92,92,92,92,92,82,88,88,90,92,92,92,92,92,92,78,84,84,84,84,92,92,92,92,92,37,92,84,84,83,59,40,67,48,75,75,92,92,92,92,92,106,22,106,106,106,83,0,0],"gold":938,"neow_bonus":"","is_daily":false,"chose_seed":false,"campfire_upgraded":10,"win_rate":0.0,"timestamp":1608077796,"path_taken":["M","$","M","?","M","R","?","R","T","M","$","R","E","M","R","BOSS","M","M","?","?","?","E","M","AVR","T","R","$","M","M","E","R","BOSS","M","M","$","M","?","NM","M","M","T","M","M","$","M","M","R","BOSS","M","$","M","?","M","M","R","M","T","$","?","E","?","M","R","BOSS","M","M","$","M","M","E","M","$","T","R","?","M","AVR","?","R","BOSS","M","?","M","?","M","R","E","R","T","R","?","?","?","?","R","BOSS","R","$","E","BOSS"],"items_purchased_type":["Relic","Card","Card","Card","Relic","Relic","Relic","Relic","Relic","Relic","Card","Relic","Card","Relic"],"build_version":"2020-12-13","purchased_purges":11,"victory":false,"max_hp_per_floor":[80,80,80,80,80,80,80,80,80,80,80,80,80,80,80,80,80,80,80,80,80,80,80,80,80,80,80,80,80,80,80,80,80,80,80,80,80,80,80,80,82,82,92,92,92,92,92,92,92,92,92,92,92,92,92,92,92,92,92,92,92,92,92,92,92,92,92,92,92,92,92,92,92,92,92,92,92,92,92,92,92,92,92,92,92,92,92,92,92,92,92,92,92,92,92,92,106,106,106,106,106,106,106,106,106,106,106],"relic_stats":{"Shovel":1,"Torii":30,"counters":[110,468],"Shuriken":[27],"Pantograph":32,"Tiny Chest":1,"Juzu Bracelet":2,"Cursed Key":6,"Question Card":90,"obtain_stats":[{"Ice Cream":79,"hubris:CrystalStatue":19,"Bottled Tornado":28,"hubris:MysteriousPyramids":37,"Ring of Searing":7,"Old Coin":89,"energizedSpire:TabascoSauce":17,"Iron Hammer":99,"Replay:Wax Seal":53,"Pear":43,"Ring of Hypnosis":7,"Ring of Chaos":25,"infinitespire:Beetle Shell":40,"Question Card":28,"Akabeko":5,"infinitespire:EvilPickle":33,"ReplayTheSpireMod:Spearhead":0,"Bottled Flame":26,"DDmod:StuhbiRelic":10,"Shuriken":0,"Molten Egg 2":77,"hubris:ToyBattleship":24,"Mirror":103,"Pocketwatch":2,"hubris:Metronome":9,"Lantern":6,"Torii":31,"Blue Doll":5,"Mango":97,"hubris:SlimyHat":0,"Juzu Bracelet":22,"Cursed Key":17,"Empty Cage":34,"Burning Blood":0,"ClockworkSouvenir":3,"Shovel":13,"Chameleon Ring":85,"infinitespire:Bottled Soul":63,"hubris:Stopwatch":17,"Pantograph":74,"hubris:ScarierMask":17,"Tiny Chest":9,"hubris:IronBody":13,"Replay:Bottled Eggs":26,"infinitespire:Eraser":94,"hubris:ChampionShield":105,"energizedSpire:DecayingSkull":17,"Red Skull":3,"Potion Belt":9,"Gremlin Food":23,"hubris:DisguiseKit":11,"NeowsBlessing":0,"infinitespire:CursedDice":7,"Golden Idol":5,"Replay:WaspNest":0,"PreservedInsect":9,"infinitespire:Lucky Rock":7,"Replay:Arrowhead":85,"Calling Bell":85,"Cauldron":25,"betterThird:SlimedRelic":2,"Bag of Marbles":46,"Membership Card":0,"Champion Belt":6,"DDmod:BarbedSlagRelic":11,"ReplayTheSpireMod:Lightbulb":8,"TungstenRod":53,"infinitespire:Midas Blood":4},{"Ice Cream":99,"hubris:CrystalStatue":8,"Bottled Tornado":12,"hubris:MysteriousPyramids":74,"Ring of Searing":60,"Old Coin":104,"energizedSpire:TabascoSauce":54,"Iron Hammer":107,"Replay:Wax Seal":84,"Pear":78,"Ring of Hypnosis":60,"Ring of Chaos":11,"infinitespire:Beetle Shell":76,"Question Card":68,"Akabeko":2,"infinitespire:EvilPickle":72,"ReplayTheSpireMod:Spearhead":37,"Bottled Flame":68,"DDmod:StuhbiRelic":29,"Shuriken":47,"Molten Egg 2":97,"hubris:ToyBattleship":11,"Mirror":108,"Pocketwatch":38,"hubris:Metronome":3,"Lantern":51,"Torii":71,"Blue Doll":16,"Mango":107,"hubris:SlimyHat":57,"Juzu Bracelet":66,"Cursed Key":64,"Empty Cage":72,"Burning Blood":0,"ClockworkSouvenir":15,"Shovel":30,"Chameleon Ring":101,"infinitespire:Bottled Soul":89,"hubris:Stopwatch":7,"Pantograph":96,"hubris:ScarierMask":32,"Tiny Chest":17,"hubris:IronBody":62,"Replay:Bottled Eggs":11,"infinitespire:Eraser":106,"hubris:ChampionShield":109,"energizedSpire:DecayingSkull":20,"Red Skull":25,"Potion Belt":60,"Gremlin Food":67,"hubris:DisguiseKit":4,"NeowsBlessing":0,"infinitespire:CursedDice":17,"Golden Idol":26,"Replay:WaspNest":24,"PreservedInsect":29,"infinitespire:Lucky Rock":3,"Replay:Arrowhead":101,"Calling Bell":101,"Cauldron":11,"betterThird:SlimedRelic":1,"Bag of Marbles":80,"Membership Card":14,"Champion Belt":27,"DDmod:BarbedSlagRelic":29,"ReplayTheSpireMod:Lightbulb":41,"TungstenRod":84,"infinitespire:Midas Blood":39},{"Ice Cream":427,"hubris:CrystalStatue":35,"Bottled Tornado":59,"hubris:MysteriousPyramids":361,"Ring of Searing":315,"Old Coin":444,"energizedSpire:TabascoSauce":283,"Iron Hammer":454,"Replay:Wax Seal":407,"Pear":380,"Ring of Hypnosis":315,"Ring of Chaos":55,"infinitespire:Beetle Shell":372,"Question Card":342,"Akabeko":2,"infinitespire:EvilPickle":356,"ReplayTheSpireMod:Spearhead":202,"Bottled Flame":342,"DDmod:StuhbiRelic":152,"Shuriken":256,"Molten Egg 2":424,"hubris:ToyBattleship":55,"Mirror":460,"Pocketwatch":205,"hubris:Metronome":3,"Lantern":269,"Torii":349,"Blue Doll":82,"Mango":454,"hubris:SlimyHat":305,"Juzu Bracelet":336,"Cursed Key":330,"Empty Cage":356,"Burning Blood":0,"ClockworkSouvenir":78,"Shovel":159,"Chameleon Ring":434,"infinitespire:Bottled Soul":414,"hubris:Stopwatch":26,"Pantograph":423,"hubris:ScarierMask":174,"Tiny Chest":89,"hubris:IronBody":320,"Replay:Bottled Eggs":55,"infinitespire:Eraser":452,"hubris:ChampionShield":463,"energizedSpire:DecayingSkull":106,"Red Skull":134,"Potion Belt":315,"Gremlin Food":340,"hubris:DisguiseKit":5,"NeowsBlessing":0,"infinitespire:CursedDice":89,"Golden Idol":137,"Replay:WaspNest":132,"PreservedInsect":152,"infinitespire:Lucky Rock":3,"Replay:Arrowhead":434,"Calling Bell":434,"Cauldron":55,"betterThird:SlimedRelic":1,"Bag of Marbles":388,"Membership Card":75,"Champion Belt":144,"DDmod:BarbedSlagRelic":152,"ReplayTheSpireMod:Lightbulb":215,"TungstenRod":407,"infinitespire:Midas Blood":209}],"Burning Blood":501,"TungstenRod":65},"card_choices":[{"not_picked":["Havoc","Dual Wield","Pommel Strike"],"picked":"SKIP","floor":1},{"not_picked":["DDmod:SpikedSkill","Body Slam","True Grit"],"picked":"SKIP","floor":3},{"not_picked":["Demonic Infusion","Fire Breathing"],"picked":"Perfected Strike","floor":5},{"not_picked":["ReplayTheSpireMod:Strike From Hell","hubris:ReadiedAction","hubris:SharpeningStone"],"picked":"SKIP","floor":10},{"not_picked":["Sword Boomerang","Flex","Ghostly Armor"],"picked":"SKIP","floor":13},{"not_picked":["Searing Blow","Bloodletting"],"picked":"Shrug It Off","floor":14},{"not_picked":["Barricade","Bludgeon"],"picked":"Limit Break","floor":16},{"not_picked":["Warcry","DDmod:PokeAttack"],"picked":"Pommel Strike+1","floor":18},{"not_picked":["Warcry+1","Second Wind","Heavy Blade+1"],"picked":"SKIP","floor":19},{"not_picked":["Anger","DDmod:CallousedSkill+1","Immolate"],"picked":"SKIP","floor":23},{"not_picked":["Fire Breathing+1","Intimidate"],"picked":"Perfected Strike","floor":24},{"not_picked":["Clothesline","Disarm","Entrench+1","Sword Boomerang"],"picked":"SKIP","floor":29},{"not_picked":["Reckless Charge","Combust","Metallicize"],"picked":"hubris:ReadiedAction","floor":30},{"not_picked":["ReplayTheSpireMod:Limb From Limb+1","Clothesline","hubris:ReadiedAction+1","Anger"],"picked":"SKIP","floor":31},{"not_picked":["Sentinel+1","Carnage+1","Heavy Blade+1"],"picked":"ReplayTheSpireMod:Muscle Training+1","floor":35},{"not_picked":["Cleave","ReplayTheSpireMod:Corrosion Curse+1","Flex+1","Uppercut+1"],"picked":"SKIP","floor":36},{"not_picked":["DDmod:SpikedSkill+1","Evolve","Intimidate"],"picked":"Pommel Strike+1","floor":38},{"not_picked":["Second Wind","Run Through","Barricade","Evolve+1"],"picked":"SKIP","floor":40},{"not_picked":["Sword Boomerang","Reckless Charge+1","Clothesline","Massacre"],"picked":"SKIP","floor":41},{"not_picked":["hubris:ReadiedAction","DDmod:SpikeMailSkill+1","Flex","Cleave"],"picked":"SKIP","floor":42},{"not_picked":["Clash+1","ReplayTheSpireMod:Strike From Hell","DDmod:SpikeMailSkill+1","DDmod:EasePowerCard"],"picked":"SKIP","floor":44},{"not_picked":["Intimidate+1","Hemogenesis","hubris:ReadiedAction","Armaments"],"picked":"SKIP","floor":45},{"not_picked":["Flex","Run Through","Thunderclap+1","DDmod:EasePowerCard+1"],"picked":"SKIP","floor":47},{"not_picked":["Run Through","DDmod:SpikedSkill","ReplayTheSpireMod:Muscle Training","Clash"],"picked":"SKIP","floor":48},{"not_picked":["Armaments","DDmod:PokeAttack","DDmod:SpikeMailSkill","Replay:Undeath\u0027s Touch"],"picked":"SKIP","floor":52},{"not_picked":["DDmod:SpikeMailSkill","Flex","Shockwave","True Grit"],"picked":"SKIP","floor":54},{"not_picked":["Wild Strike","Body Slam","Offering","ReplayTheSpireMod:Corrosion Curse"],"picked":"SKIP","floor":56},{"not_picked":["DDmod:SpikedSkill","Dropkick","DDmod:UnstoppableAttack"],"picked":"Shrug It Off","floor":57},{"not_picked":["Cleave","Armaments","infinitespire:OneForAll","Heavy Blade"],"picked":"SKIP","floor":59},{"not_picked":["Dark Embrace","DDmod:SpikedSkill","True Grit"],"picked":"Pommel Strike","floor":63},{"not_picked":["DDmod:SpikedSkill","Rampage","Bloodletting","Fire Breathing"],"picked":"SKIP","floor":65},{"not_picked":["Run Through","Armaments","ReplayReversal"],"picked":"Pommel Strike","floor":69},{"not_picked":["Massacre","Evolve+1","Cleave"],"picked":"ReplayTheSpireMod:LeadingStrike","floor":70},{"not_picked":["Anger","Flex","Body Slam","Massacre+1"],"picked":"SKIP","floor":72},{"not_picked":["Thunderclap","Power Through","Flex","Corruption"],"picked":"SKIP","floor":73},{"not_picked":["Flame Barrier","DDmod:SpikeInjectionSkill+1","Life Link"],"picked":"Twin Strike","floor":74},{"not_picked":["DDmod:PokeAttack","Warcry","Wild Strike+1"],"picked":"Twin Strike","floor":75},{"not_picked":["Disarm","Armaments","Power Through+1","Body Slam+1"],"picked":"SKIP","floor":80},{"not_picked":["Headbutt+1","Cleave+1","Thunderclap+1"],"picked":"Shrug It Off","floor":86},{"not_picked":["Uppercut+1","Evolve+1","Shrug It Off+1","Iron Wave+1"],"picked":"SKIP","floor":88},{"not_picked":["Sword Boomerang+1","Pommel Strike+1","Twin Strike+1","DDmod:UnstoppableAttack+1"],"picked":"SKIP","floor":90},{"not_picked":["Entrench","Barricade","Cleave+1","DDmod:SpikeMailSkill"],"picked":"SKIP","floor":92},{"not_picked":["Fire Breathing","Cleave+1","Ghostly Armor","Pommel Strike+1"],"picked":"SKIP","floor":105}],"player_experience":2613346,"relics_obtained":[{"floor":7,"key":"Ring of Hypnosis"},{"floor":7,"key":"Ring of Searing"},{"floor":9,"key":"Potion Belt"},{"floor":13,"key":"hubris:IronBody"},{"floor":22,"key":"Juzu Bracelet"},{"floor":23,"key":"Gremlin Food"},{"floor":26,"key":"Bottled Flame"},{"floor":31,"key":"Torii"},{"floor":40,"key":"infinitespire:Beetle Shell"},{"floor":43,"key":"Pear"},{"floor":63,"key":"infinitespire:Bottled Soul"},{"floor":74,"key":"Pantograph"},{"floor":77,"key":"Molten Egg 2"},{"floor":79,"key":"Ice Cream"},{"floor":79,"key":"Shuriken"},{"floor":85,"key":"Replay:Arrowhead"},{"floor":85,"key":"Chameleon Ring"},{"floor":85,"key":"infinitespire:Lucky Rock"},{"floor":89,"key":"Old Coin"},{"floor":92,"key":"Tiny Chest"},{"floor":94,"key":"infinitespire:Eraser"},{"floor":97,"key":"Mango"},{"floor":99,"key":"Iron Hammer"},{"floor":103,"key":"Mirror"},{"floor":105,"key":"hubris:ChampionShield"}],"event_choices":[{"damage_healed":80,"gold_gain":0,"player_choice":"Upgrade","damage_taken":16,"max_hp_gain":0,"max_hp_loss":80,"event_name":"betterThird:BetterShining","floor":4,"gold_loss":0,"cards_upgraded":["Defend_R","Defend_R"]},{"cards_removed":["Defend_R"],"damage_healed":0,"gold_gain":0,"player_choice":"Take \u0026 Give","damage_taken":0,"max_hp_gain":0,"max_hp_loss":0,"event_name":"betterNote:BetterNote","floor":20,"gold_loss":0,"cards_obtained":["Strike_R"]},{"damage_healed":0,"gold_gain":0,"player_choice":"Simplicity","damage_taken":0,"max_hp_gain":0,"max_hp_loss":7,"event_name":"betterThird:BetterWriting","floor":21,"gold_loss":0},{"damage_healed":0,"gold_gain":0,"player_choice":"UP ","damage_taken":15,"relics_obtained":[],"max_hp_gain":0,"max_hp_loss":0,"event_name":"betterSkull:BetterSkull","floor":55,"gold_loss":0,"cards_upgraded":["Shrug It Off"]},{"damage_healed":0,"gold_gain":0,"player_choice":"Grow","damage_taken":0,"max_hp_gain":0,"max_hp_loss":0,"event_name":"Living Wall","floor":62,"gold_loss":0,"cards_upgraded":["infinitespire:FinalStrike"]},{"damage_healed":0,"gold_gain":0,"player_choice":"Slimed","damage_taken":11,"max_hp_gain":0,"max_hp_loss":0,"event_name":"betterThird:BetterGoop","floor":64,"gold_loss":47},{"damage_healed":0,"gold_gain":0,"player_choice":"Fight","damage_taken":0,"max_hp_gain":0,"max_hp_loss":0,"event_name":"Colosseum","floor":79,"gold_loss":0},{"damage_healed":0,"gold_gain":0,"player_choice":"Fought Nobs","damage_taken":0,"max_hp_gain":0,"max_hp_loss":0,"event_name":"Colosseum","floor":79,"gold_loss":0},{"damage_healed":0,"gold_gain":6,"player_choice":"1","damage_taken":0,"max_hp_gain":0,"max_hp_loss":0,"event_name":"betterStone:BetterStone","floor":87,"gold_loss":0},{"damage_healed":0,"gold_gain":0,"player_choice":"Fight","damage_taken":0,"max_hp_gain":0,"max_hp_loss":0,"event_name":"MindBloom","floor":89,"gold_loss":0},{"damage_healed":0,"gold_gain":0,"player_choice":"Ignored","damage_taken":0,"max_hp_gain":0,"max_hp_loss":0,"event_name":"Tomb of Lord Red Mask","floor":96,"gold_loss":0},{"damage_healed":0,"gold_gain":0,"player_choice":"Fight","damage_taken":0,"max_hp_gain":0,"max_hp_loss":0,"event_name":"Mysterious Sphere","floor":97,"gold_loss":0}],"is_beta":false,"boss_relics":[{"not_picked":["Replay:Bronze Core","energizedSpire:TabascoSauce"],"picked":"Cursed Key"},{"not_picked":["Electric Blood","Fusion Hammer"],"picked":"Empty Cage"},{"not_picked":["hubris:GrandSneckoEye","Snecko Heart","hubris:TerracottaHorce"]},{"not_picked":["energizedSpire:TabascoSauce","Replay:Bronze Core","hubris:CrackedHourglass"]},{"not_picked":["hubris:HollowSoul","Replay:Wanted Poster"],"picked":"Calling Bell"},{"not_picked":["energizedSpire:OgreHead","Coffee Dripper","energizedSpire:DecayingSkull"]}],"items_purged_floors":[2,11,25,28,46,53,61,71,76,81,104],"is_endless":true,"potions_floor_spawned":[1,3,5,18,23,29,30,31,35,38,40,42,45,48,56,59,67,69,73,74,79,84,86,90,101],"killed_by":"The Heart","ascension_level":0}}