{"host":"fdq5pmhluajjrf8d","time":1608083946,"event":{"mods":["BaseMod","Minty Spire (QoL Compilation)"],"gold_per_floor":[113,38,38,188,188,188,217,28,55,55,55,55,86,128,140,227,239,267,169,181,193,193],"floor_reached":21,"playtime":644,"items_purged":["Parasite","Doubt"],"score":333,"play_id":"9f9056ed-acbe-44b6-97cf-6546751c53e0","local_time":"20201215205906","is_ascension_mode":true,"campfire_choices":[{"floor":6,"key":"DIG"},{"floor":12,"key":"DIG"},{"floor":15,"key":"REST"}],"circlet_count":0,"master_deck":["AscendersBane","Strike_B","Strike_B","Strike_B","Defend_B","Defend_B","Defend_B","Defend_B","Zap","Dualcast+1","Cold Snap","Beam Cell","FTL","Rebound","Gash","Echo Form","Skim"],"relics":["Cracked Core","Nunchaku","Shovel","PreservedInsect","Bag of Preparation","Juzu Bracelet","MawBank","SlaversCollar","Nilry\u0027s Codex"],"acts_visited":["Exordium","TheCity"],"potions_floor_usage":[7],"damage_taken":[{"damage":8,"enemies":"2 Louse","floor":1,"turns":2},{"damage":47,"enemies":"Lagavulin","floor":7,"turns":8},{"damage":2,"enemies":"Jaw Worm","floor":13,"turns":3},{"damage":48,"enemies":"The Guardian","floor":16,"turns":15},{"damage":23,"enemies":"Spheric Guardian","floor":18,"turns":5},{"damage":26,"enemies":"Chosen","floor":21,"turns":3}],"seed_played":"-1482412746801936474","potions_obtained":[{"floor":1,"key":"Fire Potion"},{"floor":16,"key":"FearPotion"}],"is_trial":false,"path_per_floor":["M","$","?","?","T","R","E","$","T","?","?","R","M","?","R","B",null,"M","?","?","M"],"character_chosen":"DEFECT","items_purchased":["FTL"],"campfire_rested":1,"item_purchase_floors":[8],"current_hp_per_floor":[70,70,65,65,65,65,18,18,18,38,38,38,36,36,60,12,65,42,42,21,0,0],"gold":193,"neow_bonus":"TWENTY_PERCENT_HP_BONUS","is_daily":false,"chose_seed":false,"campfire_upgraded":0,"win_rate":0.0,"timestamp":1608083946,"path_taken":["M","$","?","?","?","R","E","$","T","?","?","R","M","?","R","BOSS","M","?","?","M"],"items_purchased_type":["Card"],"build_version":"2020-12-13","purchased_purges":2,"victory":false,"max_hp_per_floor":[85,82,82,82,82,82,82,82,82,82,82,82,82,82,82,82,82,82,79,79,79,79],"card_choices":[{"not_picked":["Steam Power","Skim"],"picked":"Cold Snap","floor":1},{"not_picked":["Barrage","Rip and Tear"],"picked":"Beam Cell","floor":7},{"not_picked":["Sweeping Beam","Barrage"],"picked":"Gash","floor":13},{"not_picked":["Rainbow","Multi-Cast"],"picked":"Echo Form","floor":16},{"not_picked":["Glacier","Undo"],"picked":"Skim","floor":18}],"player_experience":1868730,"relics_obtained":[{"floor":5,"key":"Shovel"},{"floor":6,"key":"PreservedInsect"},{"floor":7,"key":"Bag of Preparation"},{"floor":9,"key":"Juzu Bracelet"},{"floor":12,"key":"MawBank"},{"floor":20,"key":"Nilry\u0027s Codex"}],"event_choices":[{"damage_healed":0,"gold_gain":0,"player_choice":"Success","damage_taken":5,"relics_obtained":["Nunchaku"],"max_hp_gain":0,"max_hp_loss":0,"event_name":"Scrap Ooze","floor":3,"gold_loss":0},{"damage_healed":0,"gold_gain":150,"player_choice":"AGREE","damage_taken":0,"max_hp_gain":0,"max_hp_loss":0,"event_name":"Liars Game","floor":4,"gold_loss":0,"cards_obtained":["Doubt"]},{"damage_healed":20,"gold_gain":0,"player_choice":"Healed and dodged fight","damage_taken":0,"max_hp_gain":0,"max_hp_loss":0,"event_name":"Mushrooms","floor":10,"gold_loss":0,"cards_obtained":["Parasite"]},{"damage_healed":0,"gold_gain":0,"cards_transformed":["Strike_B"],"player_choice":"Transformed","damage_taken":0,"max_hp_gain":0,"max_hp_loss":0,"event_name":"Transmorgrifier","floor":11,"gold_loss":0,"cards_obtained":["Rebound"]},{"damage_healed":0,"gold_gain":30,"player_choice":"Searched \u00271\u0027 times","damage_taken":0,"max_hp_gain":0,"max_hp_loss":0,"event_name":"Dead Adventurer","floor":14,"gold_loss":0},{"cards_removed":["Parasite"],"damage_healed":0,"gold_gain":0,"player_choice":"Upgrade and Remove","damage_taken":0,"max_hp_gain":0,"max_hp_loss":0,"event_name":"Designer","floor":19,"gold_loss":110,"cards_upgraded":["Dualcast"]},{"damage_healed":0,"gold_gain":0,"player_choice":"Obtained Book","damage_taken":21,"max_hp_gain":0,"max_hp_loss":0,"event_name":"Cursed Tome","floor":20,"gold_loss":0}],"is_beta":false,"boss_relics":[{"not_picked":["Fusion Hammer","Philosopher\u0027s Stone"],"picked":"SlaversCollar"}],"items_purged_floors":[2,8],"is_endless":false,"potions_floor_spawned":[1,16],"killed_by":"Chosen","ascension_level":19}}