{"host":"tpbmol9dayg75a5s","time":1608085052,"event":{"mods":["2.2 Compatiblity","BaseMod","Bestiary","Block Reminder","Colored Powertips","Downfall","Minty Spire (QoL Compilation)","Relic Stats","StSLib"],"gold_per_floor":[119,139,151,6,6,6,41,41,41,52,52,70,70,102,102,199,199,214,233,249,339,42,42,67,67,92,105,135,4,4,30,30,128,128,145,162,182,182,63,96,96,130,156,190,207,236,236,254,254,254,254,254,26,60,60],"floor_reached":56,"playtime":5815,"items_purged":["champ:HeartStrike","Writhe","champ:Strike"],"score":1621,"play_id":"863e3341-c150-474e-9251-24b1eff1be57","local_time":"20201215231732","is_ascension_mode":true,"campfire_choices":[{"data":"champ:Taunt","floor":6,"key":"SMITH"},{"data":"champ:HoldFirm","floor":11,"key":"SMITH"},{"data":"champ:CheapShot","floor":13,"key":"SMITH"},{"data":"champ:FocusedDefense","floor":15,"key":"SMITH"},{"data":"champ:FalseCounter","floor":23,"key":"SMITH"},{"data":"champ:FalseCounter","floor":25,"key":"SMITH"},{"data":"champ:ShieldThrow","floor":32,"key":"SMITH"},{"data":"champ:TornadoPunch","floor":41,"key":"SMITH"},{"floor":47,"key":"RECALL"},{"data":"champ:Circumvent","floor":49,"key":"SMITH"},{"data":"champ:ShieldThrow","floor":52,"key":"SMITH"}],"circlet_count":0,"master_deck":["champ:Strike","champ:Strike+1","champ:Defend","champ:Defend","champ:Defend","champ:Defend+1","champ:Execute","champ:Taunt+1","champ:ShieldSlam","champ:DefensiveStyle+1","champ:FalseCounter+1","champ:Balance+1","champ:HoldFirm+1","champ:FalseCounter+1","champ:CheapShot+1","champ:GutPunch","champ:FocusedDefense+1","champ:SteelEdge","champ:FightOn","champ:TornadoPunch+1","champ:DefensiveStyle","expansioncontent:HyperBeam","champ:StanceDance+1","champ:DefensiveShout+1","champ:BringItOn","champ:IronFortress","champ:ShieldThrow+1","champ:ShieldThrow+1","champ:EnGarde+1","champ:TornadoPunch+1","Trip","champ:FocusedDefense+1","champ:Circumvent+1","champ:DefensiveShout+1","champ:Control","champ:ShieldWall+1"],"relics":["champ:ChampionCrown","Mercury Hourglass","InkBottle","White Beast Statue","sneckomod:SneckoTalon","Membership Card","Matryoshka","Pear","War Paint","sneckomod:BlankCard","Gremlin Horn","ClockworkSouvenir","champ:FightingForDummies","Strawberry","SlaversCollar","Lantern","Potion Belt","Bronze Scales","champ:DefensiveTrainingManual","Kunai","Guardian:PocketSentry","Bag of Marbles","TungstenRod"],"acts_visited":["Exordium","TheCity","TheBeyond","TheEnding"],"potions_floor_usage":[24,24,28,33,37,50,55,55,55,55],"damage_taken":[{"damage":5,"enemies":"Small Slimes","floor":1,"turns":3},{"damage":9,"enemies":"Cultist","floor":2,"turns":4},{"damage":7,"enemies":"Jaw Worm","floor":3,"turns":4},{"damage":11,"enemies":"Lagavulin","floor":7,"turns":7},{"damage":17,"enemies":"Exordium Thugs","floor":10,"turns":5},{"damage":0,"enemies":"Blue Slaver","floor":12,"turns":3},{"damage":1,"enemies":"Gremlin Nob","floor":14,"turns":5},{"damage":0,"enemies":"Slime Boss","floor":16,"turns":7},{"damage":5,"enemies":"3 Byrds","floor":18,"turns":4},{"damage":8,"enemies":"Shell Parasite","floor":19,"turns":5},{"damage":10,"enemies":"Sentry and Sphere","floor":20,"turns":5},{"damage":5,"enemies":"Gremlin Leader","floor":24,"turns":5},{"damage":8,"enemies":"Shelled Parasite and Fungi","floor":27,"turns":4},{"damage":20,"enemies":"Slavers","floor":28,"turns":4},{"damage":5,"enemies":"Book of Stabbing","floor":31,"turns":5},{"damage":5,"enemies":"Automaton","floor":33,"turns":7},{"damage":0,"enemies":"Orb Walker","floor":35,"turns":2},{"damage":0,"enemies":"3 Shapes","floor":36,"turns":2},{"damage":6,"enemies":"Writhing Mass","floor":37,"turns":6},{"damage":5,"enemies":"Nemesis","floor":40,"turns":4},{"damage":0,"enemies":"Giant Head","floor":42,"turns":5},{"damage":4,"enemies":"Nemesis","floor":44,"turns":5},{"damage":0,"enemies":"Spire Growth","floor":45,"turns":2},{"damage":0,"enemies":"Reptomancer","floor":46,"turns":2},{"damage":19,"enemies":"4 Shapes","floor":48,"turns":2},{"damage":40,"enemies":"Donu and Deca","floor":50,"turns":8},{"damage":16,"enemies":"Shield and Spear","floor":54,"turns":3},{"damage":29,"enemies":"The Heart","floor":55,"turns":9}],"seed_played":"392548903586287895","potions_obtained":[{"floor":1,"key":"Explosive Potion"},{"floor":2,"key":"Energy Potion"},{"floor":10,"key":"SmokeBomb"},{"floor":14,"key":"Ancient Potion"},{"floor":16,"key":"LiquidMemories"},{"floor":24,"key":"Slimebound:ThreeZeroPotion"},{"floor":27,"key":"Weak Potion"},{"floor":28,"key":"ColorlessPotion"},{"floor":31,"key":"champ:OpenerPotion"},{"floor":33,"key":"SkillPotion"},{"floor":35,"key":"Dexterity Potion"},{"floor":37,"key":"SteroidPotion"},{"floor":42,"key":"BlessingOfTheForge"},{"floor":44,"key":"Explosive Potion"},{"floor":46,"key":"Regen Potion"},{"floor":48,"key":"Slimebound:ThreeZeroPotion"},{"floor":54,"key":"Strength Potion"}],"is_trial":false,"path_per_floor":["M","M","M","$","?","R","E","?","T","M","R","M","R","E","R","B",null,"M","M","M","?","$","R","E","R","T","M","E","$","?","E","R","B",null,"M","M","M","?","$","E","R","E","T","E","M","E","R","M","R","B",null,"R","$","E","B",null],"character_chosen":"THE_CHAMP","items_purchased":["champ:HoldFirm","Membership Card","Matryoshka","champ:StanceDance","ClockworkSouvenir","champ:IronFortress","champ:TornadoPunch","Trip","Guardian:PocketSentry","Bag of Marbles","champ:Control"],"campfire_rested":0,"item_purchase_floors":[4,22,22,22,29,29,39,39,53,53,53],"current_hp_per_floor":[90,86,84,84,66,66,55,55,55,43,43,43,43,47,47,52,90,90,90,85,67,67,67,87,87,87,79,74,74,74,91,91,96,107,107,107,106,106,106,107,107,107,107,103,107,107,107,88,88,53,107,107,107,91,90],"gold":60,"neow_bonus":"ONE_RANDOM_RARE_CARD","is_daily":false,"chose_seed":false,"campfire_upgraded":10,"win_rate":0.0,"timestamp":1608085052,"path_taken":["M","M","M","$","?","R","E","?","T","?","R","M","R","E","R","BOSS","M","M","M","?","$","R","E","R","T","M","E","?","?","E","R","BOSS","M","M","M","?","$","E","R","E","T","E","M","E","R","?","R","BOSS","R","$","E","BOSS"],"items_purchased_type":["Card","Relic","Relic","Card","Relic","Card","Card","Card","Relic","Relic","Card"],"build_version":"2020-12-13","purchased_purges":3,"victory":true,"max_hp_per_floor":[90,90,90,90,90,90,90,90,90,90,90,90,90,90,90,90,90,90,90,90,90,90,90,100,100,100,100,100,100,100,107,107,107,107,107,107,107,107,107,107,107,107,107,107,107,107,107,107,107,107,107,107,107,107,107],"relic_stats":{"Gremlin Horn":[12,12],"counters":[28,125],"Bronze Scales":[143],"Kunai":[4],"War Paint":["champ:Balance","champ:Defend"],"obtain_stats":[{"Potion Belt":42,"Lantern":40,"Pear":24,"Gremlin Horn":28,"sneckomod:BlankCard":26,"champ:ChampionCrown":0,"Guardian:PocketSentry":53,"War Paint":26,"sneckomod:SneckoTalon":17,"White Beast Statue":14,"Mercury Hourglass":7,"ClockworkSouvenir":29,"SlaversCollar":34,"Matryoshka":22,"champ:DefensiveTrainingManual":44,"Strawberry":31,"Bronze Scales":43,"Bag of Marbles":53,"Membership Card":22,"Kunai":46,"champ:FightingForDummies":30,"InkBottle":9,"TungstenRod":54},{"Potion Belt":21,"Lantern":20,"Pear":12,"Gremlin Horn":14,"sneckomod:BlankCard":12,"champ:ChampionCrown":0,"Guardian:PocketSentry":26,"War Paint":12,"sneckomod:SneckoTalon":8,"White Beast Statue":7,"Mercury Hourglass":4,"ClockworkSouvenir":14,"SlaversCollar":16,"Matryoshka":11,"champ:DefensiveTrainingManual":22,"Strawberry":15,"Bronze Scales":21,"Bag of Marbles":26,"Membership Card":11,"Kunai":24,"champ:FightingForDummies":14,"InkBottle":4,"TungstenRod":27},{"Potion Belt":95,"Lantern":90,"Pear":56,"Gremlin Horn":64,"sneckomod:BlankCard":56,"champ:ChampionCrown":0,"Guardian:PocketSentry":113,"War Paint":56,"sneckomod:SneckoTalon":37,"White Beast Statue":30,"Mercury Hourglass":18,"ClockworkSouvenir":64,"SlaversCollar":76,"Matryoshka":51,"champ:DefensiveTrainingManual":100,"Strawberry":69,"Bronze Scales":95,"Bag of Marbles":113,"Membership Card":51,"Kunai":104,"champ:FightingForDummies":64,"InkBottle":18,"TungstenRod":116}],"InkBottle":[44],"TungstenRod":11,"Mercury Hourglass":[381]},"card_choices":[{"not_picked":["champ:BladeFlurry","champ:TornadoPunch"],"picked":"champ:DefensiveStyle","floor":1},{"not_picked":["champ:Encircle","champ:HeartStrike"],"picked":"champ:FalseCounter","floor":2},{"not_picked":["champ:Shatter","champ:CrookedStrike"],"picked":"champ:Balance","floor":3},{"not_picked":["champ:ArenaPreparation","champ:CalledShot"],"picked":"champ:FalseCounter","floor":7},{"not_picked":["champ:BladeFlurry","champ:StanceDance"],"picked":"champ:GutPunch","floor":10},{"not_picked":["champ:BladeFlurry","champ:Backstep"],"picked":"champ:FocusedDefense","floor":12},{"not_picked":["champ:StanceDance","champ:StrikeOfGenius"],"picked":"champ:HeartStrike","floor":14},{"not_picked":["champ:MurderStrike","champ:SwordThrow"],"picked":"champ:SteelEdge","floor":16},{"not_picked":["champ:Haymaker","champ:CrookedStrike"],"picked":"champ:FightOn","floor":18},{"not_picked":["champ:DefensiveShout","champ:CrookedStrike+1"],"picked":"champ:TornadoPunch+1","floor":19},{"not_picked":["champ:BladeFlurry","champ:LastStand"],"picked":"champ:DefensiveStyle","floor":20},{"not_picked":["champ:CrookedStrike","champ:StanceDance"],"picked":"champ:DefensiveShout+1","floor":24},{"not_picked":["champ:FlashCut","champ:TornadoPunch","champ:PerfectedStrike+1"],"picked":"SKIP","floor":27},{"not_picked":["champ:Riposte","champ:FalseCounter"],"picked":"champ:BringItOn","floor":28},{"not_picked":["champ:DeathBlow+1","champ:CrookedStrike+1"],"picked":"champ:ShieldThrow","floor":31},{"not_picked":["champ:CheapShot","champ:CrownThrow"],"picked":"champ:ShieldThrow","floor":33},{"not_picked":["champ:Aggression","champ:GladiatorsShout","champ:GladiatorStyle+1"],"picked":"SKIP","floor":35},{"not_picked":["champ:PerfectedStrike+1","champ:StanceDance","champ:IronFortress"],"picked":"SKIP","floor":36},{"not_picked":["champ:FalseCounter","champ:FaceSlap+1"],"picked":"champ:EnGarde+1","floor":37},{"not_picked":["champ:CrookedStrike+1","champ:Encircle+1","champ:GladiatorStyle+1"],"picked":"SKIP","floor":40},{"not_picked":["champ:Circumvent","champ:BringItOn"],"picked":"champ:FocusedDefense+1","floor":42},{"not_picked":["champ:Haymaker","champ:BerserkersShout+1","champ:PerfectedStrike+1"],"picked":"SKIP","floor":44},{"not_picked":["champ:FocusedGladiator+1","champ:Backstep+1"],"picked":"champ:Circumvent","floor":45},{"not_picked":["champ:RisingSlash","champ:PreciseThrust+1","champ:Lariat"],"picked":"SKIP","floor":46},{"not_picked":["champ:HeavySlash","champ:GutPunch"],"picked":"champ:DefensiveShout+1","floor":48},{"not_picked":["champ:Circumvent+1","champ:Haymaker+1"],"picked":"champ:ShieldWall+1","floor":54}],"player_experience":934862,"relics_obtained":[{"floor":7,"key":"Mercury Hourglass"},{"floor":9,"key":"InkBottle"},{"floor":14,"key":"White Beast Statue"},{"floor":24,"key":"Pear"},{"floor":26,"key":"War Paint"},{"floor":26,"key":"sneckomod:BlankCard"},{"floor":28,"key":"Gremlin Horn"},{"floor":31,"key":"Strawberry"},{"floor":40,"key":"Lantern"},{"floor":42,"key":"Potion Belt"},{"floor":43,"key":"Bronze Scales"},{"floor":44,"key":"champ:DefensiveTrainingManual"},{"floor":46,"key":"Kunai"},{"floor":54,"key":"TungstenRod"}],"event_choices":[{"damage_healed":0,"gold_gain":0,"player_choice":"Entered Light","damage_taken":18,"max_hp_gain":0,"max_hp_loss":0,"event_name":"Shining Light","floor":5,"gold_loss":0,"cards_upgraded":["champ:DefensiveStyle","champ:Strike"]},{"damage_healed":0,"gold_gain":0,"cards_transformed":["champ:Strike"],"player_choice":"Transformed","damage_taken":0,"max_hp_gain":0,"max_hp_loss":0,"event_name":"Transmorgrifier","floor":8,"gold_loss":0,"cards_obtained":["champ:CheapShot"]},{"damage_healed":0,"gold_gain":90,"player_choice":"GOLD CARD ","damage_taken":18,"max_hp_gain":0,"max_hp_loss":0,"event_name":"Knowing Skull","floor":21,"potions_obtained":[],"gold_loss":0,"cards_obtained":["expansioncontent:HyperBeam"]},{"damage_healed":0,"gold_gain":0,"player_choice":"Opened","damage_taken":0,"relics_obtained":["champ:FightingForDummies"],"max_hp_gain":0,"max_hp_loss":0,"event_name":"The Mausoleum","floor":30,"gold_loss":0,"cards_obtained":["Writhe"]},{"damage_healed":0,"gold_gain":0,"player_choice":"Upgraded","damage_taken":0,"max_hp_gain":0,"max_hp_loss":0,"event_name":"Upgrade Shrine","floor":38,"gold_loss":0,"cards_upgraded":["champ:StanceDance"]}],"is_beta":false,"boss_relics":[{"not_picked":["Sozu","Coffee Dripper"],"picked":"sneckomod:SneckoTalon"},{"not_picked":["Black Star","Busted Crown"],"picked":"SlaversCollar"}],"items_purged_floors":[29,39,53],"is_endless":false,"potions_floor_spawned":[1,2,10,14,16,18,19,20,24,27,28,31,33,35,36,37,40,42,44,45,46,48,54],"ascension_level":1}}