{"host":"90zmhqhem9nbzoc6","time":1608085150,"event":{"mods":["AchievementEnabler","BaseMod","Better Note","Better Third Choice","BetterRewards","Colored Map","Colored Powertips","Conspire","Downfall","Energized Spire","Friendly Minions","GifTheSpireLib","Hermit","Hubris","Infinite Spire","Minty Spire (QoL Compilation)","Quick Restart","Replay The Spire","StSLib","Stuff the Spire","The Blue Laboratory","The Jungle"],"gold_per_floor":[113,35,35,35,35,61,61,61,87,87,97,97,97,62,62,158,458,469,25,42,42,42,42,42],"floor_reached":23,"playtime":993,"items_purged":[],"score":208,"play_id":"00f81b77-07fe-458c-8282-5ed423f9fc1f","local_time":"20201215181910","is_ascension_mode":false,"campfire_choices":[{"floor":7,"key":"REST"},{"floor":10,"key":"RECALL"},{"data":"hermit:Covet","floor":13,"key":"SMITH"},{"data":"hermit:GhostlyPresence","floor":15,"key":"SMITH"}],"circlet_count":0,"master_deck":["hermit:Strike_Hermit","hermit:Strike_Hermit","hermit:Strike_Hermit","hermit:Strike_Hermit","hermit:Defend_Hermit","hermit:Defend_Hermit","hermit:Defend_Hermit","hermit:Defend_Hermit","hermit:Snapshot","hermit:Covet+1","hermit:Enervate","hermit:Determination+1","hermit:GhostlyPresence+1","hermit:Magnum","Injury","hubris:Wrath","hubris:Sloth","hermit:Headshot+1","hermit:TakeCover","hermit:Determination","hermit:TakeCover"],"relics":["hermit:Momento","Snack Pack","Lee\u0027s Waffle","Juzu Bracelet","Blood Vial","StuffTheSpire:Tea","Replay:Ancient Bell","Oddly Smooth Stone","infinitespire:FocusingShard","Old Coin","conspire:TreasureMap","Strawberry"],"acts_visited":["Exordium","TheCity"],"potions_floor_usage":[16,23],"damage_taken":[{"damage":0,"enemies":"Jaw Worm","floor":1,"turns":4},{"damage":40,"enemies":"Lagavulin","floor":6,"turns":7},{"damage":1,"enemies":"Cultist","floor":11,"turns":4},{"damage":51,"enemies":"The Guardian","floor":16,"turns":22},{"damage":33,"enemies":"Shell Parasite","floor":18,"turns":7},{"damage":50,"enemies":"3 Byrds","floor":20,"turns":8},{"damage":37,"enemies":"Nightmare","floor":23,"turns":11}],"seed_played":"-2270236574699904295","potions_obtained":[{"floor":6,"key":"DistilledChaos"},{"floor":20,"key":"AttackPotion"}],"is_trial":false,"path_per_floor":["M","$","?","?","?","E","R","?","T","R","M","?","R","$","R","B",null,"M","$","M","?","T","NM"],"character_chosen":"HERMIT","items_purchased":["Snack Pack","Lee\u0027s Waffle","hermit:Enervate","hermit:BodyArmor","hermit:Determination","hermit:GhostlyPresence","conspire:TreasureMap","Strawberry","hermit:TakeCover","hermit:Determination"],"campfire_rested":1,"item_purchase_floors":[0,0,0,0,2,14,19,19,19,19],"current_hp_per_floor":[82,82,82,82,87,51,77,77,77,77,80,80,80,80,80,45,87,60,67,25,25,25,0,0],"gold":42,"neow_bonus":"","is_daily":false,"chose_seed":false,"campfire_upgraded":2,"win_rate":0.0,"timestamp":1608085150,"path_taken":["M","$","?","?","?","E","R","?","T","R","M","?","R","?","R","BOSS","M","$","M","?","?","NM"],"items_purchased_type":["Relic","Relic","Card","Card","Card","Card","Relic","Relic","Card","Card"],"build_version":"2020-12-13","purchased_purges":0,"victory":false,"max_hp_per_floor":[82,82,82,82,87,87,87,87,87,87,87,87,87,87,87,87,87,87,94,94,94,94,94,94],"card_choices":[{"not_picked":["hermit:Snipe","hermit:LuckOfTheDraw","hermit:WideOpen"],"picked":"SKIP","floor":1},{"not_picked":["hermit:Misfire","hermit:Virtue","hermit:EternalForm"],"picked":"SKIP","floor":6},{"not_picked":["hermit:PistolWhip","hermit:CalledShot","hermit:TrackingShot"],"picked":"SKIP","floor":11},{"not_picked":["hermit:DeadOrAlive","hermit:Reprieve"],"picked":"hermit:Magnum","floor":16},{"not_picked":["hubris:Gluttony","Decay"],"picked":"Injury","floor":17},{"not_picked":["StuffTheSpire:GnomedCurse","Pain"],"picked":"hubris:Wrath","floor":17},{"not_picked":["hubris:Disease","sneckomod:Bewildered"],"picked":"hubris:Sloth","floor":17},{"not_picked":["hermit:Roulette","hermit:LoneWolf+1"],"picked":"hermit:Headshot+1","floor":18},{"not_picked":["hermit:ItchyTrigger+1","hermit:Feint"],"picked":"hermit:TakeCover","floor":20}],"player_experience":199384,"relics_obtained":[{"floor":9,"key":"Blood Vial"},{"floor":12,"key":"StuffTheSpire:Tea"}],"event_choices":[{"cards_removed":["hermit:BodyArmor"],"damage_healed":0,"gold_gain":0,"player_choice":"Gave Card","damage_taken":0,"relics_obtained":["Juzu Bracelet"],"max_hp_gain":0,"max_hp_loss":0,"event_name":"WeMeetAgain","floor":3,"gold_loss":0},{"damage_healed":0,"gold_gain":0,"player_choice":"Disagree","damage_taken":0,"max_hp_gain":0,"max_hp_loss":0,"event_name":"conspire:LoneGhost","floor":4,"gold_loss":0},{"damage_healed":0,"gold_gain":0,"player_choice":"Donut","damage_taken":0,"max_hp_gain":5,"max_hp_loss":0,"event_name":"Big Fish","floor":5,"gold_loss":0},{"damage_healed":0,"gold_gain":0,"player_choice":"Leave","damage_taken":0,"max_hp_gain":0,"max_hp_loss":0,"event_name":"FaceTrader","floor":21,"gold_loss":0}],"is_beta":false,"boss_relics":[{"not_picked":["energizedSpire:RedRose","conspire:SeveredTorchhead"],"picked":"Replay:Ancient Bell"},{"not_picked":["hubris:SlimyHat","Pet Ghost"],"picked":"Oddly Smooth Stone"},{"not_picked":["conspire:DecoderRing","Matryoshka"],"picked":"infinitespire:FocusingShard"},{"not_picked":["Bird Faced Urn","conspire:GlowingRock"],"picked":"Old Coin"}],"items_purged_floors":[],"is_endless":false,"potions_floor_spawned":[6,20],"killed_by":"Nightmare","ascension_level":0}}