{"host":"02w9hl92h62kgkzk","time":1608162068,"event":{"mods":["2.2 Compatiblity","AchievementEnabler","Act Like it!","AlwaysNeverKeys","Aspiration","BaseMod","Better Altar","Better Match","Better Note","Better Sensory Stone","Better Skull","Better Third Choice","Better Vampires","BetterRewards","Block Reminder","CCEM","ChefMod","Colored Map","Colored Powertips","Conspire","Dio Mod","Downfall","Ekko","Emptier Cage","Energized Spire","Fireblade Mod","Friendly Minions","FruityMod","GifTheSpireLib","Halation","Hallownest","Hermit","Hubris","Humility","Magitek Elite","Marked Mod","Mimic Mod","Minty Spire (QoL Compilation)","Permanent Neow","QueenMod","Quick Restart","Rare Cards Sparkle","Retaliation","Reworked Bosses","Shop Mod","Spicy Shops","Spikes Relics","StSLib","Stuff the Spire","The Hierophant","The Jungle","TheSwordswoman","TheVacant","Trackpad","Transform Curses","Unceasing Turn Reminder","Wandering Minibosses","vexMod"],"gold_per_floor":[114,114,114,114,132,161,161,161,161,177,177,192,192,204,204,205,205],"floor_reached":16,"playtime":1334,"items_purged":[],"score":100,"play_id":"52dcec27-c5ff-4be5-bd09-43d8a62965a7","local_time":"20201216174108","daily_mods":["Draft"],"is_ascension_mode":false,"campfire_choices":[{"data":"blazmod:TrueOfHeart","floor":8,"key":"SMITH"},{"data":"blazmod:FortifiedVigor","floor":11,"key":"SMITH"},{"data":"blazmod:FleetingDawn","floor":13,"key":"SMITH"},{"data":"blazmod:BeTheBlade","floor":15,"key":"SMITH"}],"circlet_count":0,"master_deck":["blazmod:TrueOfHeart+1","blazmod:FlawlessDraw","blazmod:BoulderFlash","blazmod:HarmonyComplete","blazmod:BoulderFlash","blazmod:Crosscut","blazmod:SureOfHand","blazmod:BeTheBlade+1","blazmod:Trasient","blazmod:FleetingDawn+1","blazmod:Crosscut","blazmod:BeTheBlade","blazmod:FortifiedVigor+1","blazmod:Swordstorm+1"],"relics":["blazmod:Venustas","vexMod:ConsolationPrize","RetroEgg","GiantMaggot"],"acts_visited":["Exordium"],"potions_floor_usage":[],"damage_taken":[{"damage":1,"enemies":"Jaw Worm","floor":1,"turns":6},{"damage":2,"enemies":"conspire:RoseBush","floor":5,"turns":4},{"damage":18,"enemies":"3 Sentries","floor":6,"turns":4},{"damage":0,"enemies":"2 Louse","floor":10,"turns":2},{"damage":4,"enemies":"Large Slime","floor":12,"turns":4},{"damage":2,"enemies":"Gremlin Gang","floor":14,"turns":3},{"damage":1,"enemies":"Slime Boss","floor":16,"turns":7}],"seed_played":"6152497425027206232","potions_obtained":[{"floor":1,"key":"BlessingOfTheForge"},{"floor":10,"key":"Fire Potion"}],"is_trial":true,"path_per_floor":["M","?","?","$","M","E","?","R","T","M","R","M","R","M","R","B"],"character_chosen":"THE_SWORDSWOMAN","items_purchased":[],"campfire_rested":0,"item_purchase_floors":[],"current_hp_per_floor":[39,40,40,40,38,20,20,20,20,20,20,16,16,14,14,13,13],"gold":205,"neow_bonus":"","is_daily":false,"chose_seed":false,"campfire_upgraded":4,"win_rate":0.0,"timestamp":1608162068,"path_taken":["M","?","?","?","M","E","?","R","T","M","R","M","R","M","R","BOSS"],"items_purchased_type":[],"build_version":"2020-12-13","purchased_purges":0,"victory":false,"max_hp_per_floor":[40,40,40,40,40,40,40,40,40,40,40,40,40,40,40,40,40],"card_choices":[{"not_picked":["blazmod:RevolvingPhoenix","blazmod:DevilDivine"],"picked":"blazmod:TrueOfHeart","floor":0},{"not_picked":["blazmod:SidewaySolace","blazmod:FortifiedVigor"],"picked":"blazmod:FlawlessDraw","floor":0},{"not_picked":["blazmod:Valiance","blazmod:SidewaySolace"],"picked":"blazmod:BoulderFlash","floor":0},{"not_picked":["blazmod:Valiance","blazmod:PhysicalEndurance"],"picked":"blazmod:HarmonyComplete","floor":0},{"not_picked":["blazmod:Trasient","blazmod:KatanaStrike"],"picked":"blazmod:BoulderFlash","floor":0},{"not_picked":["blazmod:Valiance","blazmod:FlashRock"],"picked":"blazmod:Crosscut","floor":0},{"not_picked":["blazmod:FlashRock","blazmod:SidewaySolace"],"picked":"blazmod:SureOfHand","floor":0},{"not_picked":["blazmod:WildButterfly","blazmod:ApexLegends"],"picked":"blazmod:BeTheBlade","floor":0},{"not_picked":["blazmod:MindsEye","blazmod:FortifiedVigor"],"picked":"blazmod:Trasient","floor":0},{"not_picked":["blazmod:UnderPurifyingWaters","blazmod:PureOfSoul"],"picked":"blazmod:FortifiedVigor","floor":0},{"not_picked":["blazmod:BlindingFlash","blazmod:Crosscut"],"picked":"blazmod:FleetingDawn","floor":0},{"not_picked":["blazmod:ButterFlutter","blazmod:MentalFocus"],"picked":"blazmod:Crosscut","floor":0},{"not_picked":["blazmod:MentalFocus","blazmod:Trasient"],"picked":"blazmod:BeTheBlade","floor":0},{"not_picked":["blazmod:MentalFocus","blazmod:StanceChange"],"picked":"blazmod:BlindingFlash","floor":0},{"not_picked":["blazmod:StanceChange","blazmod:Valiance"],"picked":"blazmod:FortifiedVigor","floor":0},{"not_picked":["blazmod:ClearTheMind","blazmod:FlashRock","blazmod:ButterFlutter"],"picked":"SKIP","floor":1},{"not_picked":["blazmod:FlashRock","blazmod:BoulderFlash","blazmod:Crosscut"],"picked":"SKIP","floor":5},{"not_picked":["blazmod:Lockswords","blazmod:SidewaySolace","blazmod:MentalFocus"],"picked":"SKIP","floor":6},{"not_picked":["blazmod:Trasient","blazmod:SidewaySolace"],"picked":"blazmod:Swordstorm","floor":10},{"not_picked":["blazmod:PhysicalEndurance","blazmod:MyEverything","blazmod:ApexLegends"],"picked":"SKIP","floor":12},{"not_picked":["blazmod:MentalFocus","blazmod:PhysicalEndurance","blazmod:KatanaStrike"],"picked":"SKIP","floor":14}],"player_experience":520779,"relics_obtained":[{"floor":6,"key":"vexMod:ConsolationPrize"},{"floor":9,"key":"GiantMaggot"}],"event_choices":[{"cards_removed":["blazmod:BlindingFlash"],"damage_healed":0,"gold_gain":0,"player_choice":"Forget","damage_taken":0,"max_hp_gain":0,"max_hp_loss":0,"event_name":"Living Wall","floor":3,"gold_loss":0},{"cards_removed":["blazmod:FortifiedVigor"],"damage_healed":0,"gold_gain":0,"player_choice":"Gave Card","damage_taken":0,"relics_obtained":["RetroEgg"],"max_hp_gain":0,"max_hp_loss":0,"event_name":"WeMeetAgain","floor":7,"gold_loss":0}],"is_beta":false,"boss_relics":[],"items_purged_floors":[],"is_endless":false,"potions_floor_spawned":[1,10],"killed_by":"Slime Boss","ascension_level":0}}