{"host":"tpbmol9dayg75a5s","time":1608089742,"event":{"mods":["2.2 Compatiblity","BaseMod","Bestiary","Block Reminder","Colored Powertips","Downfall","Minty Spire (QoL Compilation)","Relic Stats","StSLib"],"gold_per_floor":[118,118,118,134,134,134,167,167,192,212,212,231,331,346,346,450,450,469,75,103,103,118,152,152,186,186,201,201,201,226,53,53,156,156,169,187,187,87,137,170,170,197,273,273,299,299,2,37,37,37,37,37,37,70,70,70],"floor_reached":55,"playtime":4563,"items_purged":["Guardian:Strike_Guardian","Writhe","Guardian:Strike_Guardian"],"score":1152,"play_id":"2a33e11c-e743-456f-9c8a-0838e6daa386","local_time":"20201216003542","is_ascension_mode":true,"campfire_choices":[{"data":"Guardian:TwinSlam","floor":6,"key":"SMITH"},{"data":"Guardian:Recover","floor":8,"key":"SMITH"},{"data":"Guardian:TimeBomb","floor":11,"key":"SMITH"},{"floor":15,"key":"REST"},{"floor":24,"key":"REST"},{"floor":29,"key":"REST"},{"data":"Guardian:CompilePackage","floor":32,"key":"SMITH"},{"floor":41,"key":"REST"},{"floor":44,"key":"REST"},{"data":"Guardian:CompilePackage","floor":46,"key":"SMITH"},{"floor":49,"key":"RECALL"},{"data":"Guardian:FastForward","floor":52,"key":"SMITH"}],"circlet_count":0,"master_deck":["Guardian:Strike_Guardian+1","Guardian:Defend_Guardian","Guardian:Defend_Guardian","Guardian:Defend_Guardian","Guardian:CurlUp+1","Guardian:TwinSlam+1","Guardian:Recover+1","Guardian:TimeBomb+1","Guardian:FuturePlans","Guardian:PiercingHide","Guardian:ExploitGems","Guardian:CrystalBeam+1","Guardian:BronzeOrb","expansioncontent:CaCaw","Guardian:Incinerate","Guardian:FastForward+1","Guardian:TemporalStrike","Guardian:Preprogram+1","Guardian:CompilePackage+1","Guardian:CompilePackage+1","Guardian:TimeCapacitor+1","Guardian:PolyBeam+1","Guardian:FloatingOrbs+1","Finesse","Guardian:VentSteam","Guardian:Emergency+1"],"relics":["Guardian:ModeShifter","sneckomod:BlankCard","Bronze Scales","Pen Nib","SacredBark","Bag of Preparation","Red Mask","Ginger","Art of War","Centennial Puzzle","Turnip","Bottled Tornado","Oddly Smooth Stone","Philosopher\u0027s Stone","WingedGreaves","White Beast Statue","Smiling Mask","Du-Vu Doll","Guardian:PocketSentry","Frozen Egg 2","Ice Cream"],"acts_visited":["Exordium","TheCity","TheBeyond","TheEnding"],"potions_floor_usage":[7,20,25,30,40,50,55,55],"damage_taken":[{"damage":4,"enemies":"2 Louse","floor":1,"turns":3},{"damage":0,"enemies":"Small Slimes","floor":4,"turns":3},{"damage":7,"enemies":"3 Sentries","floor":7,"turns":6},{"damage":0,"enemies":"Cultist","floor":10,"turns":3},{"damage":6,"enemies":"Looter","floor":12,"turns":3},{"damage":9,"enemies":"Large Slime","floor":14,"turns":5},{"damage":17,"enemies":"Slime Boss","floor":16,"turns":8},{"damage":7,"enemies":"Chosen","floor":18,"turns":4},{"damage":13,"enemies":"Masked Bandits","floor":20,"turns":4},{"damage":3,"enemies":"2 Thieves","floor":22,"turns":3},{"damage":16,"enemies":"Book of Stabbing","floor":23,"turns":4},{"damage":15,"enemies":"Gremlin Leader","floor":25,"turns":5},{"damage":18,"enemies":"Centurion and Healer","floor":27,"turns":7},{"damage":2,"enemies":"Slavers","floor":30,"turns":3},{"damage":30,"enemies":"Champ","floor":33,"turns":8},{"damage":0,"enemies":"Orb Walker","floor":35,"turns":3},{"damage":0,"enemies":"3 Darklings","floor":36,"turns":1},{"damage":2,"enemies":"Mind Bloom Boss Battle","floor":39,"turns":5},{"damage":57,"enemies":"Nemesis","floor":40,"turns":7},{"damage":11,"enemies":"Giant Head","floor":42,"turns":6},{"damage":6,"enemies":"Reptomancer","floor":45,"turns":3},{"damage":3,"enemies":"Giant Head","floor":48,"turns":5},{"damage":8,"enemies":"Awakened One","floor":50,"turns":6},{"damage":15,"enemies":"Shield and Spear","floor":54,"turns":3},{"damage":65,"enemies":"The Heart","floor":55,"turns":3}],"seed_played":"5139373007118646248","potions_obtained":[{"floor":4,"key":"Explosive Potion"},{"floor":7,"key":"PowerPotion"},{"floor":14,"key":"SneckoOil"},{"floor":20,"key":"PowerPotion"},{"floor":25,"key":"hexamod:EctoCoolerPotion"},{"floor":30,"key":"Fruit Juice"},{"floor":40,"key":"AttackPotion"},{"floor":42,"key":"BlessingOfTheForge"},{"floor":54,"key":"SkillPotion"}],"is_trial":false,"path_per_floor":["M","?","?","M","?","R","E","R","T","M","R","M","?","M","R","B",null,"M","$","?","?","M","E","R","E","T","M","?","R","E","$","R","B",null,"M","M","?","$","?","E","R","E","T","R","E","R","$","E","R","B",null,"R","$","E","B"],"character_chosen":"GUARDIAN","items_purchased":["Bag of Preparation","Guardian:BronzeOrb","expansioncontent:CaCaw","Oddly Smooth Stone","Guardian:Gem_Red","Guardian:PocketSentry","Finesse"],"campfire_rested":5,"item_purchase_floors":[19,19,19,31,31,47,47],"current_hp_per_floor":[68,52,52,52,52,52,45,45,45,45,45,39,39,30,54,37,69,62,62,49,49,46,30,54,39,39,21,21,45,53,53,53,23,73,73,73,73,73,71,14,41,30,30,57,51,51,51,48,48,40,78,78,78,63,0,0],"gold":70,"neow_bonus":"RANDOM_COMMON_RELIC","is_daily":false,"chose_seed":false,"campfire_upgraded":6,"win_rate":0.0,"timestamp":1608089742,"path_taken":["M","?","?","M","?","R","E","R","T","M","R","M","?","M","R","BOSS","M","?","?","?","M","E","R","E","T","M","?","R","E","$","R","BOSS","M","M","?","$","?","E","R","E","T","R","E","R","$","E","R","BOSS","R","$","E","BOSS"],"items_purchased_type":["Relic","Card","Card","Relic","Card","Relic","Card"],"build_version":"2020-12-13","purchased_purges":3,"victory":false,"max_hp_per_floor":[80,80,80,80,80,80,80,80,80,80,80,80,80,80,80,80,80,80,80,80,80,80,80,80,80,80,80,80,80,90,90,90,90,90,90,90,90,90,90,90,90,90,90,90,90,90,90,90,90,90,90,90,90,90,90,90],"relic_stats":{"Centennial Puzzle":[33],"counters":[25,109],"Bronze Scales":[291],"Pen Nib":[24],"Turnip":[10],"Bag of Preparation":[34],"Art of War":[2],"Ginger":[9],"Smiling Mask":75,"obtain_stats":[{"Ice Cream":54,"sneckomod:BlankCard":0,"SacredBark":17,"Guardian:ModeShifter":0,"Oddly Smooth Stone":31,"Pen Nib":9,"Bag of Preparation":19,"Guardian:PocketSentry":47,"Ginger":21,"Bottled Tornado":30,"Frozen Egg 2":48,"Smiling Mask":42,"White Beast Statue":40,"Du-Vu Doll":45,"Centennial Puzzle":25,"Bronze Scales":7,"Philosopher\u0027s Stone":34,"Turnip":26,"WingedGreaves":39,"Red Mask":20,"Art of War":23},{"Ice Cream":24,"sneckomod:BlankCard":0,"SacredBark":7,"Guardian:ModeShifter":0,"Oddly Smooth Stone":14,"Pen Nib":3,"Bag of Preparation":8,"Guardian:PocketSentry":21,"Ginger":9,"Bottled Tornado":14,"Frozen Egg 2":22,"Smiling Mask":20,"White Beast Statue":19,"Du-Vu Doll":21,"Centennial Puzzle":12,"Bronze Scales":3,"Philosopher\u0027s Stone":15,"Turnip":12,"WingedGreaves":18,"Red Mask":9,"Art of War":11},{"Ice Cream":106,"sneckomod:BlankCard":0,"SacredBark":30,"Guardian:ModeShifter":0,"Oddly Smooth Stone":59,"Pen Nib":12,"Bag of Preparation":34,"Guardian:PocketSentry":92,"Ginger":37,"Bottled Tornado":59,"Frozen Egg 2":97,"Smiling Mask":89,"White Beast Statue":83,"Du-Vu Doll":92,"Centennial Puzzle":49,"Bronze Scales":12,"Philosopher\u0027s Stone":67,"Turnip":49,"WingedGreaves":76,"Red Mask":37,"Art of War":44}]},"card_choices":[{"not_picked":["Guardian:Suspension","Guardian:EvasiveProtocol"],"picked":"Guardian:Recover","floor":1},{"not_picked":["Guardian:Gem_Lightblue","Guardian:MultiBeam"],"picked":"Guardian:Gem_Cyan","floor":4},{"not_picked":["Guardian:ChargeCore","Guardian:Incinerate"],"picked":"Guardian:Gem_White","floor":7},{"not_picked":["Guardian:Recover","Guardian:VentSteam"],"picked":"Guardian:TimeBomb","floor":10},{"not_picked":["Guardian:CrystalBeam","Guardian:Suspension"],"picked":"Guardian:FuturePlans","floor":12},{"not_picked":["Guardian:Reroute","Guardian:ChargeUp"],"picked":"Guardian:PiercingHide","floor":14},{"not_picked":["Guardian:GatlingBeam","Guardian:StasisStrike"],"picked":"Guardian:ExploitGems","floor":16},{"not_picked":["Guardian:Planning","Guardian:WalkerClaw+1"],"picked":"Guardian:CrystalBeam+1","floor":18},{"not_picked":["Guardian:WalkerClaw+1","Guardian:CrystalBeam+1"],"picked":"Guardian:Incinerate","floor":20},{"not_picked":["Guardian:PrimingBeam","Guardian:PiercingHide+1"],"picked":"Guardian:FastForward","floor":22},{"not_picked":["Guardian:ChargeCore+1","Guardian:Harden+1"],"picked":"Guardian:TemporalStrike","floor":23},{"not_picked":["Guardian:ChargeUp","Guardian:CrystalBeam"],"picked":"Guardian:Preprogram+1","floor":25},{"not_picked":["Guardian:Emergency+1","Guardian:Reroute"],"picked":"Guardian:Gem_Purple","floor":27},{"not_picked":["Guardian:GemFire","Guardian:PrismaticBeam+1"],"picked":"Guardian:CompilePackage","floor":30},{"not_picked":["Guardian:Gem_Synthetic","Guardian:GatlingBeam"],"picked":"Guardian:CompilePackage","floor":33},{"not_picked":["Guardian:SentryBeam","Guardian:CrystalBeam+1"],"picked":"Guardian:Gem_Purple","floor":35},{"not_picked":["Guardian:MultiBeam","Guardian:ArmoredProtocol+1"],"picked":"Guardian:Gem_Crimson","floor":36},{"not_picked":["Guardian:Repulse+1","Guardian:ChargeCore"],"picked":"Guardian:Gem_Green","floor":39},{"not_picked":["Guardian:TemporalShield+1","Guardian:PrimingBeam+1"],"picked":"Guardian:TimeCapacitor+1","floor":40},{"not_picked":["Guardian:ConstructionForm","Guardian:FastForward"],"picked":"Guardian:PolyBeam+1","floor":42},{"not_picked":["Guardian:RollAttack","Guardian:Preprogram+1"],"picked":"Guardian:FloatingOrbs+1","floor":45},{"not_picked":["Guardian:RollAttack","Guardian:GuardianWhirl"],"picked":"Guardian:VentSteam","floor":48},{"not_picked":["Guardian:CrystalBeam+1","Guardian:ChargeCore"],"picked":"Guardian:Emergency+1","floor":54}],"player_experience":940677,"relics_obtained":[{"floor":7,"key":"Bronze Scales"},{"floor":9,"key":"Pen Nib"},{"floor":20,"key":"Red Mask"},{"floor":23,"key":"Art of War"},{"floor":25,"key":"Centennial Puzzle"},{"floor":26,"key":"Turnip"},{"floor":30,"key":"Bottled Tornado"},{"floor":39,"key":"WingedGreaves"},{"floor":40,"key":"White Beast Statue"},{"floor":42,"key":"Smiling Mask"},{"floor":45,"key":"Du-Vu Doll"},{"floor":48,"key":"Frozen Egg 2"},{"floor":54,"key":"Ice Cream"}],"event_choices":[{"damage_healed":0,"gold_gain":0,"player_choice":"Entered Light","damage_taken":16,"max_hp_gain":0,"max_hp_loss":0,"event_name":"Shining Light","floor":2,"gold_loss":0,"cards_upgraded":["Guardian:CurlUp","Guardian:Strike_Guardian"]},{"damage_healed":0,"gold_gain":0,"player_choice":"Ignored","damage_taken":0,"max_hp_gain":0,"max_hp_loss":0,"event_name":"Liars Game","floor":3,"gold_loss":0},{"damage_healed":0,"gold_gain":100,"player_choice":"Pray","damage_taken":0,"max_hp_gain":0,"max_hp_loss":0,"event_name":"Golden Shrine","floor":13,"gold_loss":0},{"damage_healed":0,"gold_gain":0,"player_choice":"Fought Bandits","damage_taken":0,"max_hp_gain":0,"max_hp_loss":0,"event_name":"Masked Bandits","floor":20,"gold_loss":0},{"damage_healed":0,"gold_gain":0,"player_choice":"Opened","damage_taken":0,"relics_obtained":["Ginger"],"max_hp_gain":0,"max_hp_loss":0,"event_name":"The Mausoleum","floor":21,"gold_loss":0,"cards_obtained":["Writhe"]},{"cards_removed":["Guardian:Strike_Guardian"],"damage_healed":0,"gold_gain":0,"player_choice":"Removed Attack","damage_taken":0,"max_hp_gain":0,"max_hp_loss":0,"event_name":"Falling","floor":37,"gold_loss":0},{"damage_healed":0,"gold_gain":0,"player_choice":"Fight","damage_taken":0,"max_hp_gain":0,"max_hp_loss":0,"event_name":"MindBloom","floor":39,"gold_loss":0}],"is_beta":false,"boss_relics":[{"not_picked":["Sozu","Snecko Eye"],"picked":"SacredBark"},{"not_picked":["Busted Crown","Velvet Choker"],"picked":"Philosopher\u0027s Stone"}],"items_purged_floors":[19,38,47],"is_endless":false,"potions_floor_spawned":[4,7,14,20,25,30,40,42,45,48,54],"killed_by":"The Heart","ascension_level":7}}