{"host":"y1t8p8u0dxvsm95y","time":1608153971,"event":{"mods":["BaseMod","Colored Map","Colored Powertips","Downfall","Hermit","Infinite Spire","Minty Spire (QoL Compilation)","Quick Restart","Somnambulant","StSLib","The Blackbeard","The Clintock","The Construct","The Cursed","The Elementalist","The Exalted","The Factory","The Forsaken","The Hayseed","The Hierophant","The Judge","The Jungle","The Mystic","The Necromancer","The Problem Sleuth","The Runesmith","The Senshi","The Servant 0.9.4","The Wild Card","TheBandit"],"gold_per_floor":[116,129,139,62,79,79,99,99,99,99,99,99,126,137,137,240,240,259,33,51,71,85,110,110,130,157,167,167,184,27,40,40,135,135,148,148,24,37,37,37,55,73,100,113,163,163,163,174,174,174],"floor_reached":51,"playtime":3936,"items_purged":["infinitespire:Pacifist"],"score":650,"play_id":"54a18cc6-ad63-4f5c-bef4-c8f99cb2aa05","local_time":"20201216162611","is_ascension_mode":false,"campfire_choices":[{"data":"wariomod:DropBash","floor":8,"key":"SMITH"},{"data":"wariomod:NullJump","floor":10,"key":"SMITH"},{"data":"wariomod:Step","floor":12,"key":"SMITH"},{"data":"wariomod:DeepDig","floor":15,"key":"SMITH"},{"floor":24,"key":"REST"},{"floor":28,"key":"REST"},{"floor":32,"key":"REST"},{"floor":40,"key":"REST"},{"data":"wariomod:ShipSmash","floor":46,"key":"SMITH"},{"data":"expansioncontent:DefensiveStance","floor":49,"key":"SMITH"}],"circlet_count":0,"master_deck":["wariomod:Strike","wariomod:Strike","wariomod:Strike","wariomod:Strike","wariomod:Defend","wariomod:Defend","wariomod:Defend","wariomod:Step+1","wariomod:Leap","wariomod:HappyHit","wariomod:Hopshield","wariomod:Game","wariomod:NullJump+1","wariomod:Leapslam","wariomod:DropBash+1","wariomod:ThatsNotAll","wariomod:DeepDig+1","wariomod:BumRush","wariomod:ShipSmash+1","wariomod:RacingSpeed+1","wariomod:VeryLongJump","wariomod:Bomblaster","wariomod:OctoJump","wariomod:AbandonGame","wariomod:SimpleShield+1","wariomod:HappyHop+1","wariomod:Bombshield+1","wariomod:TheGrandJourney+1","wariomod:DisarmingMoves+1","expansioncontent:DefensiveStance+1","wariomod:BigUpgrade+1","wariomod:FabulousPrizes+1","wariomod:Bombtime+1","wariomod:SpacialMastery+1","expansioncontent:Sear","wariomod:DanceDash+1","wariomod:DisarmingMoves+1","wariomod:SimpleShield+1","theSleuth:MortholDryax","wariomod:EmptyMind+1","wariomod:Immortalize+1","wariomod:DoubleDash+1"],"relics":["wariomod:TheHat","Blood Vial","Ornamental Fan","Pantograph","Mercury Hourglass","Cursed Key","Membership Card","Toxic Egg 2","Potion Belt","Bromod:ArcaneGrace","Bromod:ArcaneNullifier","Bromod:ArcanePistoleer","elementalistmod:BlueRibbon"],"acts_visited":["Exordium","TheCity","TheBeyond"],"potions_floor_usage":[21,22,29,33,33,41,41,41,41,41,44,50,50,50,50,50],"damage_taken":[{"damage":4,"enemies":"infinitespire:Voidling","floor":1,"turns":3},{"damage":0,"enemies":"Cultist","floor":2,"turns":3},{"damage":0,"enemies":"Small Slimes","floor":3,"turns":2},{"damage":4,"enemies":"Blue Slaver","floor":5,"turns":2},{"damage":0,"enemies":"Lots of Slimes","floor":7,"turns":3},{"damage":4,"enemies":"3 Sentries","floor":13,"turns":5},{"damage":3,"enemies":"Red Slaver","floor":14,"turns":2},{"damage":37,"enemies":"Hexaghost","floor":16,"turns":7},{"damage":0,"enemies":"2 Thieves","floor":18,"turns":3},{"damage":5,"enemies":"3 Byrds","floor":20,"turns":4},{"damage":11,"enemies":"Cultist and Chosen","floor":21,"turns":6},{"damage":0,"enemies":"Shelled Parasite and Fungi","floor":22,"turns":3},{"damage":28,"enemies":"Book of Stabbing","floor":23,"turns":5},{"damage":30,"enemies":"Centurion and Healer","floor":25,"turns":5},{"damage":6,"enemies":"3 Cultists","floor":27,"turns":2},{"damage":26,"enemies":"Snecko","floor":29,"turns":5},{"damage":4,"enemies":"Centurion and Healer","floor":31,"turns":3},{"damage":51,"enemies":"Collector","floor":33,"turns":12},{"damage":27,"enemies":"3 Darklings","floor":35,"turns":6},{"damage":7,"enemies":"3 Shapes","floor":38,"turns":3},{"damage":19,"enemies":"Spire Growth","floor":41,"turns":5},{"damage":9,"enemies":"4 Shapes","floor":42,"turns":5},{"damage":5,"enemies":"Jaw Worm Horde","floor":44,"turns":4},{"damage":0,"enemies":"Mind Bloom Boss Battle","floor":45,"turns":6},{"damage":17,"enemies":"Maw","floor":48,"turns":9},{"damage":7,"enemies":"Time Eater","floor":50,"turns":11}],"seed_played":"3439439786261422316","potions_obtained":[{"floor":1,"key":"PowerPotion"},{"floor":5,"key":"SteroidPotion"},{"floor":7,"key":"SpeedPotion"},{"floor":18,"key":"Block Potion"},{"floor":21,"key":"DistilledChaos"},{"floor":25,"key":"ColorlessPotion"},{"floor":27,"key":"Ancient Potion"},{"floor":33,"key":"EntropicBrew"},{"floor":38,"key":"Energy Potion"},{"floor":41,"key":"Strength Potion"},{"floor":42,"key":"Slimebound:ThreeZeroPotion"},{"floor":44,"key":"DistilledChaos"}],"is_trial":false,"path_per_floor":["M","M","M","$","M","?","M","R","T","R","?","R","E","M","R","B",null,"M","$","M","M","M","E","R","M","T","M","R","M","$","M","R","B",null,"M","?","$","M","?","R","M","M","T","M","?","R","?","M","R","B",null],"character_chosen":"THE_BANDIT","items_purchased":["wariomod:NullJump","Membership Card","wariomod:VeryLongJump","wariomod:TheGrandJourney+1","wariomod:DisarmingMoves+1","expansioncontent:DefensiveStance","SkillPotion","wariomod:SpacialMastery+1","expansioncontent:Sear"],"campfire_rested":4,"item_purchase_floors":[4,19,19,30,30,30,30,37,37],"current_hp_per_floor":[80,80,80,80,76,64,66,66,66,66,66,66,64,63,63,43,80,80,80,75,66,68,42,66,38,38,34,58,34,34,32,56,29,80,57,57,57,53,53,77,61,55,55,53,80,80,80,65,65,73],"gold":174,"neow_bonus":"RANDOM_COMMON_RELIC","is_daily":false,"chose_seed":false,"campfire_upgraded":6,"win_rate":0.0,"timestamp":1608153971,"path_taken":["M","M","?","?","M","?","M","R","T","R","?","R","E","M","R","BOSS","M","?","M","M","?","E","R","M","T","M","R","M","$","M","R","BOSS","M","?","$","M","?","R","M","M","T","M","?","R","?","M","R","BOSS"],"items_purchased_type":["Card","Relic","Card","Card","Card","Card","Potion","Card","Card"],"build_version":"2020-12-13","purchased_purges":1,"victory":true,"max_hp_per_floor":[80,80,80,80,80,80,80,80,80,80,80,80,80,80,80,80,80,80,80,80,80,80,80,80,80,80,80,80,80,80,80,80,80,80,80,80,80,80,80,80,80,80,80,80,80,80,80,80,80,80],"card_choices":[{"not_picked":["wariomod:DoubleDash","wariomod:ThatsNotAll"],"picked":"wariomod:HappyHit","floor":1},{"not_picked":["wariomod:TrekTime","wariomod:ImFeelingLucky"],"picked":"wariomod:Hopshield","floor":2},{"not_picked":["wariomod:BodyBlock","wariomod:ChargeForth"],"picked":"wariomod:Game","floor":3},{"not_picked":["wariomod:SmackSlam","wariomod:Smackflip"],"picked":"wariomod:Leapslam","floor":5},{"not_picked":["wariomod:Hopshield","wariomod:DisarmingMoves"],"picked":"wariomod:DropBash","floor":7},{"not_picked":["wariomod:Purify","wariomod:Immortalize"],"picked":"wariomod:DeepDig","floor":13},{"not_picked":["wariomod:HappyHit","wariomod:TrekTime"],"picked":"wariomod:BumRush","floor":14},{"not_picked":["wariomod:GoAgain","wariomod:Sidestep"],"picked":"wariomod:ShipSmash","floor":16},{"not_picked":["wariomod:DanceDash","wariomod:Boomsmack"],"picked":"wariomod:RacingSpeed+1","floor":18},{"not_picked":["wariomod:DropBash","wariomod:Goblast"],"picked":"wariomod:Bomblaster","floor":20},{"not_picked":["wariomod:Boomsmack","wariomod:Leapslam","wariomod:BlastDash"],"picked":"SKIP","floor":21},{"not_picked":["wariomod:TrekTime","wariomod:BlastDash+1"],"picked":"wariomod:OctoJump","floor":22},{"not_picked":["wariomod:ShipSmash","wariomod:EnergizedBombs"],"picked":"wariomod:AbandonGame","floor":23},{"not_picked":["wariomod:Hopshield+1","wariomod:SpaceSwap+1"],"picked":"wariomod:SimpleShield+1","floor":25},{"not_picked":["wariomod:DisarmingMoves+1","wariomod:BlastDash"],"picked":"wariomod:HappyHop+1","floor":27},{"not_picked":["wariomod:Game","wariomod:DiceyMove+1"],"picked":"wariomod:Bombshield+1","floor":29},{"not_picked":["wariomod:DiceyMove+1","wariomod:BumRush"],"picked":"wariomod:BigUpgrade+1","floor":31},{"not_picked":["wariomod:GodlyGift+1","wariomod:GoAgain+1"],"picked":"wariomod:FabulousPrizes+1","floor":33},{"not_picked":["wariomod:Boomsmack+1","wariomod:BlastDash+1"],"picked":"wariomod:Bombtime+1","floor":35},{"not_picked":["wariomod:Game+1","wariomod:NullJump"],"picked":"wariomod:DanceDash+1","floor":38},{"not_picked":["wariomod:Leapslam","wariomod:GreaterGuard+1"],"picked":"wariomod:DisarmingMoves+1","floor":41},{"not_picked":["wariomod:AwfulLook","wariomod:OctoJump+1"],"picked":"wariomod:SimpleShield+1","floor":42},{"not_picked":["wariomod:Goblast+1","wariomod:ChargeForth+1"],"picked":"wariomod:EmptyMind+1","floor":44},{"not_picked":["wariomod:Hopshield+1","wariomod:DoubleDip+1"],"picked":"wariomod:Immortalize+1","floor":45},{"not_picked":["wariomod:SimpleShield+1","wariomod:Sidestep+1"],"picked":"wariomod:DoubleDash+1","floor":48}],"player_experience":1183038,"relics_obtained":[{"floor":9,"key":"Pantograph"},{"floor":13,"key":"Mercury Hourglass"},{"floor":23,"key":"Toxic Egg 2"},{"floor":26,"key":"Potion Belt"},{"floor":43,"key":"Bromod:ArcaneNullifier"},{"floor":45,"key":"Bromod:ArcanePistoleer"}],"event_choices":[{"damage_healed":0,"gold_gain":0,"player_choice":"Success","damage_taken":12,"relics_obtained":["Ornamental Fan"],"max_hp_gain":0,"max_hp_loss":0,"event_name":"Scrap Ooze","floor":6,"gold_loss":0},{"damage_healed":0,"gold_gain":0,"cards_transformed":["wariomod:Defend"],"player_choice":"Transformed","damage_taken":0,"max_hp_gain":0,"max_hp_loss":0,"event_name":"Transmorgrifier","floor":11,"gold_loss":0,"cards_obtained":["wariomod:ThatsNotAll"]},{"damage_healed":0,"gold_gain":0,"player_choice":"Fight","damage_taken":0,"max_hp_gain":0,"max_hp_loss":0,"event_name":"MindBloom","floor":45,"gold_loss":0}],"is_beta":false,"boss_relics":[{"not_picked":["theForsaken:PaleLantern","SacredBark"],"picked":"Cursed Key"},{"not_picked":["Black Star","Runesmith:UraniumAnvil"],"picked":"Bromod:ArcaneGrace"}],"items_purged_floors":[30],"is_endless":false,"potions_floor_spawned":[1,5,7,18,21,25,27,33,38,41,42,44,48],"ascension_level":0}}