{"host":"3y2rtlgteqp2nuo3","time":1608107420,"event":{"mods":["2.2 Compatiblity","AchievementEnabler","BaseMod","Colored Map","DeckTracker","Highlight Path","Keyboard Shortcuts","Minty Spire (QoL Compilation)","Permanent Neow","Quick Restart","StSLib","SuperFastMode","everything is the same but u backflip on backflip"],"gold_per_floor":[109,123,141,157,168,168,199,215,215,241,255,25,55,73,73,73,73],"floor_reached":16,"playtime":451,"items_purged":["Strike_B"],"score":202,"play_id":"55ba5031-070d-4b84-97b3-c4371ad26944","local_time":"20201216173020","is_ascension_mode":true,"campfire_choices":[{"data":"FTL","floor":6,"key":"SMITH"},{"data":"Lockon","floor":15,"key":"SMITH"}],"circlet_count":0,"master_deck":["AscendersBane","Strike_B","Strike_B","Defend_B","Defend_B","Defend_B","Defend_B","Zap","Dualcast","Ball Lightning","FTL+1","Skim","Coolheaded","Doom and Gloom","Lockon+1","Streamline","Glacier","Genetic Algorithm","Amplify","Turbo"],"relics":["Cracked Core","Meat on the Bone","Singing Bowl","Shuriken","Mummified Hand"],"acts_visited":["Exordium"],"potions_floor_usage":[5,10,14],"damage_taken":[{"damage":0,"enemies":"Cultist","floor":1,"turns":2},{"damage":0,"enemies":"Small Slimes","floor":2,"turns":2},{"damage":3,"enemies":"2 Louse","floor":3,"turns":2},{"damage":6,"enemies":"Large Slime","floor":4,"turns":6},{"damage":5,"enemies":"Gremlin Gang","floor":5,"turns":2},{"damage":15,"enemies":"Lagavulin","floor":7,"turns":3},{"damage":4,"enemies":"Looter","floor":8,"turns":2},{"damage":2,"enemies":"Gremlin Nob","floor":10,"turns":4},{"damage":18,"enemies":"Exordium Wildlife","floor":11,"turns":3},{"damage":22,"enemies":"Lagavulin","floor":13,"turns":4},{"damage":9,"enemies":"Gremlin Gang","floor":14,"turns":5},{"damage":42,"enemies":"The Guardian","floor":16,"turns":10}],"seed_played":"1611043290987307169","potions_obtained":[{"floor":2,"key":"Explosive Potion"},{"floor":5,"key":"LiquidMemories"},{"floor":7,"key":"DistilledChaos"}],"is_trial":false,"path_per_floor":["M","M","M","M","M","R","E","M","T","E","M","$","E","M","R","B"],"character_chosen":"DEFECT","items_purchased":["Amplify"],"campfire_rested":0,"item_purchase_floors":[12],"current_hp_per_floor":[68,68,65,59,54,54,39,47,47,47,41,41,31,36,36,0,0],"gold":73,"neow_bonus":"TRANSFORM_CARD","is_daily":false,"chose_seed":false,"campfire_upgraded":2,"win_rate":0.0,"timestamp":1608107420,"path_taken":["M","M","M","M","M","R","E","?","T","E","M","$","E","M","R","BOSS"],"items_purchased_type":["Card"],"build_version":"2020-12-13","purchased_purges":1,"victory":false,"max_hp_per_floor":[75,75,75,75,75,75,75,75,75,77,77,77,77,79,79,79,79],"card_choices":[{"not_picked":["Cold Snap","Go for the Eyes"],"picked":"FTL","floor":1},{"not_picked":["Streamline","Beam Cell"],"picked":"Skim","floor":2},{"not_picked":["Redo","Gash"],"picked":"Coolheaded","floor":3},{"not_picked":["Go for the Eyes","Barrage"],"picked":"Doom and Gloom","floor":4},{"not_picked":["Gash","Consume"],"picked":"Lockon","floor":5},{"not_picked":["Ball Lightning","Steam"],"picked":"Streamline","floor":7},{"not_picked":["Recycle","Chaos"],"picked":"Glacier","floor":8},{"not_picked":["Static Discharge","Blizzard","Undo"],"picked":"Singing Bowl","floor":10},{"not_picked":["Leap","Barrage"],"picked":"Genetic Algorithm","floor":11},{"not_picked":["Streamline","Double Energy"],"picked":"Turbo","floor":13},{"not_picked":["Auto Shields","Stack","Compile Driver"],"picked":"Singing Bowl","floor":14}],"player_experience":855287,"relics_obtained":[{"floor":7,"key":"Meat on the Bone"},{"floor":9,"key":"Singing Bowl"},{"floor":10,"key":"Shuriken"},{"floor":13,"key":"Mummified Hand"}],"event_choices":[],"is_beta":false,"boss_relics":[],"items_purged_floors":[12],"is_endless":false,"potions_floor_spawned":[2,5,7],"killed_by":"The Guardian","ascension_level":12}}