{"host":"3y2rtlgteqp2nuo3","time":1608108225,"event":{"mods":["2.2 Compatiblity","AchievementEnabler","BaseMod","Colored Map","DeckTracker","Highlight Path","Keyboard Shortcuts","Minty Spire (QoL Compilation)","Permanent Neow","Quick Restart","StSLib","SuperFastMode","everything is the same but u backflip on backflip"],"gold_per_floor":[114,133,145,156,156,156,189,42,42,42,67,85,102,118,118,221,221,235,160,175,186,206,206,206,206],"floor_reached":24,"playtime":705,"items_purged":["Strike_B"],"score":419,"play_id":"111b052d-44d5-40a1-abbe-0d0b713b0dff","local_time":"20201216174345","is_ascension_mode":true,"campfire_choices":[{"data":"Darkness","floor":6.0,"key":"SMITH"},{"floor":15.0,"key":"REST"},{"data":"Dualcast","floor":23.0,"key":"SMITH"}],"circlet_count":0,"master_deck":["AscendersBane","Strike_B","Strike_B","Defend_B","Defend_B","Defend_B","Defend_B","Zap","Dualcast+1","Defragment+1","Ball Lightning","Steam","Darkness+1","BootSequence","Melter","Sweeping Beam","Amplify","Reinforced Body","Reinforced Body","Compile Driver"],"relics":["Cracked Core","Omamori","OrangePellets","Mummified Hand","Symbiotic Virus","Cursed Key"],"acts_visited":["Exordium","TheCity"],"potions_floor_usage":[24,24],"damage_taken":[{"damage":7.0,"enemies":"Jaw Worm","floor":1.0,"turns":3.0},{"damage":6.0,"enemies":"Cultist","floor":2.0,"turns":4.0},{"damage":8.0,"enemies":"2 Louse","floor":3.0,"turns":2.0},{"damage":30.0,"enemies":"Lots of Slimes","floor":4.0,"turns":4.0},{"damage":29.0,"enemies":"3 Sentries","floor":7.0,"turns":6.0},{"damage":15.0,"enemies":"Lagavulin","floor":11.0,"turns":6.0},{"damage":0.0,"enemies":"Exordium Wildlife","floor":12.0,"turns":3.0},{"damage":0.0,"enemies":"2 Fungi Beasts","floor":13.0,"turns":3.0},{"damage":0.0,"enemies":"Large Slime","floor":14.0,"turns":4.0},{"damage":0.0,"enemies":"Slime Boss","floor":16.0,"turns":7.0},{"damage":0.0,"enemies":"Chosen","floor":18.0,"turns":4.0},{"damage":8.0,"enemies":"2 Thieves","floor":20.0,"turns":3.0},{"damage":3.0,"enemies":"Centurion and Healer","floor":21.0,"turns":4.0},{"damage":8.0,"enemies":"Snake Plant","floor":22.0,"turns":4.0},{"damage":61,"enemies":"Gremlin Leader","floor":24,"turns":9}],"seed_played":"-4333580323781099073","potions_obtained":[{"floor":1.0,"key":"FairyPotion"},{"floor":11.0,"key":"Energy Potion"},{"floor":14.0,"key":"Swift Potion"},{"floor":16.0,"key":"Energy Potion"}],"is_trial":false,"path_per_floor":["M","M","M","M","?","R","E","$","T","$","E","M","M","M","R","B",null,"M","$","M","M","M","R","E"],"character_chosen":"DEFECT","items_purchased":["OrangePellets"],"campfire_rested":1,"item_purchase_floors":[8],"current_hp_per_floor":[61,55,47,17,17,17,17,17,17,17,2,2,2,2,24,24,62,62,62,54,51,43,43,0,0],"gold":206,"neow_bonus":"REMOVE_CARD","is_daily":false,"chose_seed":false,"campfire_upgraded":2,"win_rate":0.0,"timestamp":1608108225,"path_taken":["M","M","M","M","?","R","E","$","T","$","E","M","M","M","R","BOSS","M","$","M","M","M","R","E"],"items_purchased_type":["Relic"],"build_version":"2020-12-13","purchased_purges":1,"victory":false,"max_hp_per_floor":[75,75,75,75,75,75,75,75,75,75,75,75,75,75,75,75,75,75,75,75,75,75,75,75,75],"card_choices":[{"not_picked":["Beam Cell","White Noise"],"picked":"Defragment","floor":1.0},{"not_picked":["Redo","Conserve Battery"],"picked":"Ball Lightning","floor":2.0},{"not_picked":["Cold Snap","Chaos"],"picked":"Steam","floor":3.0},{"not_picked":["Auto Shields","Leap"],"picked":"Darkness","floor":4.0},{"not_picked":["Genetic Algorithm","Go for the Eyes"],"picked":"BootSequence","floor":7.0},{"not_picked":["Double Energy","Go for the Eyes"],"picked":"Melter","floor":11.0},{"not_picked":["Rip and Tear","Streamline","Chaos"],"picked":"SKIP","floor":12.0},{"not_picked":["Doom and Gloom","Melter"],"picked":"Sweeping Beam","floor":13.0},{"not_picked":["Leap","Sweeping Beam","Meteor Strike"],"picked":"SKIP","floor":14.0},{"not_picked":["Biased Cognition","Meteor Strike"],"picked":"Amplify","floor":16.0},{"not_picked":["Rebound","Doom and Gloom"],"picked":"Reinforced Body","floor":18.0},{"not_picked":["Barrage","Sweeping Beam","Double Energy"],"picked":"SKIP","floor":20.0},{"not_picked":["Gash","Aggregate"],"picked":"Reinforced Body","floor":21.0},{"not_picked":["Aggregate","Gash"],"picked":"Compile Driver","floor":22.0}],"player_experience":856517,"relics_obtained":[{"floor":7.0,"key":"Omamori"},{"floor":9.0,"key":"Mummified Hand"},{"floor":11.0,"key":"Symbiotic Virus"}],"event_choices":[{"damage_healed":0.0,"max_hp_gain":0.0,"max_hp_loss":0.0,"gold_gain":0.0,"event_name":"Living Wall","player_choice":"Grow","floor":5.0,"gold_loss":0.0,"damage_taken":0.0,"cards_upgraded":["Defragment"]}],"is_beta":false,"boss_relics":[{"not_picked":["Velvet Choker","Runic Dome"],"picked":"Cursed Key"}],"items_purged_floors":[19],"is_endless":false,"potions_floor_spawned":[1,11,14,16,20,22],"killed_by":"Gremlin Leader","ascension_level":12}}