{"host":"f0gpob8hq9vgebej","time":1608134503,"event":{"mods":["AchievementEnabler","BaseMod","Googly Eyes","Minty Spire (QoL Compilation)","Quick Restart","SuperFastMode"],"gold_per_floor":[19,34,50,0,0,35,35,35,35,35,68,68,68,103,103,207,207,225,7,17,34,44,76,76,153,153,179,179,68,68,93,93,93,93],"floor_reached":33,"playtime":829,"items_purged":["Defend_G"],"score":501,"play_id":"50f5c73b-5398-4967-96f1-818e72c27f09","local_time":"20201217010143","is_ascension_mode":true,"campfire_choices":[{"data":"Footwork","floor":7.0,"key":"SMITH"},{"data":"Poisoned Stab","floor":10.0,"key":"SMITH"},{"data":"Crippling Poison","floor":12.0,"key":"SMITH"},{"data":"Calculated Gamble","floor":15,"key":"SMITH"},{"data":"Phantasmal Killer","floor":30,"key":"SMITH"},{"floor":32,"key":"REST"}],"circlet_count":0,"master_deck":["Strike_G","Strike_G","Defend_G","Defend_G","Defend_G","Survivor","Neutralize","Crippling Poison+1","Footwork+1","Reflex","Poisoned Stab+1","Terror","Calculated Gamble+1","Venomology","Dodge and Roll+1","Blade Dance+1","Infinite Blades+1","Accuracy","Acrobatics","Accuracy","Backflip","Phantasmal Killer+1"],"relics":["Ring of the Snake","Incense Burner","Sundial","HornCleat","Lantern","CaptainsWheel","Tingsha","Astrolabe","Membership Card","Boot","Pear","CeramicFish","Orichalcum"],"acts_visited":["Exordium","TheCity"],"potions_floor_usage":[18,18,23,23,28,28,31,31,33],"damage_taken":[{"damage":0.0,"enemies":"Jaw Worm","floor":1.0,"turns":5.0},{"damage":1.0,"enemies":"Small Slimes","floor":2.0,"turns":4.0},{"damage":3.0,"enemies":"2 Louse","floor":3.0,"turns":4.0},{"damage":19.0,"enemies":"Gremlin Nob","floor":6.0,"turns":6.0},{"damage":7.0,"enemies":"Lagavulin","floor":11.0,"turns":7.0},{"damage":0,"enemies":"Gremlin Nob","floor":14,"turns":5},{"damage":2,"enemies":"Hexaghost","floor":16,"turns":9},{"damage":5,"enemies":"2 Thieves","floor":18,"turns":4},{"damage":6,"enemies":"Chosen","floor":20,"turns":5},{"damage":3,"enemies":"Centurion and Healer","floor":21,"turns":5},{"damage":0,"enemies":"Snecko","floor":22,"turns":5},{"damage":34,"enemies":"Slavers","floor":23,"turns":7},{"damage":2,"enemies":"Shelled Parasite and Fungi","floor":27,"turns":4},{"damage":0,"enemies":"Snake Plant","floor":28,"turns":1},{"damage":1,"enemies":"Gremlin Leader","floor":31,"turns":4},{"damage":25,"enemies":"Automaton","floor":33,"turns":6}],"seed_played":"-689812188227816030","potions_obtained":[{"floor":1.0,"key":"FearPotion"},{"floor":11.0,"key":"Fruit Juice"},{"floor":14,"key":"CunningPotion"},{"floor":18,"key":"SmokeBomb"},{"floor":21,"key":"Fire Potion"},{"floor":22,"key":"Block Potion"},{"floor":23,"key":"ColorlessPotion"}],"is_trial":false,"path_per_floor":["M","M","M","?","?","E","R","$","T","R","E","R","?","E","R","B",null,"M","$","M","M","M","E","?","T","T","M","M","$","R","E","R","B"],"character_chosen":"THE_SILENT","items_purchased":["Accuracy","Membership Card","Phantasmal Killer"],"campfire_rested":1,"item_purchase_floors":[19,19,29],"current_hp_per_floor":[63,62,59,59,56,37,37,37,37,37,35,35,35,35,35,33,65,60,60,54,51,51,17,17,27,27,25,25,25,25,24,49,24,24],"gold":93,"neow_bonus":"ONE_RARE_RELIC","is_daily":false,"chose_seed":false,"campfire_upgraded":5,"win_rate":0.0,"timestamp":1608134503,"path_taken":["M","M","M","?","?","E","R","$","T","R","E","R","?","E","R","BOSS","M","$","M","M","M","E","?","?","T","M","M","$","R","E","R","BOSS"],"items_purchased_type":["Card","Relic","Card"],"build_version":"2020-12-13","purchased_purges":1,"victory":false,"max_hp_per_floor":[70,70,70,70,70,70,70,70,70,70,75,75,75,75,75,75,75,75,75,75,75,75,75,75,85,85,85,85,85,85,85,85,85,85],"card_choices":[{"not_picked":["PiercingWail","Sucker Punch"],"picked":"Crippling Poison","floor":1.0},{"not_picked":["Noxious Fumes","PiercingWail"],"picked":"Footwork","floor":2.0},{"not_picked":["Setup","Riddle With Holes"],"picked":"Reflex","floor":3.0},{"not_picked":["Backflip","Dagger Throw"],"picked":"Poisoned Stab","floor":6.0},{"not_picked":["Slice","Bouncing Flask"],"picked":"Terror","floor":11.0},{"not_picked":["Deadly Poison","Dodge and Roll"],"picked":"Calculated Gamble","floor":14},{"not_picked":["Corpse Explosion","Night Terror"],"picked":"Venomology","floor":16},{"not_picked":["Footwork","Noxious Fumes","Poisoned Stab"],"picked":"SKIP","floor":18},{"not_picked":["Flechettes","Sucker Punch"],"picked":"Acrobatics","floor":20},{"not_picked":["Acrobatics","Deflect+1","Dash"],"picked":"SKIP","floor":21},{"not_picked":["Dagger Throw+1","Calculated Gamble","Backstab+1"],"picked":"SKIP","floor":22},{"not_picked":["Catalyst","Caltrops","Masterful Stab+1"],"picked":"SKIP","floor":23},{"not_picked":["PiercingWail","Dodge and Roll+1"],"picked":"Backflip","floor":27},{"not_picked":["Sucker Punch","Cloak And Dagger","Bane+1"],"picked":"SKIP","floor":31}],"player_experience":157544,"relics_obtained":[{"floor":6.0,"key":"HornCleat"},{"floor":9.0,"key":"Lantern"},{"floor":11.0,"key":"CaptainsWheel"},{"floor":14,"key":"Tingsha"},{"floor":23,"key":"Boot"},{"floor":25,"key":"Pear"},{"floor":26,"key":"CeramicFish"},{"floor":31,"key":"Orichalcum"}],"event_choices":[{"cards_removed":["Strike_G"],"damage_healed":0.0,"max_hp_gain":0.0,"max_hp_loss":0.0,"gold_gain":0.0,"event_name":"The Cleric","player_choice":"Card Removal","floor":4.0,"gold_loss":50.0,"damage_taken":0.0},{"damage_healed":0.0,"max_hp_gain":0.0,"max_hp_loss":0.0,"gold_gain":0.0,"event_name":"Scrap Ooze","player_choice":"Success","floor":5.0,"gold_loss":0.0,"damage_taken":3.0,"relics_obtained":["Sundial"]},{"damage_healed":0.0,"max_hp_gain":0.0,"max_hp_loss":0.0,"gold_gain":0.0,"event_name":"Golden Idol","player_choice":"Ignored","floor":13.0,"gold_loss":0.0,"damage_taken":0.0},{"damage_healed":0,"gold_gain":0,"player_choice":"Read","damage_taken":0,"max_hp_gain":0,"max_hp_loss":0,"event_name":"The Library","floor":24,"gold_loss":0,"cards_obtained":["Accuracy"]}],"is_beta":false,"boss_relics":[{"not_picked":["Ectoplasm","Sozu"],"picked":"Astrolabe"}],"items_purged_floors":[29],"is_endless":false,"potions_floor_spawned":[1,11,14,18,21,22,23,28],"killed_by":"Automaton","ascension_level":9}}