{"host":"g9y2ptialarrkhtq","time":1608091749,"event":{"mods":["Act Like it!","BaseMod","Jorbs\u0027s Wanderer Trilogy","Minty Spire (QoL Compilation)","StSLib"],"gold_per_floor":[113,113,128,128,128,155,155,167,167,177,177,194,194,204,204,317,317,272,272,272,272,42,42,42,42,42,42,42,42,42,42,42,42,42,42,42,42,42,42,42,42,42,42,42,42,42,42,42,42,42,42,42,42,42,42,42],"floor_reached":55,"playtime":6558,"items_purged":["stsjorbsmod:Strike_Wanderer"],"score":741,"play_id":"40e1fcde-71b3-4ed2-a327-a059c767e371","local_time":"20201216120909","is_ascension_mode":false,"campfire_choices":[{"data":"stsjorbsmod:MagicMirror","floor":7.0,"key":"SMITH"},{"floor":11.0,"key":"DIG"},{"floor":15.0,"key":"DIG"},{"floor":23,"key":"DIG"},{"floor":25,"key":"DIG"},{"floor":27,"key":"DIG"},{"floor":32,"key":"DIG"},{"floor":40,"key":"REST"},{"floor":44,"key":"DIG"},{"floor":45,"key":"DIG"},{"floor":49,"key":"RECALL"},{"floor":52,"key":"DIG"}],"circlet_count":0,"master_deck":["stsjorbsmod:ForbiddenGrimoire+1","stsjorbsmod:Strike_Wanderer+1","stsjorbsmod:Strike_Wanderer","stsjorbsmod:Strike_Wanderer","stsjorbsmod:Defend_Wanderer","stsjorbsmod:Defend_Wanderer","stsjorbsmod:Defend_Wanderer","stsjorbsmod:Defend_Wanderer","stsjorbsmod:FreshAdventure","stsjorbsmod:EyeOfTheStorm+1","stsjorbsmod:MagicMirror+1","stsjorbsmod:FranticSearch","stsjorbsmod:ScorchingRay+1","stsjorbsmod:DoubleCheck","Blind","stsjorbsmod:Firebolt","stsjorbsmod:ArcaneForm","stsjorbsmod:SiphonEnergy","stsjorbsmod:Inferno","stsjorbsmod:Aid","stsjorbsmod:Message+1","stsjorbsmod:Rediscovery","CurseOfTheBell","stsjorbsmod:Thorns+1","Swift Strike","stsjorbsmod:Banish","stsjorbsmod:HedgeWizard+1","Secret Weapon","stsjorbsmod:MageArmor"],"relics":["stsjorbsmod:GrimoireRelic","NeowsBlessing","Matryoshka","Vajra","Shovel","Torii","CeramicFish","Ectoplasm","OrangePellets","stsjorbsmod:AlchemistsFireRelic","Gambling Chip","Pen Nib","HornCleat","Art of War","Unceasing Top","stsjorbsmod:MindGlassRelic","Calling Bell","Meat on the Bone","Lizard Tail","Nunchaku","Peace Pipe","Mercury Hourglass","Mummified Hand","White Beast Statue","Sundial","Bottled Tornado"],"acts_visited":["Exordium","TheCity","TheBeyond","TheEnding"],"potions_floor_usage":[16,16,33,44,50,50,55],"damage_taken":[{"damage":0.0,"enemies":"2 Louse","floor":1.0,"turns":1.0},{"damage":0.0,"enemies":"Jaw Worm","floor":3.0,"turns":1.0},{"damage":0.0,"enemies":"Lagavulin","floor":6.0,"turns":1.0},{"damage":10.0,"enemies":"Small Slimes","floor":8.0,"turns":3.0},{"damage":5.0,"enemies":"Red Slaver","floor":10.0,"turns":4.0},{"damage":19.0,"enemies":"Exordium Wildlife","floor":12.0,"turns":5.0},{"damage":10.0,"enemies":"Looter","floor":14.0,"turns":2.0},{"damage":18,"enemies":"The Guardian","floor":16,"turns":6},{"damage":17,"enemies":"2 Thieves","floor":18,"turns":4},{"damage":1,"enemies":"Spheric Guardian","floor":20,"turns":4},{"damage":11,"enemies":"Cultist and Chosen","floor":21,"turns":7},{"damage":1,"enemies":"Centurion and Healer","floor":28,"turns":5},{"damage":7,"enemies":"Gremlin Leader","floor":29,"turns":5},{"damage":2,"enemies":"Snake Plant","floor":30,"turns":3},{"damage":0,"enemies":"Snecko","floor":31,"turns":5},{"damage":45,"enemies":"Collector","floor":33,"turns":8},{"damage":15,"enemies":"3 Darklings","floor":35,"turns":5},{"damage":10,"enemies":"Orb Walker","floor":36,"turns":3},{"damage":0,"enemies":"Spire Growth","floor":37,"turns":3},{"damage":62,"enemies":"2 Orb Walkers","floor":39,"turns":6},{"damage":6,"enemies":"Sphere and 2 Shapes","floor":42,"turns":3},{"damage":0,"enemies":"3 Darklings","floor":47,"turns":3},{"damage":5,"enemies":"Spire Growth","floor":48,"turns":3},{"damage":21,"enemies":"Time Eater","floor":50,"turns":8},{"damage":31,"enemies":"Shield and Spear","floor":54,"turns":5},{"damage":89,"enemies":"The Heart","floor":55,"turns":6}],"seed_played":"5774104132550688176","potions_obtained":[{"floor":6.0,"key":"Regen Potion"},{"floor":12.0,"key":"ColorlessPotion"},{"floor":14.0,"key":"SneckoOil"},{"floor":16,"key":"SmokeBomb"},{"floor":21,"key":"stsjorbsmod:DimensionDoorPotion"},{"floor":28,"key":"stsjorbsmod:LiquidClarity"},{"floor":42,"key":"PowerPotion"},{"floor":47,"key":"GamblersBrew"},{"floor":48,"key":"Ancient Potion"},{"floor":54,"key":"SteroidPotion"}],"is_trial":false,"path_per_floor":["M","?","M","T","?","E","R","M","T","M","R","M","?","M","R","B",null,"M","?","M","M","$","R","?","R","T","R","M","E","M","M","R","B",null,"M","M","M","?","?","R","?","M","T","R","R","?","M","M","R","B",null,"R","$","E","B"],"character_chosen":"WANDERER","items_purchased":["OrangePellets"],"campfire_rested":1,"item_purchase_floors":[22],"current_hp_per_floor":[68,68,68,68,73,73,73,65,65,62,62,59,59,50,50,37,73,61,61,64,53,53,53,53,53,53,53,56,54,56,61,61,16,73,62,56,63,63,19,41,41,53,53,53,53,53,58,56,56,47,75,75,75,50,0,0],"gold":42,"neow_bonus":"THREE_ENEMY_KILL","is_daily":false,"chose_seed":false,"campfire_upgraded":1,"win_rate":0.0,"timestamp":1608091749,"path_taken":["M","?","M","?","?","E","R","M","T","M","R","M","?","M","R","BOSS","M","?","?","M","$","R","?","R","T","R","M","E","M","M","R","BOSS","M","M","M","?","?","R","?","?","T","R","R","?","M","M","R","BOSS","R","$","E","BOSS"],"items_purchased_type":["Relic"],"build_version":"2020-12-13","purchased_purges":1,"victory":false,"max_hp_per_floor":[68,68,68,68,73,73,73,73,73,73,73,73,73,73,73,73,73,73,73,73,73,73,73,73,73,73,73,73,73,73,73,73,73,73,73,73,75,75,75,75,75,75,75,75,75,75,75,75,75,75,75,75,75,75,75,75],"card_choices":[{"not_picked":["stsjorbsmod:Index","stsjorbsmod:Prestidigitation"],"picked":"stsjorbsmod:Firebolt","floor":1.0},{"not_picked":["stsjorbsmod:DisguiseSelf","stsjorbsmod:BlackTentacles"],"picked":"stsjorbsmod:MagicMirror","floor":3.0},{"not_picked":["stsjorbsmod:UnseenServant","stsjorbsmod:TrueStrike"],"picked":"stsjorbsmod:FranticSearch","floor":6.0},{"not_picked":["stsjorbsmod:Index","stsjorbsmod:Introspection"],"picked":"stsjorbsmod:ScorchingRay","floor":8.0},{"not_picked":["stsjorbsmod:DisguiseSelf","stsjorbsmod:Index","stsjorbsmod:FracturedMind"],"picked":"SKIP","floor":10.0},{"not_picked":["stsjorbsmod:RayOfFrost","stsjorbsmod:Mending"],"picked":"stsjorbsmod:DoubleCheck","floor":12.0},{"not_picked":["stsjorbsmod:TrueStrike","stsjorbsmod:Hibernate"],"picked":"stsjorbsmod:ArcaneForm","floor":14.0},{"not_picked":["stsjorbsmod:Banish","stsjorbsmod:IvoryTower"],"picked":"stsjorbsmod:SiphonEnergy","floor":16},{"not_picked":["stsjorbsmod:Aid","stsjorbsmod:SchoolsOfMagic"],"picked":"stsjorbsmod:Inferno","floor":18},{"not_picked":["stsjorbsmod:WanderingMind","stsjorbsmod:SmithingStrike","stsjorbsmod:FracturedMind"],"picked":"SKIP","floor":20},{"not_picked":["stsjorbsmod:Message","stsjorbsmod:UnseenServant","stsjorbsmod:Channel"],"picked":"SKIP","floor":21},{"not_picked":["stsjorbsmod:ChatteringStrike","stsjorbsmod:Prepare","stsjorbsmod:WanderingMind+1"],"picked":"SKIP","floor":28},{"not_picked":["stsjorbsmod:DisguiseSelf+1","stsjorbsmod:Hibernate+1"],"picked":"stsjorbsmod:Aid","floor":29},{"not_picked":["stsjorbsmod:DisguiseSelf","stsjorbsmod:FracturedMind","stsjorbsmod:Prestidigitation"],"picked":"SKIP","floor":30},{"not_picked":["stsjorbsmod:LoseGrip+1","stsjorbsmod:ParryingBlow+1"],"picked":"stsjorbsmod:Message+1","floor":31},{"not_picked":["stsjorbsmod:Banish","stsjorbsmod:MirrorImage"],"picked":"stsjorbsmod:Rediscovery","floor":33},{"not_picked":["stsjorbsmod:Prepare","stsjorbsmod:DoubleCheck","stsjorbsmod:Message"],"picked":"SKIP","floor":35},{"not_picked":["stsjorbsmod:SiphonEnergy","stsjorbsmod:TrueStrike","stsjorbsmod:Firebolt+1"],"picked":"SKIP","floor":36},{"not_picked":["stsjorbsmod:Prepare","stsjorbsmod:ArcaneWeapon","stsjorbsmod:Prestidigitation+1"],"picked":"SKIP","floor":37},{"not_picked":["stsjorbsmod:DisguiseSelf","stsjorbsmod:FracturedMind"],"picked":"stsjorbsmod:Thorns+1","floor":39},{"not_picked":["stsjorbsmod:ParryingBlow+1","stsjorbsmod:WanderingMind+1"],"picked":"stsjorbsmod:HedgeWizard+1","floor":42},{"not_picked":["Madness","Dark Shackles"],"picked":"Secret Weapon","floor":46},{"not_picked":["stsjorbsmod:Materialize","stsjorbsmod:AnimateObjects","stsjorbsmod:BlackTentacles"],"picked":"SKIP","floor":47},{"not_picked":["stsjorbsmod:Materialize+1","stsjorbsmod:Introspection","stsjorbsmod:MagicMissiles"],"picked":"SKIP","floor":48},{"not_picked":["stsjorbsmod:Prestidigitation+1","stsjorbsmod:Patron+1"],"picked":"stsjorbsmod:MageArmor","floor":54}],"player_experience":91356,"relics_obtained":[{"floor":6.0,"key":"Matryoshka"},{"floor":9.0,"key":"Vajra"},{"floor":9.0,"key":"Shovel"},{"floor":11.0,"key":"Torii"},{"floor":15.0,"key":"CeramicFish"},{"floor":23,"key":"stsjorbsmod:AlchemistsFireRelic"},{"floor":25,"key":"Gambling Chip"},{"floor":26,"key":"Pen Nib"},{"floor":26,"key":"HornCleat"},{"floor":27,"key":"Art of War"},{"floor":29,"key":"Unceasing Top"},{"floor":32,"key":"stsjorbsmod:MindGlassRelic"},{"floor":34,"key":"Meat on the Bone"},{"floor":34,"key":"Lizard Tail"},{"floor":34,"key":"Nunchaku"},{"floor":39,"key":"Peace Pipe"},{"floor":43,"key":"Mercury Hourglass"},{"floor":44,"key":"Mummified Hand"},{"floor":45,"key":"White Beast Statue"},{"floor":52,"key":"Sundial"},{"floor":54,"key":"Bottled Tornado"}],"event_choices":[{"damage_healed":0.0,"max_hp_gain":0.0,"max_hp_loss":0.0,"gold_gain":0.0,"event_name":"Liars Game","player_choice":"Ignored","floor":2.0,"gold_loss":0.0,"damage_taken":0.0},{"damage_healed":0.0,"max_hp_gain":5.0,"max_hp_loss":0.0,"gold_gain":0.0,"event_name":"Big Fish","player_choice":"Donut","floor":5.0,"gold_loss":0.0,"damage_taken":0.0},{"damage_healed":0.0,"max_hp_gain":0.0,"max_hp_loss":0.0,"gold_gain":0.0,"event_name":"Match and Keep!","player_choice":"2 cards matched","floor":13.0,"gold_loss":0.0,"damage_taken":0.0,"cards_obtained":["Blind","stsjorbsmod:Firebolt"]},{"damage_healed":0,"gold_gain":100,"player_choice":"Pray","damage_taken":0,"max_hp_gain":0,"max_hp_loss":0,"event_name":"Golden Shrine","floor":19,"gold_loss":0},{"cards_removed":["stsjorbsmod:Firebolt"],"damage_healed":0,"gold_gain":0,"player_choice":"Removed Attack","damage_taken":0,"max_hp_gain":0,"max_hp_loss":0,"event_name":"Falling","floor":38,"gold_loss":0},{"damage_healed":0,"gold_gain":0,"player_choice":"Fight","damage_taken":0,"max_hp_gain":0,"max_hp_loss":0,"event_name":"Mysterious Sphere","floor":39,"gold_loss":0},{"damage_healed":0,"gold_gain":0,"player_choice":"2 cards matched","damage_taken":0,"max_hp_gain":0,"max_hp_loss":0,"event_name":"Match and Keep!","floor":41,"gold_loss":0,"cards_obtained":["Swift Strike","stsjorbsmod:Banish"]},{"damage_healed":0,"gold_gain":0,"player_choice":"Memory 1","damage_taken":0,"max_hp_gain":0,"max_hp_loss":0,"event_name":"SensoryStone","floor":46,"gold_loss":0}],"is_beta":false,"boss_relics":[{"not_picked":["Empty Cage","Busted Crown"],"picked":"Ectoplasm"},{"not_picked":["Philosopher\u0027s Stone","Tiny House"],"picked":"Calling Bell"}],"items_purged_floors":[22],"is_endless":false,"potions_floor_spawned":[6,12,14,16,21,28,42,47,48,54],"killed_by":"The Heart","ascension_level":0}}