{"host":"k4e6oxvdzzmkrew5","time":1608144644,"event":{"mods":["AchievementEnabler","BaseMod","BetterRewards","Clawfect","Colored Map","Custom Start","Highlight Path","Minty Spire (QoL Compilation)","Permanent Neow","Remove Card Discount Mod","Shop Mod","StSLib","Unceasing Turn Reminder"],"gold_per_floor":[130,217,27,37,37,37,67,67,90,118,130,164,178,192,192,290,290,308,335,295,75,89,118,131,146,173,173,82,82,98,113,113,214,214,230,230,240,295,311,341,341,341,413,442,442,236,271,286,286,286],"floor_reached":51,"playtime":1948,"items_purged":["Anger","Clawfect:ClawCell","Clawfect:ClawCell","Clawfect:ClawSnap","Clawfect:ClawLightning","Clawfect:ClawForTheEyes","Clawfect:ClawForTheEyes","Clawfect:ClawSnap","Clawfect:ClawLightning","Clawfect:ClawForTheEyes","Fire Breathing+1","Double Tap+1"],"score":1250,"play_id":"ad007fa0-d2e7-498b-a2df-242a066fac10","local_time":"20201216125044","is_ascension_mode":false,"campfire_choices":[{"data":"Clawfect:ClawSnap","floor":6,"key":"SMITH"},{"data":"Clash","floor":8,"key":"SMITH"},{"data":"1","floor":15,"key":"LIFT"},{"data":"2","floor":27,"key":"LIFT"},{"data":"3","floor":32,"key":"LIFT"},{"data":"Clash","floor":41,"key":"SMITH"},{"data":"Clash","floor":45,"key":"SMITH"},{"data":"Clawfect:ClawLightning","floor":49,"key":"SMITH"}],"circlet_count":0,"master_deck":["Clawfect:Clawter+1","Clawfect:ClawCell","Clawfect:ClawForTheEyes","Clawfect:ClawLightning+1","Clawfect:ClawSnap+1","Clash+1","Double Tap+1","Good Instincts","Clash+1","Berserk+1","Clash+1","Clash+1"],"relics":["Burning Blood","Unceasing Top","Vajra","TwistedFunnel","WristBlade","Torii","Mercury Hourglass","Membership Card","Meat on the Bone","Oddly Smooth Stone","Matryoshka","MawBank","Incense Burner","Ice Cream","Brimstone","Frozen Egg 2","StoneCalendar","Art of War","Girya","Omamori","Red Mask","White Beast Statue","War Paint","Champion Belt","StrikeDummy","Boot","MerchantsRug","Ornamental Fan","SacredBark","Bird Faced Urn","Anchor","Singing Bowl","Blue Candle","Bottled Flame","Medical Kit","Regal Pillow"],"acts_visited":["Exordium","TheCity","TheBeyond"],"potions_floor_usage":[23,23,35,37,40,50,50,50,50,50],"damage_taken":[{"damage":0,"enemies":"Jaw Worm","floor":1,"turns":1},{"damage":0,"enemies":"2 Louse","floor":4,"turns":1},{"damage":0,"enemies":"3 Sentries","floor":7,"turns":1},{"damage":0,"enemies":"Gremlin Nob","floor":10,"turns":1},{"damage":0,"enemies":"Cultist","floor":11,"turns":1},{"damage":0,"enemies":"3 Sentries","floor":12,"turns":1},{"damage":0,"enemies":"Large Slime","floor":13,"turns":1},{"damage":0,"enemies":"Lots of Slimes","floor":14,"turns":1},{"damage":0,"enemies":"Hexaghost","floor":16,"turns":1},{"damage":0,"enemies":"Spheric Guardian","floor":18,"turns":1},{"damage":0,"enemies":"Masked Bandits","floor":19,"turns":1},{"damage":0,"enemies":"2 Thieves","floor":22,"turns":1},{"damage":1,"enemies":"Slavers","floor":23,"turns":2},{"damage":0,"enemies":"Snecko","floor":24,"turns":2},{"damage":0,"enemies":"Snake Plant","floor":25,"turns":1},{"damage":0,"enemies":"Centurion and Healer","floor":30,"turns":1},{"damage":0,"enemies":"Snecko","floor":31,"turns":1},{"damage":0,"enemies":"Collector","floor":33,"turns":1},{"damage":0,"enemies":"3 Darklings","floor":35,"turns":1},{"damage":0,"enemies":"3 Shapes","floor":37,"turns":1},{"damage":0,"enemies":"2 Orb Walkers","floor":38,"turns":1},{"damage":3,"enemies":"Sphere and 2 Shapes","floor":39,"turns":1},{"damage":0,"enemies":"Giant Head","floor":40,"turns":1},{"damage":0,"enemies":"Reptomancer","floor":44,"turns":1},{"damage":0,"enemies":"Giant Head","floor":47,"turns":1},{"damage":0,"enemies":"Jaw Worm Horde","floor":48,"turns":1},{"damage":0,"enemies":"Awakened One","floor":50,"turns":2}],"seed_played":"-6036072309292441752","potions_obtained":[{"floor":1,"key":"DuplicationPotion"},{"floor":4,"key":"SpeedPotion"},{"floor":13,"key":"Ancient Potion"},{"floor":20,"key":"SkillPotion"},{"floor":23,"key":"Energy Potion"},{"floor":24,"key":"PowerPotion"},{"floor":25,"key":"PowerPotion"},{"floor":33,"key":"DistilledChaos"},{"floor":35,"key":"Fire Potion"},{"floor":37,"key":"EssenceOfSteel"},{"floor":40,"key":"SneckoOil"},{"floor":44,"key":"Dexterity Potion"},{"floor":47,"key":"EntropicBrew"}],"is_trial":true,"path_per_floor":["M","?","$","M","?","R","E","R","T","E","M","E","M","M","R","B",null,"M","?","?","$","M","E","M","M","T","R","$","?","M","M","R","B",null,"M","?","M","?","M","E","R","?","T","E","R","$","E","M","R","B",null],"character_chosen":"IRONCLAD","items_purchased":["Brimstone","Frozen Egg 2","White Beast Statue","War Paint","MerchantsRug","Ornamental Fan","Good Instincts","Bottled Flame","Medical Kit"],"campfire_rested":0,"item_purchase_floors":[3,3,21,21,28,28,28,46,46],"current_hp_per_floor":[80,69,69,75,75,75,80,80,80,80,80,80,80,80,80,80,80,80,80,80,80,80,80,80,80,80,80,80,80,80,80,80,80,80,80,80,80,80,80,80,80,80,80,80,80,80,82,84,84,84],"gold":286,"neow_bonus":"","is_daily":false,"chose_seed":false,"campfire_upgraded":5,"win_rate":0.0,"timestamp":1608144644,"path_taken":["M","?","$","M","?","R","E","R","T","E","M","E","M","?","R","BOSS","M","?","?","$","M","E","?","M","T","R","$","?","M","?","R","BOSS","M","?","?","?","M","E","R","?","T","E","R","$","E","M","R","BOSS"],"items_purchased_type":["Relic","Relic","Relic","Relic","Relic","Relic","Card","Relic","Relic"],"build_version":"2020-12-13","purchased_purges":12,"victory":true,"max_hp_per_floor":[80,80,80,80,80,80,80,80,80,80,80,80,80,80,80,80,80,80,80,80,80,80,80,80,80,80,80,80,80,80,80,80,80,80,80,80,80,80,80,80,80,80,80,80,80,80,82,84,84,84],"card_choices":[{"not_picked":["Shrug It Off","Thunderclap","Seeing Red"],"picked":"SKIP","floor":1},{"not_picked":["Whirlwind","Disarm","Clash"],"picked":"SKIP","floor":4},{"not_picked":["Shrug It Off","Cleave"],"picked":"Clash","floor":7},{"not_picked":["Thunderclap","Twin Strike"],"picked":"Double Tap","floor":10},{"not_picked":["Entrench","Heavy Blade","Seeing Red"],"picked":"SKIP","floor":11},{"not_picked":["Anger","Perfected Strike"],"picked":"Fire Breathing+1","floor":12},{"not_picked":["Evolve+1","Havoc","Clash"],"picked":"SKIP","floor":13},{"not_picked":["Flame Barrier","Second Wind"],"picked":"Anger","floor":14},{"not_picked":["Fiend Fire","Corruption+1"],"picked":"Double Tap","floor":16},{"not_picked":["Body Slam","Clothesline","Searing Blow+1"],"picked":"SKIP","floor":18},{"not_picked":["Entrench+1","Uppercut","Flex"],"picked":"SKIP","floor":22},{"not_picked":["Armaments","Reckless Charge","Body Slam+1"],"picked":"SKIP","floor":23},{"not_picked":["Second Wind","Shrug It Off","Heavy Blade"],"picked":"SKIP","floor":24},{"not_picked":["Havoc","Perfected Strike","Demon Form+1"],"picked":"SKIP","floor":25},{"not_picked":["Iron Wave","Power Through","Shrug It Off"],"picked":"SKIP","floor":30},{"not_picked":["Anger+1","Pommel Strike"],"picked":"Clash","floor":31},{"not_picked":["Fiend Fire","Impervious"],"picked":"Berserk+1","floor":33},{"not_picked":["Shockwave","Sever Soul","Dark Embrace+1"],"picked":"SKIP","floor":35},{"not_picked":["Clothesline","Thunderclap","Searing Blow+1"],"picked":"SKIP","floor":37},{"not_picked":["Iron Wave","Wild Strike","Body Slam+1"],"picked":"SKIP","floor":39},{"not_picked":["Dual Wield","Shockwave","Thunderclap"],"picked":"SKIP","floor":40},{"not_picked":["Flex","Feel No Pain+1"],"picked":"Clash+1","floor":44},{"not_picked":["Thunderclap","Reaper","Heavy Blade"],"picked":"Singing Bowl","floor":47},{"not_picked":["Perfected Strike+1","True Grit+1","Anger+1"],"picked":"Singing Bowl","floor":48}],"player_experience":133374,"relics_obtained":[{"floor":7,"key":"StoneCalendar"},{"floor":9,"key":"Smiling Mask"},{"floor":9,"key":"Art of War"},{"floor":10,"key":"Girya"},{"floor":12,"key":"Omamori"},{"floor":19,"key":"Red Mask"},{"floor":23,"key":"Champion Belt"},{"floor":26,"key":"StrikeDummy"},{"floor":26,"key":"Boot"},{"floor":38,"key":"Bird Faced Urn"},{"floor":40,"key":"Anchor"},{"floor":43,"key":"Singing Bowl"},{"floor":44,"key":"Blue Candle"},{"floor":47,"key":"Regal Pillow"}],"event_choices":[{"damage_healed":0,"gold_gain":75,"player_choice":"Gather Gold","damage_taken":11,"max_hp_gain":0,"max_hp_loss":0,"event_name":"World of Goop","floor":2,"gold_loss":0},{"damage_healed":0,"gold_gain":0,"player_choice":"Grow","damage_taken":0,"max_hp_gain":0,"max_hp_loss":0,"event_name":"Living Wall","floor":5,"gold_loss":0,"cards_upgraded":["Clawfect:Clawter"]},{"damage_healed":0,"gold_gain":0,"player_choice":"Fought Bandits","damage_taken":0,"max_hp_gain":0,"max_hp_loss":0,"event_name":"Masked Bandits","floor":19,"gold_loss":0},{"damage_healed":0,"gold_gain":0,"player_choice":"Bought 3 Potions","damage_taken":0,"max_hp_gain":0,"max_hp_loss":0,"event_name":"The Woman in Blue","floor":20,"gold_loss":0},{"damage_healed":0,"gold_gain":0,"player_choice":"0 cards matched","damage_taken":0,"max_hp_gain":0,"max_hp_loss":0,"event_name":"Match and Keep!","floor":29,"gold_loss":0,"cards_obtained":[]},{"damage_healed":0,"gold_gain":0,"player_choice":"Ignored","damage_taken":0,"max_hp_gain":0,"max_hp_loss":0,"event_name":"NoteForYourself","floor":36,"gold_loss":0},{"damage_healed":0,"gold_gain":0,"player_choice":"Fight","damage_taken":0,"max_hp_gain":0,"max_hp_loss":0,"event_name":"Mysterious Sphere","floor":38,"gold_loss":0},{"damage_healed":0,"gold_gain":0,"player_choice":"1 cards matched","damage_taken":0,"max_hp_gain":0,"max_hp_loss":0,"event_name":"Match and Keep!","floor":42,"gold_loss":0,"cards_obtained":["Clash"]}],"is_beta":false,"boss_relics":[{"not_picked":["Runic Dome","Ectoplasm"],"picked":"Mark of Pain"},{"not_picked":["Velvet Choker","Black Blood"],"picked":"SacredBark"}],"items_purged_floors":[21,21,21,21,21,21,21,21,21,21,21,46],"is_endless":false,"potions_floor_spawned":[1,4,13,14,22,23,24,25,30,31,33,35,37,38,39,40,44,47,48],"ascension_level":0}}