{"host":"imzpmvgmiwu2pn30","time":1608152464,"event":{"mods":["BaseMod","Better Third Choice","Colored Powertips","Minty Spire (QoL Compilation)","Relic Stats","StSLib"],"gold_per_floor":[109,122,122,138,156,156,166,166,166,166,200,220,295,149,149,245,245,261,117,135,234,234,234,234,234,234,252,262,262,282,282,282,379,429,441,441,454,472,491,491,491,491,562,562,574,574,593,15,15,15],"floor_reached":51,"playtime":4209,"items_purged":[],"score":674,"play_id":"fdb534d8-1f86-4ee7-99dd-26ac814fba09","local_time":"20201216190104","is_ascension_mode":false,"campfire_choices":[{"data":"LikeWater","floor":6.0,"key":"SMITH"},{"data":"Vigilance","floor":8.0,"key":"SMITH"},{"data":"EmptyBody","floor":10.0,"key":"SMITH"},{"data":"1","floor":15.0,"key":"LIFT"},{"data":"2","floor":23.0,"key":"LIFT"},{"data":"3","floor":29.0,"key":"LIFT"},{"floor":32.0,"key":"REST"},{"floor":40.0,"key":"REST"},{"data":"Alpha","floor":42.0,"key":"SMITH"},{"data":"LikeWater","floor":44.0,"key":"SMITH"},{"data":"Panacea","floor":49.0,"key":"SMITH"}],"circlet_count":0,"master_deck":["Strike_P","Strike_P","Strike_P+1","Strike_P+1","Defend_P+1","Defend_P","Defend_P","Defend_P","Eruption+1","Vigilance+1","Conclude+1","Protect","EmptyMind","LikeWater+1","EmptyBody+1","ForeignInfluence+1","Sanctity","Alpha+1","CurseOfTheBell","Consecrate","Judgement","Wireheading","LikeWater+1","ThirdEye+1","EmptyFist+1","Worship+1","ReachHeaven+1","InnerPeace","ClearTheMind+1","Panacea+1","Nirvana","ThirdEye"],"relics":["PureWater","Eternal Feather","Girya","Strange Spoon","Calling Bell","Boot","Mercury Hourglass","CaptainsWheel","HandDrill","Sundial","Tiny House","Blue Candle","Gremlin Horn","Lee\u0027s Waffle","Whetstone"],"acts_visited":["Exordium","TheCity","TheBeyond"],"potions_floor_usage":[50,50,50,50,50,50],"damage_taken":[{"damage":1.0,"enemies":"Jaw Worm","floor":1.0,"turns":3.0},{"damage":0.0,"enemies":"Cultist","floor":2.0,"turns":2.0},{"damage":0.0,"enemies":"Small Slimes","floor":4.0,"turns":2.0},{"damage":4.0,"enemies":"Blue Slaver","floor":5.0,"turns":2.0},{"damage":0.0,"enemies":"Large Slime","floor":7.0,"turns":3.0},{"damage":18.0,"enemies":"3 Sentries","floor":11.0,"turns":4.0},{"damage":5.0,"enemies":"Lots of Slimes","floor":12.0,"turns":3.0},{"damage":0.0,"enemies":"Slime Boss","floor":16.0,"turns":5.0},{"damage":14.0,"enemies":"2 Thieves","floor":18.0,"turns":4.0},{"damage":20.0,"enemies":"Shell Parasite","floor":20.0,"turns":5.0},{"damage":2.0,"enemies":"Centurion and Healer","floor":27.0,"turns":6.0},{"damage":0.0,"enemies":"Snake Plant","floor":28.0,"turns":3.0},{"damage":25.0,"enemies":"3 Cultists","floor":30.0,"turns":5.0},{"damage":17.0,"enemies":"Champ","floor":33.0,"turns":10.0},{"damage":14.0,"enemies":"3 Darklings","floor":35.0,"turns":4.0},{"damage":13.0,"enemies":"3 Shapes","floor":37.0,"turns":5.0},{"damage":28.0,"enemies":"Jaw Worm Horde","floor":38.0,"turns":3.0},{"damage":4.0,"enemies":"4 Shapes","floor":39.0,"turns":4.0},{"damage":12.0,"enemies":"3 Darklings","floor":45.0,"turns":3.0},{"damage":33.0,"enemies":"Writhing Mass","floor":47.0,"turns":6.0},{"damage":77,"enemies":"Time Eater","floor":50,"turns":8}],"seed_played":"-445962160261556706","potions_obtained":[{"floor":1.0,"key":"Explosive Potion"},{"floor":2.0,"key":"SpeedPotion"},{"floor":12.0,"key":"EntropicBrew"},{"floor":30.0,"key":"SpeedPotion"},{"floor":33.0,"key":"Swift Potion"},{"floor":34.0,"key":"DistilledChaos"},{"floor":35.0,"key":"FearPotion"},{"floor":45.0,"key":"Weak Potion"},{"floor":47.0,"key":"PowerPotion"}],"is_trial":false,"path_per_floor":["M","M","?","M","M","R","M","R","T","R","E","M","?","$","R","B",null,"M","$","M","?","?","R","$","?","T","M","M","R","M","?","R","B",null,"M","?","M","M","M","R","?","R","T","R","M","?","M","$","R","B",null],"character_chosen":"WATCHER","items_purchased":["Strange Spoon","HandDrill","Lee\u0027s Waffle","EntropicBrew","Panacea","Nirvana","ThirdEye","Whetstone"],"campfire_rested":2,"item_purchase_floors":[14,19,48,48,48,48,48,48],"current_hp_per_floor":[71,71,71,71,67,67,67,67,67,72,54,49,42,42,51,51,72,58,58,38,38,38,50,50,50,50,48,48,60,35,22,57,40,82,68,68,55,27,23,62,62,77,77,82,70,70,37,89,89,12],"gold":15,"neow_bonus":"UPGRADE_CARD","is_daily":false,"chose_seed":false,"campfire_upgraded":6,"win_rate":0.0,"timestamp":1608152464,"path_taken":["M","M","?","M","M","R","M","R","T","R","E","M","?","$","R","BOSS","M","?","M","?","?","R","$","?","T","M","M","R","?","?","R","BOSS","M","?","?","M","M","R","?","R","T","R","M","?","M","$","R","BOSS"],"items_purchased_type":["Relic","Relic","Relic","Potion","Card","Card","Card","Relic"],"build_version":"2020-12-13","purchased_purges":0,"victory":true,"max_hp_per_floor":[72,72,72,72,72,72,72,72,72,72,72,72,72,72,72,72,72,72,72,72,72,72,72,72,72,72,72,72,72,72,77,77,77,82,82,82,82,82,82,82,82,82,82,82,82,82,82,89,89,89],"relic_stats":{"Strange Spoon":[29],"Lee\u0027s Waffle":52,"Gremlin Horn":[1,1],"counters":[21,89],"Sundial":[2],"Blue Candle":[0],"Eternal Feather":85,"HandDrill":[46],"Whetstone":["Strike_P","Strike_P"],"Boot":[6],"obtain_stats":[{"Girya":11,"Lee\u0027s Waffle":48,"Tiny House":34,"Gremlin Horn":43,"Blue Candle":36,"Eternal Feather":9,"Whetstone":48,"Boot":17,"Mercury Hourglass":17,"Calling Bell":17,"Strange Spoon":14,"CaptainsWheel":17,"Sundial":26,"HandDrill":19,"PureWater":0},{"Girya":6,"Lee\u0027s Waffle":20,"Tiny House":14,"Gremlin Horn":18,"Blue Candle":15,"Eternal Feather":5,"Whetstone":20,"Boot":8,"Mercury Hourglass":8,"Calling Bell":8,"Strange Spoon":7,"CaptainsWheel":8,"Sundial":10,"HandDrill":9,"PureWater":0},{"Girya":16,"Lee\u0027s Waffle":81,"Tiny House":57,"Gremlin Horn":72,"Blue Candle":61,"Eternal Feather":12,"Whetstone":81,"Boot":24,"Mercury Hourglass":24,"Calling Bell":24,"Strange Spoon":19,"CaptainsWheel":24,"Sundial":33,"HandDrill":28,"PureWater":0}],"Mercury Hourglass":[251]},"card_choices":[{"not_picked":["Perseverance","Indignation"],"picked":"Conclude","floor":1.0},{"not_picked":["ThirdEye","Swivel"],"picked":"Protect","floor":2.0},{"not_picked":["PathToVictory","SandsOfTime"],"picked":"EmptyMind","floor":4.0},{"not_picked":["Protect","Conclude"],"picked":"LikeWater","floor":5.0},{"not_picked":["Study","Crescendo"],"picked":"EmptyBody","floor":7.0},{"not_picked":["EmptyFist","CrushJoints"],"picked":"ForeignInfluence","floor":11.0},{"not_picked":["Study","Conclude"],"picked":"Sanctity","floor":12.0},{"not_picked":["Establishment","DevaForm"],"picked":"Alpha","floor":16.0},{"not_picked":["CrushJoints","JustLucky"],"picked":"Consecrate","floor":18.0},{"not_picked":["Weave","Study+1"],"picked":"Judgement","floor":20.0},{"not_picked":["PathToVictory","CutThroughFate"],"picked":"Wireheading","floor":27.0},{"not_picked":["Fasting2+1","Evaluate"],"picked":"LikeWater","floor":28.0},{"not_picked":["CutThroughFate+1","LikeWater","Fasting2"],"picked":"SKIP","floor":30.0},{"not_picked":["Brilliance","Blasphemy"],"picked":"Establishment","floor":33.0},{"not_picked":["SashWhip","Wireheading"],"picked":"ThirdEye+1","floor":34.0},{"not_picked":["CrushJoints+1","PathToVictory+1"],"picked":"EmptyFist+1","floor":35.0},{"not_picked":["Halt+1","Vengeance"],"picked":"Worship+1","floor":37.0},{"not_picked":["Conclude","EmptyMind+1"],"picked":"ReachHeaven+1","floor":38.0},{"not_picked":["Evaluate+1","WheelKick"],"picked":"InnerPeace","floor":39.0},{"not_picked":["PathToVictory+1","FlurryOfBlows+1"],"picked":"ClearTheMind+1","floor":45.0},{"not_picked":["Sanctity","TalkToTheHand+1","FollowUp"],"picked":"SKIP","floor":47.0}],"player_experience":405141,"relics_obtained":[{"floor":9.0,"key":"Eternal Feather"},{"floor":11.0,"key":"Girya"},{"floor":17.0,"key":"Boot"},{"floor":17.0,"key":"Mercury Hourglass"},{"floor":17.0,"key":"CaptainsWheel"},{"floor":26.0,"key":"Sundial"},{"floor":43.0,"key":"Gremlin Horn"}],"event_choices":[{"damage_healed":0.0,"max_hp_gain":0.0,"max_hp_loss":0.0,"gold_gain":0.0,"event_name":"Living Wall","player_choice":"Grow","floor":3.0,"gold_loss":0.0,"damage_taken":0.0,"cards_upgraded":["Conclude"]},{"damage_healed":0.0,"max_hp_gain":0.0,"max_hp_loss":0.0,"gold_gain":75.0,"event_name":"FaceTrader","player_choice":"Touch","floor":13.0,"gold_loss":0.0,"damage_taken":7.0},{"damage_healed":0.0,"max_hp_gain":0.0,"max_hp_loss":0.0,"gold_gain":99.0,"event_name":"betterThird:BetterNest","player_choice":"Steal","floor":21.0,"gold_loss":0.0,"damage_taken":0.0},{"damage_healed":0.0,"max_hp_gain":0.0,"max_hp_loss":0.0,"gold_gain":0.0,"event_name":"Ghosts","player_choice":"Ignored","floor":22.0,"gold_loss":0.0,"damage_taken":0.0},{"damage_healed":0.0,"max_hp_gain":0.0,"max_hp_loss":0.0,"gold_gain":0.0,"event_name":"Accursed Blacksmith","player_choice":"Forge","floor":25.0,"gold_loss":0.0,"damage_taken":0.0,"cards_upgraded":["ForeignInfluence"]},{"damage_healed":0.0,"max_hp_gain":5.0,"max_hp_loss":0.0,"gold_gain":0.0,"event_name":"Forgotten Altar","player_choice":"Shed Blood","floor":31.0,"gold_loss":0.0,"damage_taken":18.0},{"damage_healed":0.0,"max_hp_gain":0.0,"max_hp_loss":0.0,"gold_gain":0.0,"event_name":"WeMeetAgain","player_choice":"Gave Potion","floor":36.0,"gold_loss":0.0,"damage_taken":0.0,"relics_obtained":["Blue Candle"]},{"damage_healed":0.0,"max_hp_gain":0.0,"max_hp_loss":0.0,"gold_gain":0.0,"event_name":"Mysterious Sphere","player_choice":"Ignored","floor":41.0,"gold_loss":0.0,"damage_taken":0.0},{"cards_removed":["Establishment"],"damage_healed":0.0,"max_hp_gain":0.0,"max_hp_loss":0.0,"gold_gain":0.0,"event_name":"Falling","player_choice":"Removed Power","floor":46.0,"gold_loss":0.0,"damage_taken":0.0}],"is_beta":false,"boss_relics":[{"not_picked":["Busted Crown","Black Star"],"picked":"Calling Bell"},{"not_picked":["Pandora\u0027s Box","Snecko Eye"],"picked":"Tiny House"}],"items_purged_floors":[],"is_endless":false,"potions_floor_spawned":[1,2,12,30,33,35,45,47],"ascension_level":0}}